3044 5194
346 369 388 424 ao
747 357 832 424 rm
852 359 952 422 mvn

182 524 317 580 matta.
350 539 370 581 a
384 516 524 594 cornibus
537 538 547 596 ς
574 527 606 580 et
620 515 763 600 amplecti
778 515 1022 600 hostiamaciem
1041 513 1134 599 (quod
1149 513 1181 578 in
1196 511 1392 578 multitudine

182 592 321 644 ΝΜ·
350 606 490 678 adversus
514 602 747 690 pancossacile·
761 602 929 684 videbatur)
954 603 1056 666 conati
1075 614 1154 666 sunt.
1198 599 1235 676 Id
1249 601 1301 672 ubi
1315 599 1393 664 vidit

351 705 472 779 praetor,
486 705 564 756 utet
579 685 643 775 ipse
659 691 799 754 dilataret
818 691 927 768 aciem,
946 690 1020 752 duas
1034 689 1168 771 legiones
1191 709 1238 760 ex,
1248 688 1399 750 subsidiis·

352 781 461 844 dextra
474 779 606 860 laevaque
621 777 686 855 alae,
705 798 770 859 quae
785 777 816 839 in
831 777 930 859 prima
945 777 1010 838 acie
1024 775 1189 858 pugnabat,
1212 775 1399 852 circumdat·

351 871 377 908 ⁹¹
390 867 546 949 aedemque
567 865 635 928 Deo
657 862 727 926 Jovi
749 865 841 942 vovit,
864 863 889 924 si
911 884 949 926 eo
976 863 1025 926 die
1050 863 1152 926 hostes
1177 861 1313 924 fudisset.
1357 859 1401 924 L:

351 950 473 1016 Valerio
488 954 627 1036 imperat,
650 953 677 990 ⁹²
689 961 723 1012 ut
737 960 824 1034 parte
839 949 965 1013 duarum
981 949 1135 1030 legionum
1150 950 1280 1030 equites,
1295 948 1399 1016 altera

351 1040 503 1103 sociorum
525 1039 692 1120 equitatum
715 1037 746 1099 in
770 1057 886 1099 cornua
900 1037 1033 1100 hostium
1056 1036 1189 1115 emittat,
1213 1057 1270 1098 nec
1293 1035 1399 1126 ⁹⁸cir·.

351 1127 490 1190 cumireu
516 1123 691 1200 eos-,aciem
717 1123 861 1208 patiatur.
892 1123 980 1186 simul
994 1135 1028 1186 et
1049 1124 1114 1208 ipsc
1136 1135 1171 1185 ut
1196 1130 1400 1185 extenuatam

351 1212 482 1275 mediam
499 1210 636 1274 deductis
661 1211 799 1274 cornibus
826 1210 923 1280 aciem
946 1207 1104 1272 Gallorum
1126 1210 1212 1288 vidit,
1235 1209 1325 1292 signa
1346 1209 1394 1270 in·

350 1298 427 1360 ferre
455 1296 608 1360 confertos
634 1297 757 1376 milites,
784 1308 816 1359 et
838 1316 1031 1380 perrumpere
1058 1296 1178 1360 ordines
1201 1294 1300 1379 jubet.
1322 1308 1327 1317 ’
1347 1294 1394 1364 Et

349 1406 466 1458 cornua
480 1385 519 1445 ab
534 1383 696 1465 equitibus,
706 1395 738 1446 et
749 1383 842 1445 medii
854 1405 874 1446 a
886 1382 989 1466 pedite
1001 1383 1089 1465 pulsi.
1102 1405 1138 1446 ac
1153 1395 1289 1466 repente,
1301 1403 1393 1465 quum

350 1472 434 1532 omni
457 1481 544 1555 parte
566 1468 648 1532 cade
675 1469 792 1552 ingenti
816 1480 1031 1549 atemerentur,
1058 1465 1137 1532 Galli
1160 1483 1247 1551 terga
1261 1481 1401 1546 vertunt,¹

350 1558 482 1640 fugaque
495 1555 602 1618 —effuaa
627 1567 769 1638 repetunt
791 1568 901 1626 castra.
924 1557 1075 1638 fugientes
1096 1567 1267 1640 persecutus
1287 1565 1392 1637 eques,

350 1663 425 1705 mox
440 1654 472 1705 et
486 1641 623 1724 legiones
637 1642 781 1706 insecuta
795 1643 829 1703 in
843 1655 943 1707 castra
956 1644 1094 1726 inpetum
1110 1642 1256 1706 fecerunt.
1287 1639 1394 1706 Minue

351 1749 406 1792 sex
420 1728 517 1790 millia
531 1729 691 1791 hominurn
706 1729 777 1790 inde
792 1729 971 1812 effugerunt.
991 1750 1068 1792 casa
1089 1740 1166 1792 aut‘
1189 1739 1280 1812 capta
1303 1737 1403 1811 supra

351 1816 484 1897 quinque
500 1825 532 1875 et
546 1815 673 1896 triginta
687 1815 784 1877 millia
797 1836 866 1877 cum
877 1816 970 1897 signis
981 1815 1160 1878 militaribus
1171 1816 1395 1898 septuaginta¹‚

352 1901 505 1986 carpentis
519 1897 769 1980 Gallicis‚'multa
782 1901 884 1983 paeda
899 1902 1040 1980 oneratis,
1051 1902 1119 1986 plus
1135 1902 1284 1966 ducentis.
1327 1899 1394 1964 Ha·

351 1989 458 2050 milcar
472 1987 546 2064 dux
568 1985 678 2050 Poenus
704 2009 742 2049 eo
764 1987 1016 2069 proelio-cecidit,
1047 2001 1080 2050 et
1106 2001 1167 2050 tres
1194 1989 1393 2070 imperatores

351 2075 469 2138 nobiles
484 2069 652 2136 Gallorum.
680 2071 848 2135 Placentini
864 2073 974 2156 captivi
991 2073 1030 2135 ad
1044 2073 1105 2137 duo
1120 2074 1216 2138 millia
1232 2075 1394 2138 liberorum

353 2162 489 2244 capitum
505 2159 616 2221 redditi
632 2159 756 2223 colonis.
1400 2171 1405 2181 '

394 2244 498 2318 XXll.
520 2243 639 2328 Magna
651 2246 779 2310 victoria
793 2245 921 2329 lataque
937 2246 1042 2312 Roma
1065 2248 1133 2312 luit.
1156 2250 1251 2312 literis
1275 2249 1395 2328 adlatis,

352 2333 541 2418 supplicatio*
550 2333 583 2395 in
598 2332 732 2396 triduum
748 2333 872 2397 decreta
887 2345 942 2398 eat.
964 2333 1171 2400 Romanorum
1183 2338 1395 2419 sociorumque

354 2419 394 2482 ad
409 2420 470 2482 duo
485 2419 582 2482 millia
597 2440 634 2480 eo
657 2420 764 2501 proelio
787 2421 982 2486 ceciderunt:
1012 2422 1132 2506 plurimi
1148 2423 1261 2488 dextra
1276 2425 1353 2503 alas
1364 2425 1397 2486 in

356 2525 446 2587 quam
461 2507 560 2590 primo
574 2505 681 2588 inpetu
694 2505 739 2568 vis
755 2507 1004 2586 ingenshostium
1016 2509 1114 2572 inlata
1125 2524 1181 2574 est.
1205 2509 1397 2594 Quamquam

354 2613 409 2676 per
423 2604 583 2676 pretorem
597 2612 693 2676 prope
709 2593 892 2656 debellatum
907 2606 983 2674 erat,
994 2596 1098 2658 consul
1113 2616 1231 2680 quoqne
1246 2595 1283 2660 C.
1297 2597 1408 2660 Aure-.

355 2678 424 2758 lius,
435 2678 588 2764 perlectis,
607 2693 672 2760 quae
686 2677 792 2741 Roma
807 2681 927 2763 agenda
941 2681 1082 2761 fuerant,
1092 2683 1246 2765 proiectus
1267 2683 1299 2746 in
1322 2681 1397 2745 Gal·

188 2766 441 2862 senapariam,
463 2766 610 2838 victorem
635 2766 801 2828 exercitum
817 2788 837 2828 a
859 2779 985 2850 praetore
1006 2770 1136 2851 accepit.
1179 2769 1294 2834 Consul
1309 2769 1398 2848 alter,

357 2873 450 2938 quum
470 2866 617 2916 autumno
639 2851 734 2915 senne
756 2854 916 2924 exactoin
938 2856 1124 2939 provinciam
1144 2858 1285 2938 recuset,
1317 2857 1400 2919 circa

356 2937 552 3024 Apolloniam
578 2939 769 3002 hibernabat.
796 2940 835 3001 ab
858 2941 964 3020 classe,
998 2963 1063 3024 quae
1086 2941 1224 3028 Corcyra
1247 2944 1400 3006 subducta

189 3047 337 3098 arumde·
358 3039 435 3105 erat,
457 3025 502 3094 C„
516 3024 661 3090 Claudius
679 3026 876 3108 triremesque
899 3018 1169 3110 Romana,'(sicut
1191 3041 1264 3094 ante
1280 3030 1409 3092 dictum.

190 3114 269 3165 lenae.

358 3115 418 3194 est)
435 3111 572 3176 Athenas
585 3112 694 3191 missa,
709 3133 802 3196 quum
817 3111 962 3176 Piraeum
976 3117 1191 3198 pervenissent,
1203 3116 1410 3202 desponden-r

358 3202 439 3265 tibus
449 3197 515 3282 jam
537 3199 654 3265 animos
680 3198 769 3262 sociis
793 3220 877 3283 spem
898 3199 1053 3285 ingentem
1080 3203 1258 3266 adtulerunt
1281 3212 1410 3266 namet·

358 3297 515 3353 terrestres
538 3287 577 3348 ab
603 3284 763 3365 Corintho,
788 3305 853 3367 quae
878 3308 931 3370 per
963 3286 1125 3371 Megaram
1155 3289 1340 3353 incursiones
1366 3277 1412 3352 ini

359 3396 447 3459 agros
462 3373 525 3436 fieri
540 3372 746 3450 collacerant,
759 3393 823 3435 non
837 3373 951 3436 fiebant
956 3397 967 3453 3
992 3386 1024 3438 et
1037 3375 1213 3459 praedonum
1225 3375 1411 3461 aChalcide:

360 3482 463 3540 naves,
483 3481 549 3542 qua
563 3480 625 3522 noa
639 3479 722 3522 mare
737 3459 836 3522 solum
852 3459 1007 3542 infestum,
1028 3461 1190 3538 sedetiam
1208 3483 1314 3526 ornnes
1332 3483 1397 3524 ma·

393 3668 686 3724 emmenum..
805 3669 1023 3725 *rrGroacrea
1158 3659 1369 3742 reroguussat,

392 3821 658 3894 medaucum-loct]
684 3821 864 3880 Meadumletet
895 3832 1137 3886 minume-ror.
1170 3833 1402 3900 Poenisquoquecann

360 3889 385 3940 in
395 3893 509 3948 vocadeo,
521 3907 589 3955 quam
608 3893 730 3957 adjungere
747 3893 798 3944 Jooa'
813 3911 863 3944 orn·
895 3895 972 3947 Henr.
988 3899 1083 3948 Valerio
1092 3899 1181 3960 legare:
1202 3905 1310 3965 edemqru
1318 3901 1402 3963 upote.

360 3957 416 4006 nino
447 3971 640 4022 supermeaneam
673 3969 716 4008 est.
759 3962 864 4020 sigonius
894 3961 987 4026 Jupiter
1007 3965 1068 4013 enim
1090 3963 1175 4028 Diiooir
1198 3977 1223 4016 et
1245 3963 1356 4028 Diespiter-
1372 3968 1401 4016 rb

361 4023 468 4072 emendat
493 4025 587 4086 mee
606 4024 662 4072 duct
680 4024 739 4072 lori.
777 4025 866 4077 Revera
897 4027 995 4089 antiquis
1006 4029 1130 4080 dicebatur.
1367 4051 1371 4062 ·

360 4088 424 4135 eninr
440 4087 642 4148 meatiolitlafra,
651 4089 669 4137 1.
682 4100 773 4138 xxxiv,
789 4107 809 4139 c.
825 4093 865 4140 53.
928 4091 1078 4160 allevem]
1094 4096 1254 4146 Utabalrers
1264 4107 1337 4162 parre.
1369 4095 1415 4144 lit·

361 4151 429 4200 anina
447 4153 502 4199 aar·
526 4153 636 4206 dedicatae
660 4153 712 4202 Jori
734 4154 765 4209 in,
783 4153 867 4215 insalr,
896 4157 1063 4207 vellemcauon
1079 4161 1208 4210 retulisse
1226 4161 1354 4212 Gronoviu
1372 4161 1403 4207 τὸ

362 4231 413 4276 qun
430 4227 485 4264 vota
506 4217 575 4267 aune
600 4219 683 4270 ibidem
704 4218 787 4268 datur
805 4235 819 4267 a
838 4220 864 4271 1..
896 4223 1281 4286 alteru,qaodediribabebnnr‚et
1299 4239 1417 4276 nem-¹

360 4279 879 4345 FurioPutpueonapmtoraGallicobelloq·
897 4288 957 4335 rium
986 4289 1082 4347 ridetur,
1108 4291 1163 4340 licat
1191 4294 1272 4357 scripti
1300 4295 1360 4356 elau,
1378 4300 1404 4336 et

360 4361 389 4394 ac
399 4360 477 4394 rursus
486 4345 502 4393 l.
512 4357 595 4395 xxxv.
605 4363 626 4396 c.
636 4351 676 4398 ⁴1.
687 4349 741 4398 aaa
757 4349 867 4399 dedicata
898 4347 989 4404 Victor.
1000 4369 1091 4416 quoqne
1100 4355 1169 4416 liber,
1181 4357 1240 4406 illud
1251 4359 1364 4420 ignorent.

360 4409 415 4459 leri
441 4409 465 4460 in
492 4409 613 4473 Capitolio,
639 4427 707 4475 quarn
730 4414 810 4468 itidem
838 4416 866 4465 L.
915 4417 951 4468 ,ω
964 4417 1096 4484 cimam]
1124 4421 1165 4474 Sic
1183 4423 1264 4488 scripti
1282 4435 1405 4472 cocunea

361 4475 445 4528 Furiae
462 4473 579 4538 Purpureo
599 4476 788 4542 pretoerllko
804 4479 866 4534 bello
897 4479 1172 4545 vulgatorum.-
1262 4519 1291 4542 ,ι
1329 4519 1334 4529 ·
1359 4517 1364 4528 ·
1409 4514 1418 4527 ·
