3136 5196
355 365 425 426 Μ’
781 363 865 424 mur
885 360 986 424 mvn

168 571 170 574 .
217 501 330 616 yffi·
401 516 441 582 V.
464 517 597 602 Magnus
620 508 713 603 pavor
738 539 774 584 ac
799 507 957 599 tumultus,
978 509 1067 584 utin
1090 541 1124 583 re
1151 521 1314 604 inprovisa,
1338 523 1412 587 init.

215 601 221 617 ⁸
256 599 264 616 '
322 599 331 617 ’
357 607 546 674 constantius
562 616 675 683 tamen,
691 625 782 688 quam
806 607 872 687 quis
887 607 1021 670 facturos
1043 607 1191 687 crederet,
1207 609 1239 670 in
1255 619 1319 672 taur
1333 612 1409 672 snb·

358 694 403 756 ito
431 693 576 775 periculo,
601 712 693 773 quum
721 692 776 752 viri
806 704 1043 776 propugnarent,
1069 693 1188 756 feminae
1214 695 1279 758 tela
1304 698 1408 758 omnis

356 779 475 862 generis
497 799 630 859 saxaque
651 779 683 838 in
706 799 808 840 muros
822 791 970 860 gererent,
993 779 1294 862 jam‘rnultifariam
1313 783 1409 845 scalis

297 873 298 880 ’
357 865 514 948 adpositis,
529 865 634 926 urbem
650 885 688 926 eo
708 865 758 927 die
778 866 989 928 defenderunt.
1050 865 1176 946 Acilius,
1191 869 1281 950 signo
1295 889 1410 953 recep·

356 953 402 1013 tui
424 952 508 1027 dato,
524 972 593 1013 suos
617 952 649 1013 in
672 961 773 1013 castra
794 953 897 1014 medio
921 952 1016 1014 ferme
1039 953 1089 1014 die
1111 954 1247 1016 reduxit:
1276 967 1312 1019 et
1328 966 1407 1019 tune

352 1039 425 1099 cibo
438 1048 470 1099 et
485 1039 587 1118 quiete
602 1037 724 1099 reiectis
738 1039 925 1120 corporibus,
940 1040 1115 1120 priusquam
1132 1042 1157 1082 ¹⁸
1167 1043 1343 1124 pretorium
1355 1043 1407 1104 di·

354 1124 501 1202 mitteret,
510 1125 716 1202 denunciavit,
728 1125 782 1186 ‘ut
796 1135 867 1186 ante
879 1125 980 1186 lucem
996 1127 1105 1187 armati
1116 1127 1276 1208 paratique
1290 1141 1405 1190 essent.

351 1210 365 1243 ⁴
378 1209 436 1271 nisi
447 1203 622 1293 expugnata
636 1210 720 1286 urbe,
733 1231 765 1272 se
780 1231 833 1272 eos
849 1212 880 1272 iu
897 1222 997 1272 castra
1010 1231 1073 1272 non
1086 1212 1302 1274 reducturum!
1337 1213 1404 1276 Eo-

353 1295 425 1357 dem
441 1307 588 1379 tempore,
604 1315 665 1378 quo
680 1296 788 1378 pridie,
804 1296 939 1378 pluribus
960 1297 1035 1360 locis
1051 1298 1221 1379 adgressus,
1236 1320 1329 1381 quum
1345 1321 1403 1384 op-

355 1382 484 1463 pidanos
494 1381 561 1464 jam
575 1383 663 1460 vires,
674 1381 742 1462 jam
757 1383 829 1460 tela,
847 1381 914 1464 jam
936 1394 1010 1446 ante
1029 1383 1134 1444 omnia
1154 1386 1274 1446 animus
1287 1386 1402 1448 delice-

353 1479 412 1545 ret,
427 1468 508 1528 intra
521 1489 633 1549 paucas
650 1469 740 1530 horas
756 1471 861 1531 urbem
880 1471 975 1552 cepit.
1034 1468 1091 1547 lbi,
1106 1471 1218 1551 partim
1234 1472 1402 1550 divendita,

354 1553 469 1635 partim
496 1553 591 1635 divisa
613 1554 725 1636 praeda,
752 1556 912 1616 consilium
937 1556 1087 1633 habitum,
1113 1556 1188 1636 quid
1216 1556 1327 1619 deinde
1353 1557 1399 1618 la·

243 1685 246 1693 .
353 1651 446 1700 ceret.
520 1637 644 1701 Nemini
676 1641 714 1702 ad
741 1639 937 1723 Naupactum
964 1643 1000 1703 iri
1029 1642 1157 1723 placuit,
1184 1655 1334 1724 occupato
1361 1643 1400 1706 ad

354 1724 504 1786 Coracem
520 1727 559 1787 ab
574 1723 687 1788 AEtolis
702 1727 793 1788 saltu.
816 1748 854 1788 ne
877 1738 979 1789 tamen
1002 1728 1110 1810 segnia
1123 1728 1227 1790 aestiva
1242 1741 1352 1808 essent,
1369 1741 1402 1791 et

278 1824 282 1828 ·
353 1808 452 1873 AEtoli
479 1832 541 1876 nun
567 1812 763 1894 impetratam
789 1833 896 1896 pacem
927 1815 965 1876 ab
991 1824 1098 1875 senatu
1124 1815 1321 1879 nihilominus
1345 1836 1403 1898 per

354 1917 441 1960 suam
467 1899 694 1960 cunctationem
725 1900 883 1977 haberent,
908 1901 1086 1981 obpugnare
1110 1899 1228 1962 Acilius
1251 1900 1400 1982 Amphis-

354 2004 420 2046 sam
443 1985 562 2046 statuit.
588 1984 627 2046 ab
649 1983 801 2046 Heraclea
824 2007 878 2066 per
897 1985 1009 2048 Oetam
1034 1986 1185 2048 exercitus
1210 2008 1261 2049 eos
1276 1989 1398 2049 ductus.

354 2071 456 2144 Quum
482 2071 521 2132 ad
545 2071 660 2132 moenia
685 2083 786 2132 castra
807 2072 968 2152 posuisset,
994 2093 1056 2134 non
1082 2093 1204 2149 corona,
1228 2073 1303 2134 sieut
1329 2070 1393 2136 La-

353 2159 458 2235 miam,
475 2157 529 2219 sed
544 2157 682 2240 operibus
698 2158 875 2239 obpugnare
889 2159 994 2220 urbem
1009 2170 1057 2220 est
1072 2159 1206 2221 adortus.
1255 2157 1395 2220 Pluribus

354 2244 443 2306 simul
465 2243 541 2322 locis
562 2244 640 2305 aries
664 2237 897 2322 admovebatur3
929 2257 961 2307 et
982 2265 1075 2326 quum
1097 2254 1288 2328 quaterentur
1306 2245 1399 2324 muri,

257 2351 259 2356 ’
354 2331 431 2394 nihil
453 2330 593 2392 adversus
610 2333 634 2370 ¹⁹
647 2330 709 2392 tale
729 2330 964 2394 machinationis
979 2330 1098 2412 fgenus
1113 2351 1231 2413 parare,
1246 2343 1300 2394 aut
1313 2351 1402 2396 eoru-

356 2415 475 2478 minisci
492 2417 641 2498 ,oppidani
664 2417 863 2478 conabantur.
884 2417 982 2480 omnis
1002 2438 1070 2500 spes
1093 2419 1124 2480 in
1149 2418 1241 2478 armis
1256 2431 1289 2480 et
1303 2417 1401 2480 auda·

356 2504 404 2564 cia
427 2513 502 2564 erat.
524 2502 758 2584 emptionibuslt
770 2504 881 2566 crebris
904 2515 936 2566 et
959 2505 1106 2566 stationes
1128 2504 1274 2583 hostium,
1295 2516 1328 2566 et
1348 2526 1402 2567 eos

353 2589 445 2672 ipsos,
462 2589 513 2669 qui
529 2589 611 2650 circa
625 2609 719 2672 opera
734 2601 766 2651 et
781 2591 936 2652 machinas
951 2602 1048 2667 erant,
1064 2591 1240 2653 turbabant.

188 2672 341 2751 tatano-
400 2672 454 2736 Vl.
482 2672 591 2737 hlultis
615 2686 719 2737 tamen
741 2676 817 2737 locis
836 2697 939 2738 murus
960 2676 1102 2739 decussus
1121 2689 1198 2754 erat,
1224 2697 1317 2757 quum
1345 2677 1400 2738 ad·

184 2750 287 2851 :xm
302 2754 340 2789 ’θ’
353 2762 449 2823 latum
476 2773 534 2839 est,
563 2781 779 2838 successorem,
804 2761 974 2844 Apolloniae
1003 2764 1144 2845 exposito
1173 2763 1321 2835 exercitu,
1347 2783 1403 2844 per

224 2837 230 2852 '
353 2847 478 2930 Epirum
504 2867 541 2910 ac
560 2846 750 2910 Thessaliam
773 2849 887 2911 venire.
954 2852 982 2888 ⁹⁰
999 2845 1077 2910 Cum
1100 2849 1247 2912 tredecim
1268 2849 1402 2910 millibus

354 2934 490 3016 peditum
515 2945 548 2996 et
572 2934 744 3016 quingentis
764 2935 915 3015 equitibus
938 2936 1044 3002 consul
1065 2935 1215 3001 veniebat.
1273 2933 1347 2998 Jam
1368 2937 1401 2998 in

354 3021 453 3082 sinum
469 3017 637 3082 Maliacum
660 3031 799 3082 venerat:
831 3033 863 3082 et
885 3022 1046 3103 praemissis
1065 3018 1231 3105 Hypatam,
1259 3023 1309 3101 qui
1337 3033 1401 3083 tra-

354 3107 425 3169 dere
447 3108 553 3170 urbem
578 3105 735 3188 juberent,
759 3119 920 3188 postquam
943 3128 1121 3189 responsum
1146 3120 1204 3186 est,
1229 3107 1317 3187 nihil,
1341 3107 1400 3168 nisi

236 3243 243 3256 .
354 3213 394 3254 ex
408 3195 562 3259 communi
576 3191 752 3260 AEtolorum
775 3193 909 3272 decreto,
925 3195 1074 3257 facturos:
1102 3215 1141 3258 ne
1162 3205 1282 3256 teneret
1297 3214 1330 3268 se
1345 3195 1403 3256 ob·

355 3282 502 3360 pugnatio
532 3278 673 3364 Hypata,
710 3279 846 3342 nondum
876 3280 1042 3362 Amphissa
1078 3292 1211 3363 receptu,
1244 3281 1402 3363 premisso

354 3365 445 3426 fratre
467 3366 625 3444 Africano,
645 3365 842 3448 Amphissam
868 3366 962 3428 ducit.
1022 3363 1085 3428 Sub
1106 3367 1270 3429 aduentum
1296 3385 1403 3431 eorum

354 3451 511 3532 oppidani,
535 3453 644 3514 relicta
664 3452 750 3532 urbe,
774 3449 853 3534 (jam
876 3453 958 3517 enim
980 3457 1093 3534 magna
1114 3473 1153 3514 ax
1175 3464 1262 3535 parte
1284 3453 1403 3516 nudata

355 3536 506 3597 moenibus
521 3537 597 3616 erat)
617 3537 648 3598 in
663 3559 775 3617 arcem,
790 3559 882 3620 quarn
906 3539 1173 3622 inexpugnabilem
1193 3540 1320 3618 hubent,
1334 3560 1405 3602 ouu-

355 3642 410 3682 nes
432 3623 540 3683 armati
565 3633 657 3702 atqua
681 3624 811 3688 inermes
832 3645 1020 3688 concessere.
1086 3624 1200 3687 Consul
1224 3643 1279 3686 sex
1307 3625 1403 3688 millia

257 3721 262 3734 ·
305 3748 315 3759 -
355 3707 450 3770 ferme
476 3713 620 3790 passuum
648 3709 722 3772 inde
752 3711 854 3794 posuit
881 3723 990 3774 castra.
1017 3731 1055 3773 eo
1081 3711 1174 3792 legati
1199 3711 1405 3776 Athenienses

355 3797 488 3878 primum
512 3795 551 3857 ad
575 3791 609 3857 P.
632 3793 820 3879 Scipionem,
844 3817 1048 3879 praegressum=
1067 3818 1189 3878 agmen,
1215 3797 1309 3879 (sicut
1331 3807 1406 3859 mite

387 3921 456 3982 ejus
466 3919 511 3969 dcl.
523 3919 597 3970 Groo.
607 3919 677 3970 Creu.
757 3919 1017 3986 ‘oprgmtunucraa
1071 3915 1073 3922 ⁴
1093 3919 1372 3987 'mmmm'

388 4026 410 4060 ¹⁸
422 4025 575 4076 'Pretorium
592 4026 723 4090 dimitteret]
747 4027 802 4076 Vid.
811 4039 862 4076 not.
897 4027 1063 4092 exhibebaqtc'
1076 4030 1137 4078 circs
1147 4043 1212 4092 qreru
1227 4037 1249 4076 st
1261 4027 1405 4078 mutatu·

358 4091 397 4142 47.
407 4093 435 4139 ad
446 4105 502 4142 xxr.
513 4097 553 4141 5⁴.
895 4109 932 4142 aas
941 4103 1013 4151 orat,
1021 4108 1068 4142 noa
1078 4091 1197 4145 muchium.
1221 4093 1267 4142 Sed
1274 4105 1354 4158 pamm
1366 4093 1403 4140 iu·

392 4154 412 4194 ¹⁹
424 4155 476 4204 rau
491 4157 660 4218 oppugnationis
670 4155 754 4220 genus]
768 4155 806 4204 sie
819 4153 863 4202 hs·
895 4170 976 4206 teresi.

359 4219 626 4285 berercrlptortestatur
637 4221 773 4270 Gronovius.
803 4220 863 4268 Vul-
916 4222 1028 4272 *weram
1049 4223 1151 4276 undecim
1175 4222 1271 4272 millibus
1290 4220 1401 4286 prauus]

359 4299 389 4346 go
400 4286 574 4334 machinatoris.-
594 4303 646 4349 quse
656 4303 701 4334 vox
715 4287 758 4334 etsi
772 4285 865 4336 tolerari
897 4287 935 4336 Slc
951 4287 1080 4338 emendarit
1090 4287 1204 4354 Sigarriur.
1249 4289 1328 4336 Antea
1337 4287 1403 4348 lege-

360 4351 542 4413 poterst,miuus
558 4361 637 4400 tamen
652 4349 800 4402 idoneahuic
814 4352 865 4400 loco
897 4353 964 4404 bturr
991 4368 1042 4400 cunr
1069 4351 1139 4406 tribur
1166 4351 1265 4402 millibus
1289 4353 1403 4414 peditem

360 4415 408 4462 vira
427 4423 470 4461 est.
516 4416 588 4463 Paulo
606 4417 666 4464 inira
684 4417 756 4464 iidem
775 4417 866 4466 codices
897 4417 966 4476 mals,
983 4417 1138 4470 ut'conttabit
1152 4417 1267 4486 superiora
1277 4416 1406 4484 1110εέῠᾶ-

361 4477 511 4538 Gronoriani,
521 4481 681 4530 concutiente
692 4492 770 4530 notro
777 4479 865 4531 Victor.
897 4482 948 4532 bur.
