<?xml version="1.0" encoding="UTF-8"?>
<!DOCTYPE html PUBLIC "-//W3C//DTD XHTML 1.0 Transitional//EN"
    "http://www.w3.org/TR/xhtml1/DTD/xhtml1-transitional.dtd">
<html xmlns="http://www.w3.org/1999/xhtml" xml:lang="en" lang="en">
 <head>
  <title>
</title>
<meta http-equiv="Content-Type" content="text/html;charset=utf-8" />
  <meta name='ocr-system' content='tesseract 3.04.00' />
  <meta name='ocr-capabilities' content='ocr_page ocr_carea ocr_par ocr_line ocrx_word'/>
</head>
<body>
  <div class='ocr_page' id='page_1' title='image "./tliviipatavinih00grongoog_0293.png"; bbox 0 0 3080 5196; ppageno 0'>
   <div class='ocr_carea' id='block_1_1' title="bbox 420 383 1163 465">
    <p class='ocr_par' dir='ltr' id='par_1_1' title="bbox 420 383 1163 465">
     <span class='ocr_line' id='line_1_1' title="bbox 420 383 1163 465; baseline 0.012 -9"><span class='ocrx_word' id='word_1_1' title='bbox 420 396 500 456; x_wconf 84' lang='lat' dir='ltr'>nra.</span> <span class='ocrx_word' id='word_1_2' title='bbox 519 383 679 460; x_wconf 69' lang='lat' dir='ltr'>xxxvii.</span> <span class='ocrx_word' id='word_1_3' title='bbox 698 399 782 462; x_wconf 82' lang='lat' dir='ltr'>err.</span> <span class='ocrx_word' id='word_1_4' title='bbox 804 402 873 462; x_wconf 90' lang='lat' dir='ltr'>vu.</span> <span class='ocrx_word' id='word_1_5' title='bbox 1104 409 1163 465; x_wconf 84' lang='lat' dir='ltr'>aas</span> 
     </span>
    </p>
   </div>
   <div class='ocr_carea' id='block_1_2' title="bbox 45 539 1325 3566">
    <p class='ocr_par' dir='ltr' id='par_1_2' title="bbox 45 539 1325 3566">
     <span class='ocr_line' id='line_1_2' title="bbox 116 539 1325 643; baseline 0.012 -33"><span class='ocrx_word' id='word_1_6' title='bbox 116 547 233 612; x_wconf 89' lang='lat' dir='ltr'>dietum</span> <span class='ocrx_word' id='word_1_7' title='bbox 258 547 319 631; x_wconf 87' lang='lat' dir='ltr'>est)</span> <span class='ocrx_word' id='word_1_8' title='bbox 347 539 457 614; x_wconf 87' lang='lat' dir='ltr'>deinde</span> <span class='ocrx_word' id='word_1_9' title='bbox 481 541 518 616; x_wconf 81' lang='lat' dir='ltr'>ad</span> <span class='ocrx_word' id='word_1_10' title='bbox 543 556 700 618; x_wconf 87' lang='lat' dir='ltr'>consulem</span> <span class='ocrx_word' id='word_1_11' title='bbox 719 567 878 636; x_wconf 84' lang='lat' dir='ltr'>venerunt,</span> <span class='ocrx_word' id='word_1_12' title='bbox 894 557 1091 642; x_wconf 75' lang='lat' dir='ltr'><strong>deprecantes</strong></span> <span class='ocrx_word' id='word_1_13' title='bbox 1104 579 1163 643; x_wconf 93' lang='lat' dir='ltr'>pro</span> <span class='ocrx_word' id='word_1_14' title='bbox 1177 553 1252 630; x_wconf 64' lang='lat' dir='ltr'>tic.</span> <span class='ocrx_word' id='word_1_15' title='bbox 1263 581 1325 634; x_wconf 66' lang='lat' dir='ltr'>aaa·</span> 
     </span>
     <span class='ocr_line' id='line_1_3' title="bbox 113 633 1317 728; baseline 0.007 -30"><span class='ocrx_word' id='word_1_16' title='bbox 113 633 239 698; x_wconf 86' lang='lat' dir='ltr'>AEtolis.</span> <span class='ocrx_word' id='word_1_17' title='bbox 285 637 472 702; x_wconf 87' lang='lat' dir='ltr'>Clementius</span> <span class='ocrx_word' id='word_1_18' title='bbox 496 653 673 726; x_wconf 84' lang='lat' dir='ltr'>responsum</span> <span class='ocrx_word' id='word_1_19' title='bbox 698 643 737 704; x_wconf 91' lang='lat' dir='ltr'>ab</span> <span class='ocrx_word' id='word_1_20' title='bbox 760 642 906 706; x_wconf 79' lang='lat' dir='ltr'>Africano</span> <span class='ocrx_word' id='word_1_21' title='bbox 920 645 1076 708; x_wconf 84' lang='lat' dir='ltr'>tulenrutr</span> <span class='ocrx_word' id='word_1_22' title='bbox 1098 646 1163 728; x_wconf 90' lang='lat' dir='ltr'>qui,</span> <span class='ocrx_word' id='word_1_23' title='bbox 1177 641 1250 693; x_wconf 68' lang='lat' dir='ltr'>Ml·</span> <span class='ocrx_word' id='word_1_24' title='bbox 1262 645 1317 694; x_wconf 77' lang='lat'>19⁰·</span> 
     </span>
     <span class='ocr_line' id='line_1_4' title="bbox 114 725 1164 812; baseline 0.01 -29"><span class='ocrx_word' id='word_1_25' title='bbox 114 725 140 762; x_wconf 82' lang='lat'>²¹</span> <span class='ocrx_word' id='word_1_26' title='bbox 156 743 294 785; x_wconf 86' lang='lat' dir='ltr'>caussam</span> <span class='ocrx_word' id='word_1_27' title='bbox 310 725 497 806; x_wconf 89' lang='lat' dir='ltr'>relinquendi</span> <span class='ocrx_word' id='word_1_28' title='bbox 513 728 642 790; x_wconf 80' lang='lat' dir='ltr'>honeste</span> <span class='ocrx_word' id='word_1_29' title='bbox 656 726 786 791; x_wconf 88' lang='lat' dir='ltr'>AEtolici</span> <span class='ocrx_word' id='word_1_30' title='bbox 801 731 874 792; x_wconf 89' lang='lat' dir='ltr'>belli</span> <span class='ocrx_word' id='word_1_31' title='bbox 890 749 1034 812; x_wconf 82' lang='lat' dir='ltr'>quaereus,</span> <span class='ocrx_word' id='word_1_32' title='bbox 1056 731 1164 794; x_wconf 87' lang='lat' dir='ltr'>Asiam</span> 
     </span>
     <span class='ocr_line' id='line_1_5' title="bbox 113 810 1166 897; baseline 0.011 -27"><span class='ocrx_word' id='word_1_33' title='bbox 113 820 151 870; x_wconf 88' lang='lat' dir='ltr'>et</span> <span class='ocrx_word' id='word_1_34' title='bbox 163 829 267 892; x_wconf 84' lang='lat' dir='ltr'>regem</span> <span class='ocrx_word' id='word_1_35' title='bbox 281 810 469 874; x_wconf 83' lang='lat' dir='ltr'><strong>Antiochum</strong></span> <span class='ocrx_word' id='word_1_36' title='bbox 484 816 654 895; x_wconf 75' lang='lat' dir='ltr'><strong>spectabat,</strong></span> <span class='ocrx_word' id='word_1_37' title='bbox 672 813 864 897; x_wconf 84' lang='lat' dir='ltr'>jusseratque</span> <span class='ocrx_word' id='word_1_38' title='bbox 877 816 1091 895; x_wconf 75' lang='lat' dir='ltr'>Athenienses,</span> <span class='ocrx_word' id='word_1_39' title='bbox 1101 839 1166 882; x_wconf 90' lang='lat' dir='ltr'>non</span> 
     </span>
     <span class='ocr_line' id='line_1_6' title="bbox 115 885 1166 983; baseline 0.009 -27"><span class='ocrx_word' id='word_1_40' title='bbox 115 893 263 958; x_wconf 86' lang='lat' dir='ltr'>Romanis</span> <span class='ocrx_word' id='word_1_41' title='bbox 277 897 386 977; x_wconf 87' lang='lat' dir='ltr'>solum,</span> <span class='ocrx_word' id='word_1_42' title='bbox 401 909 438 961; x_wconf 91' lang='lat' dir='ltr'>ut</span> <span class='ocrx_word' id='word_1_43' title='bbox 451 920 560 982; x_wconf 80' lang='lat' dir='ltr'>pacem</span> <span class='ocrx_word' id='word_1_44' title='bbox 570 885 655 962; x_wconf 83' lang='lat' dir='ltr'>hello</span> <span class='ocrx_word' id='word_1_45' title='bbox 671 901 856 983; x_wconf 76' lang='lat' dir='ltr'>preferrent,</span> <span class='ocrx_word' id='word_1_46' title='bbox 871 903 927 965; x_wconf 86' lang='lat' dir='ltr'>sed</span> <span class='ocrx_word' id='word_1_47' title='bbox 942 904 1036 966; x_wconf 89' lang='lat' dir='ltr'>etiam</span> <span class='ocrx_word' id='word_1_48' title='bbox 1050 902 1166 965; x_wconf 83' lang='lat' dir='ltr'>AEtolis</span> 
     </span>
     <span class='ocr_line' id='line_1_7' title="bbox 115 983 1169 1071; baseline 0.009 -28"><span class='ocrx_word' id='word_1_49' title='bbox 115 984 307 1064; x_wconf 86' lang='lat' dir='ltr'>persuadere.</span> <span class='ocrx_word' id='word_1_50' title='bbox 357 983 513 1064; x_wconf 77' lang='lat' dir='ltr'>Celeriter,</span> <span class='ocrx_word' id='word_1_51' title='bbox 545 989 719 1050; x_wconf 88' lang='lat' dir='ltr'>auctoribus</span> <span class='ocrx_word' id='word_1_52' title='bbox 744 987 995 1068; x_wconf 79' lang='lat' dir='ltr'>Atheniensibus,</span> <span class='ocrx_word' id='word_1_53' title='bbox 1027 990 1169 1071; x_wconf 78' lang='lat' dir='ltr'>frequens</span> 
     </span>
     <span class='ocr_line' id='line_1_8' title="bbox 113 1067 1168 1159; baseline 0.009 -30"><span class='ocrx_word' id='word_1_54' title='bbox 113 1070 155 1131; x_wconf 87' lang='lat' dir='ltr'>ab</span> <span class='ocrx_word' id='word_1_55' title='bbox 170 1067 295 1154; x_wconf 81' lang='lat' dir='ltr'>Hypata</span> <span class='ocrx_word' id='word_1_56' title='bbox 310 1072 425 1153; x_wconf 84' lang='lat' dir='ltr'>legatio</span> <span class='ocrx_word' id='word_1_57' title='bbox 441 1071 617 1135; x_wconf 87' lang='lat' dir='ltr'>AEtolorum</span> <span class='ocrx_word' id='word_1_58' title='bbox 634 1075 735 1136; x_wconf 79' lang='lat' dir='ltr'>venit:</span> <span class='ocrx_word' id='word_1_59' title='bbox 759 1085 792 1137; x_wconf 87' lang='lat' dir='ltr'>et</span> <span class='ocrx_word' id='word_1_60' title='bbox 806 1097 892 1158; x_wconf 88' lang='lat' dir='ltr'>spem</span> <span class='ocrx_word' id='word_1_61' title='bbox 908 1077 993 1159; x_wconf 86' lang='lat' dir='ltr'>pacis</span> <span class='ocrx_word' id='word_1_62' title='bbox 1008 1077 1053 1137; x_wconf 86' lang='lat' dir='ltr'>eis</span> <span class='ocrx_word' id='word_1_63' title='bbox 1067 1095 1168 1138; x_wconf 89' lang='lat' dir='ltr'>sermo</span> 
     </span>
     <span class='ocr_line' id='line_1_9' title="bbox 115 1155 1169 1242; baseline 0.008 -26"><span class='ocrx_word' id='word_1_64' title='bbox 115 1155 213 1218; x_wconf 88' lang='lat' dir='ltr'>etiam</span> <span class='ocrx_word' id='word_1_65' title='bbox 227 1157 376 1237; x_wconf 85' lang='lat' dir='ltr'>Africani,</span> <span class='ocrx_word' id='word_1_66' title='bbox 392 1179 481 1239; x_wconf 92' lang='lat' dir='ltr'>quem</span> <span class='ocrx_word' id='word_1_67' title='bbox 497 1159 630 1242; x_wconf 86' lang='lat' dir='ltr'>priorem</span> <span class='ocrx_word' id='word_1_68' title='bbox 646 1161 797 1240; x_wconf 89' lang='lat' dir='ltr'>adierunt,</span> <span class='ocrx_word' id='word_1_69' title='bbox 813 1163 909 1240; x_wconf 85' lang='lat' dir='ltr'>auxit,</span> <span class='ocrx_word' id='word_1_70' title='bbox 924 1165 1169 1224; x_wconf 76' lang='lat' dir='ltr'>commemoran-</span> 
     </span>
     <span class='ocr_line' id='line_1_10' title="bbox 116 1242 1170 1331; baseline 0.006 -29"><span class='ocrx_word' id='word_1_71' title='bbox 116 1242 166 1321; x_wconf 89' lang='lat' dir='ltr'>tis,</span> <span class='ocrx_word' id='word_1_72' title='bbox 190 1243 326 1306; x_wconf 83' lang='lat' dir='ltr'>‘multas</span> <span class='ocrx_word' id='word_1_73' title='bbox 341 1255 449 1326; x_wconf 82' lang='lat' dir='ltr'>gentes</span> <span class='ocrx_word' id='word_1_74' title='bbox 463 1246 650 1330; x_wconf 91' lang='lat' dir='ltr'>populosque</span> <span class='ocrx_word' id='word_1_75' title='bbox 665 1247 696 1308; x_wconf 91' lang='lat' dir='ltr'>in</span> <span class='ocrx_word' id='word_1_76' title='bbox 711 1245 864 1329; x_wconf 78' lang='lat' dir='ltr'>Hispania</span> <span class='ocrx_word' id='word_1_77' title='bbox 886 1251 979 1331; x_wconf 89' lang='lat' dir='ltr'>prius,</span> <span class='ocrx_word' id='word_1_78' title='bbox 1001 1248 1113 1311; x_wconf 88' lang='lat' dir='ltr'>deinde</span> <span class='ocrx_word' id='word_1_79' title='bbox 1136 1249 1170 1308; x_wconf 90' lang='lat' dir='ltr'>iu</span> 
     </span>
     <span class='ocr_line' id='line_1_11' title="bbox 117 1327 1169 1416; baseline 0.006 -26"><span class='ocrx_word' id='word_1_80' title='bbox 117 1327 258 1408; x_wconf 64' lang='lat' dir='ltr'>‘Africa</span> <span class='ocrx_word' id='word_1_81' title='bbox 282 1331 314 1392; x_wconf 91' lang='lat' dir='ltr'>in</span> <span class='ocrx_word' id='word_1_82' title='bbox 338 1331 431 1394; x_wconf 89' lang='lat' dir='ltr'>fidem</span> <span class='ocrx_word' id='word_1_83' title='bbox 456 1351 541 1393; x_wconf 88' lang='lat' dir='ltr'>suam</span> <span class='ocrx_word' id='word_1_84' title='bbox 565 1333 690 1394; x_wconf 84' lang='lat' dir='ltr'>venisse.</span> <span class='ocrx_word' id='word_1_85' title='bbox 714 1334 746 1394; x_wconf 91' lang='lat' dir='ltr'>in</span> <span class='ocrx_word' id='word_1_86' title='bbox 771 1335 912 1395; x_wconf 84' lang='lat' dir='ltr'>omnibus</span> <span class='ocrx_word' id='word_1_87' title='bbox 926 1355 959 1396; x_wconf 89' lang='lat' dir='ltr'>se</span> <span class='ocrx_word' id='word_1_88' title='bbox 974 1333 1092 1416; x_wconf 91' lang='lat' dir='ltr'>majora</span> <span class='ocrx_word' id='word_1_89' title='bbox 1106 1335 1169 1396; x_wconf 88' lang='lat' dir='ltr'>ele·</span> 
     </span>
     <span class='ocr_line' id='line_1_12' title="bbox 116 1413 1177 1500; baseline 0.003 -23"><span class='ocrx_word' id='word_1_90' title='bbox 116 1413 264 1478; x_wconf 73' lang='lat' dir='ltr'>‘mentire</span> <span class='ocrx_word' id='word_1_91' title='bbox 288 1418 555 1500; x_wconf 84' lang='lat' dir='ltr'>benignitatisque,</span> <span class='ocrx_word' id='word_1_92' title='bbox 578 1439 668 1500; x_wconf 89' lang='lat' dir='ltr'>quam</span> <span class='ocrx_word' id='word_1_93' title='bbox 690 1420 808 1480; x_wconf 81' lang='lat' dir='ltr'>virtutis</span> <span class='ocrx_word' id='word_1_94' title='bbox 823 1419 948 1500; x_wconf 85' lang='lat' dir='ltr'>bellicae,</span> <span class='ocrx_word' id='word_1_95' title='bbox 969 1415 1177 1482; x_wconf 76' lang='lat' dir='ltr'>monumenta</span> 
     </span>
     <span class='ocr_line' id='line_1_13' title="bbox 112 1501 1169 1587; baseline 0.003 -24"><span class='ocrx_word' id='word_1_96' title='bbox 112 1501 318 1584; x_wconf 78' lang='lat' dir='ltr'>‘reliquisse’</span> <span class='ocrx_word' id='word_1_97' title='bbox 374 1501 514 1566; x_wconf 81' lang='lat' dir='ltr'>Perfecta</span> <span class='ocrx_word' id='word_1_98' title='bbox 543 1505 701 1566; x_wconf 89' lang='lat' dir='ltr'>videbatur</span> <span class='ocrx_word' id='word_1_99' title='bbox 725 1523 783 1584; x_wconf 87' lang='lat' dir='ltr'>res,</span> <span class='ocrx_word' id='word_1_100' title='bbox 813 1526 906 1587; x_wconf 90' lang='lat' dir='ltr'>quum</span> <span class='ocrx_word' id='word_1_101' title='bbox 933 1507 1035 1568; x_wconf 88' lang='lat' dir='ltr'>aditus</span> <span class='ocrx_word' id='word_1_102' title='bbox 1065 1505 1169 1566; x_wconf 86' lang='lat' dir='ltr'>consul</span> 
     </span>
     <span class='ocr_line' id='line_1_14' title="bbox 113 1590 1170 1673; baseline 0.004 -23"><span class='ocrx_word' id='word_1_103' title='bbox 113 1590 238 1650; x_wconf 76' lang='lat' dir='ltr'>”idem</span> <span class='ocrx_word' id='word_1_104' title='bbox 252 1590 328 1652; x_wconf 93' lang='lat' dir='ltr'>illud</span> <span class='ocrx_word' id='word_1_105' title='bbox 343 1610 523 1673; x_wconf 88' lang='lat' dir='ltr'>responsum</span> <span class='ocrx_word' id='word_1_106' title='bbox 539 1590 652 1669; x_wconf 88' lang='lat' dir='ltr'>retulit,</span> <span class='ocrx_word' id='word_1_107' title='bbox 667 1611 728 1672; x_wconf 91' lang='lat' dir='ltr'>quo</span> <span class='ocrx_word' id='word_1_108' title='bbox 743 1591 840 1672; x_wconf 82' lang='lat' dir='ltr'>fugati</span> <span class='ocrx_word' id='word_1_109' title='bbox 856 1593 895 1653; x_wconf 91' lang='lat' dir='ltr'>ab</span> <span class='ocrx_word' id='word_1_110' title='bbox 910 1603 1020 1670; x_wconf 79' lang='lat' dir='ltr'>senatu</span> <span class='ocrx_word' id='word_1_111' title='bbox 1036 1591 1170 1654; x_wconf 82' lang='lat' dir='ltr'>fuerant.</span> 
     </span>
     <span class='ocr_line' id='line_1_15' title="bbox 113 1671 1168 1759; baseline 0.001 -23"><span class='ocrx_word' id='word_1_112' title='bbox 113 1671 163 1736; x_wconf 87' lang='lat' dir='ltr'>Eo</span> <span class='ocrx_word' id='word_1_113' title='bbox 178 1685 334 1759; x_wconf 86' lang='lat' dir='ltr'>tamquam</span> <span class='ocrx_word' id='word_1_114' title='bbox 359 1697 440 1738; x_wconf 84' lang='lat' dir='ltr'>novo</span> <span class='ocrx_word' id='word_1_115' title='bbox 455 1696 547 1757; x_wconf 91' lang='lat' dir='ltr'>quum</span> <span class='ocrx_word' id='word_1_116' title='bbox 563 1677 617 1739; x_wconf 87' lang='lat' dir='ltr'>icti</span> <span class='ocrx_word' id='word_1_117' title='bbox 633 1675 861 1754; x_wconf 86' lang='lat' dir='ltr'>AEtoliessent,</span> <span class='ocrx_word' id='word_1_118' title='bbox 889 1677 977 1756; x_wconf 91' lang='lat' dir='ltr'>(nihil</span> <span class='ocrx_word' id='word_1_119' title='bbox 1001 1678 1086 1740; x_wconf 87' lang='lat' dir='ltr'>enim</span> <span class='ocrx_word' id='word_1_120' title='bbox 1109 1697 1168 1738; x_wconf 87' lang='lat' dir='ltr'>nee</span> 
     </span>
     <span class='ocr_line' id='line_1_16' title="bbox 116 1761 1169 1848; baseline 0.003 -27"><span class='ocrx_word' id='word_1_121' title='bbox 116 1761 272 1844; x_wconf 75' lang='lat' dir='ltr'>legatione</span> <span class='ocrx_word' id='word_1_122' title='bbox 286 1762 531 1842; x_wconf 83' lang='lat' dir='ltr'>Atheniensium,</span> <span class='ocrx_word' id='word_1_123' title='bbox 552 1784 610 1825; x_wconf 91' lang='lat' dir='ltr'>nec</span> <span class='ocrx_word' id='word_1_124' title='bbox 626 1763 748 1846; x_wconf 89' lang='lat' dir='ltr'>placido</span> <span class='ocrx_word' id='word_1_125' title='bbox 762 1765 899 1838; x_wconf 74' lang='lat' dir='ltr'>Africani</span> <span class='ocrx_word' id='word_1_126' title='bbox 921 1784 1068 1848; x_wconf 87' lang='lat' dir='ltr'>responso</span> <span class='ocrx_word' id='word_1_127' title='bbox 1094 1783 1169 1846; x_wconf 87' lang='lat' dir='ltr'>pro·</span> 
     </span>
     <span class='ocr_line' id='line_1_17' title="bbox 115 1847 933 1928; baseline 0.005 -21"><span class='ocrx_word' id='word_1_128' title='bbox 115 1847 233 1909; x_wconf 81' lang='lat' dir='ltr'>lectum</span> <span class='ocrx_word' id='word_1_129' title='bbox 248 1849 402 1928; x_wconf 89' lang='lat' dir='ltr'>videbant)</span> <span class='ocrx_word' id='word_1_130' title='bbox 420 1849 531 1911; x_wconf 82' lang='lat' dir='ltr'>referre</span> <span class='ocrx_word' id='word_1_131' title='bbox 548 1850 587 1911; x_wconf 85' lang='lat' dir='ltr'>ad</span> <span class='ocrx_word' id='word_1_132' title='bbox 602 1871 673 1910; x_wconf 88' lang='lat' dir='ltr'>suos</span> <span class='ocrx_word' id='word_1_133' title='bbox 688 1851 832 1913; x_wconf 88' lang='lat' dir='ltr'>dixerunt</span> <span class='ocrx_word' id='word_1_134' title='bbox 845 1851 933 1912; x_wconf 86' lang='lat' dir='ltr'>velie.</span> 
     </span>
     <span class='ocr_line' id='line_1_18' title="bbox 159 1931 1168 2020; baseline 0.004 -24"><span class='ocrx_word' id='word_1_135' title='bbox 159 1931 229 1998; x_wconf 82' lang='lat' dir='ltr'>Vll.</span> <span class='ocrx_word' id='word_1_136' title='bbox 251 1933 396 1998; x_wconf 85' lang='lat' dir='ltr'>Raditum</span> <span class='ocrx_word' id='word_1_137' title='bbox 413 1934 484 1996; x_wconf 92' lang='lat' dir='ltr'>inde</span> <span class='ocrx_word' id='word_1_138' title='bbox 500 1933 656 2018; x_wconf 81' lang='lat' dir='ltr'>Hypatam</span> <span class='ocrx_word' id='word_1_139' title='bbox 678 1946 735 2012; x_wconf 90' lang='lat' dir='ltr'>est,</span> <span class='ocrx_word' id='word_1_140' title='bbox 758 1957 815 1998; x_wconf 88' lang='lat' dir='ltr'>nec</span> <span class='ocrx_word' id='word_1_141' title='bbox 837 1937 997 1998; x_wconf 88' lang='lat' dir='ltr'>consilium</span> <span class='ocrx_word' id='word_1_142' title='bbox 1021 1939 1168 2020; x_wconf 87' lang='lat' dir='ltr'>expedie-</span> 
     </span>
     <span class='ocr_line' id='line_1_19' title="bbox 116 2019 1169 2103; baseline 0.004 -22"><span class='ocrx_word' id='word_1_143' title='bbox 116 2019 218 2082; x_wconf 83' lang='lat' dir='ltr'>batur.</span> <span class='ocrx_word' id='word_1_144' title='bbox 242 2042 314 2083; x_wconf 86' lang='lat' dir='ltr'>nom</span> <span class='ocrx_word' id='word_1_145' title='bbox 338 2041 449 2102; x_wconf 88' lang='lat' dir='ltr'>neque,</span> <span class='ocrx_word' id='word_1_146' title='bbox 471 2021 552 2083; x_wconf 90' lang='lat' dir='ltr'>unde</span> <span class='ocrx_word' id='word_1_147' title='bbox 576 2021 659 2083; x_wconf 91' lang='lat' dir='ltr'>mille</span> <span class='ocrx_word' id='word_1_148' title='bbox 685 2023 837 2084; x_wconf 76' lang='lat' dir='ltr'>talentum</span> <span class='ocrx_word' id='word_1_149' title='bbox 863 2023 998 2100; x_wconf 88' lang='lat' dir='ltr'>daretur,</span> <span class='ocrx_word' id='word_1_150' title='bbox 1013 2035 1101 2100; x_wconf 82' lang='lat' dir='ltr'>erat3</span> <span class='ocrx_word' id='word_1_151' title='bbox 1125 2035 1169 2103; x_wconf 86' lang='lat' dir='ltr'>et,</span> 
     </span>
     <span class='ocr_line' id='line_1_20' title="bbox 115 2107 1168 2191; baseline 0.004 -23"><span class='ocrx_word' id='word_1_152' title='bbox 115 2107 264 2188; x_wconf 87' lang='lat' dir='ltr'>permisso</span> <span class='ocrx_word' id='word_1_153' title='bbox 278 2108 375 2169; x_wconf 88' lang='lat' dir='ltr'>libero</span> <span class='ocrx_word' id='word_1_154' title='bbox 391 2108 526 2185; x_wconf 86' lang='lat' dir='ltr'>arbitrio,</span> <span class='ocrx_word' id='word_1_155' title='bbox 552 2129 590 2168; x_wconf 89' lang='lat' dir='ltr'>ne</span> <span class='ocrx_word' id='word_1_156' title='bbox 605 2108 636 2168; x_wconf 93' lang='lat' dir='ltr'>in</span> <span class='ocrx_word' id='word_1_157' title='bbox 652 2127 781 2191; x_wconf 88' lang='lat' dir='ltr'>corpora</span> <span class='ocrx_word' id='word_1_158' title='bbox 795 2129 850 2170; x_wconf 90' lang='lat' dir='ltr'>sua</span> <span class='ocrx_word' id='word_1_159' title='bbox 864 2109 1027 2186; x_wconf 79' lang='lat' dir='ltr'>saviretur,</span> <span class='ocrx_word' id='word_1_160' title='bbox 1051 2119 1168 2172; x_wconf 79' lang='lat' dir='ltr'>mettre-</span> 
     </span>
     <span class='ocr_line' id='line_1_21' title="bbox 47 2192 1170 2275; baseline 0.003 -22"><span class='ocrx_word' id='word_1_161' title='bbox 47 2257 50 2260; x_wconf 63' lang='lat'><em>,</em></span> <span class='ocrx_word' id='word_1_162' title='bbox 114 2193 203 2256; x_wconf 89' lang='lat' dir='ltr'>ba&#39;nt.</span> <span class='ocrx_word' id='word_1_163' title='bbox 247 2192 361 2255; x_wconf 89' lang='lat' dir='ltr'>Redire</span> <span class='ocrx_word' id='word_1_164' title='bbox 382 2195 485 2275; x_wconf 85' lang='lat' dir='ltr'>itaque</span> <span class='ocrx_word' id='word_1_165' title='bbox 500 2193 626 2254; x_wconf 87' lang='lat' dir='ltr'>eosdem</span> <span class='ocrx_word' id='word_1_166' title='bbox 642 2193 761 2274; x_wconf 84' lang='lat' dir='ltr'>legatos</span> <span class='ocrx_word' id='word_1_167' title='bbox 777 2194 816 2254; x_wconf 90' lang='lat' dir='ltr'>ad</span> <span class='ocrx_word' id='word_1_168' title='bbox 830 2195 987 2256; x_wconf 87' lang='lat' dir='ltr'>consulem</span> <span class='ocrx_word' id='word_1_169' title='bbox 1002 2205 1034 2256; x_wconf 88' lang='lat' dir='ltr'>et</span> <span class='ocrx_word' id='word_1_170' title='bbox 1047 2193 1170 2256; x_wconf 84' lang='lat' dir='ltr'>Africa·</span> 
     </span>
     <span class='ocr_line' id='line_1_22' title="bbox 117 2277 1170 2361; baseline 0.003 -21"><span class='ocrx_word' id='word_1_171' title='bbox 117 2299 192 2341; x_wconf 90' lang='lat' dir='ltr'>num</span> <span class='ocrx_word' id='word_1_172' title='bbox 204 2277 370 2360; x_wconf 87' lang='lat' dir='ltr'>jusserunt,</span> <span class='ocrx_word' id='word_1_173' title='bbox 386 2291 418 2340; x_wconf 89' lang='lat' dir='ltr'>et</span> <span class='ocrx_word' id='word_1_174' title='bbox 433 2290 548 2361; x_wconf 85' lang='lat' dir='ltr'>petere,</span> <span class='ocrx_word' id='word_1_175' title='bbox 563 2289 608 2358; x_wconf 83' lang='lat' dir='ltr'>ut,</span> <span class='ocrx_word' id='word_1_176' title='bbox 623 2279 649 2339; x_wconf 88' lang='lat' dir='ltr'>si</span> <span class='ocrx_word' id='word_1_177' title='bbox 665 2281 821 2342; x_wconf 82' lang='lat' dir='ltr'>datavere</span> <span class='ocrx_word' id='word_1_178' title='bbox 837 2293 956 2361; x_wconf 85' lang='lat' dir='ltr'>pacem,</span> <span class='ocrx_word' id='word_1_179' title='bbox 971 2301 1033 2342; x_wconf 93' lang='lat' dir='ltr'>non</span> <span class='ocrx_word' id='word_1_180' title='bbox 1049 2291 1170 2343; x_wconf 79' lang='lat' dir='ltr'>tantmn</span> 
     </span>
     <span class='ocr_line' id='line_1_23' title="bbox 115 2366 1171 2448; baseline 0.003 -22"><span class='ocrx_word' id='word_1_181' title='bbox 115 2366 292 2442; x_wconf 83' lang='lat' dir='ltr'>ostendere,</span> <span class='ocrx_word' id='word_1_182' title='bbox 305 2366 485 2427; x_wconf 76' lang='lat' dir='ltr'>frustrantes</span> <span class='ocrx_word' id='word_1_183' title='bbox 499 2386 586 2448; x_wconf 88' lang='lat' dir='ltr'>apem</span> <span class='ocrx_word' id='word_1_184' title='bbox 601 2367 788 2444; x_wconf 89' lang='lat' dir='ltr'>miserorum,</span> <span class='ocrx_word' id='word_1_185' title='bbox 800 2366 922 2445; x_wconf 88' lang='lat' dir='ltr'>vellent,</span> <span class='ocrx_word' id='word_1_186' title='bbox 937 2377 990 2429; x_wconf 90' lang='lat' dir='ltr'>aut</span> <span class='ocrx_word' id='word_1_187' title='bbox 1001 2387 1041 2428; x_wconf 84' lang='lat' dir='ltr'>ex</span> <span class='ocrx_word' id='word_1_188' title='bbox 1051 2387 1171 2446; x_wconf 82' lang='lat' dir='ltr'>summa</span> 
     </span>
     <span class='ocr_line' id='line_1_24' title="bbox 110 2452 1170 2534; baseline 0.001 -21"><span class='ocrx_word' id='word_1_189' title='bbox 110 2454 254 2534; x_wconf 74' lang='lat' dir='ltr'>pecuniae</span> <span class='ocrx_word' id='word_1_190' title='bbox 271 2452 439 2528; x_wconf 88' lang='lat' dir='ltr'>demerent,</span> <span class='ocrx_word' id='word_1_191' title='bbox 460 2454 487 2490; x_wconf 80' lang='lat'>¹³</span> <span class='ocrx_word' id='word_1_192' title='bbox 500 2463 552 2513; x_wconf 86' lang='lat' dir='ltr'>aut</span> <span class='ocrx_word' id='word_1_193' title='bbox 566 2453 796 2534; x_wconf 88' lang='lat' dir='ltr'>permissionem</span> <span class='ocrx_word' id='word_1_194' title='bbox 812 2465 899 2513; x_wconf 77' lang='lat' dir='ltr'>exue</span> <span class='ocrx_word' id='word_1_195' title='bbox 912 2453 1022 2514; x_wconf 86' lang='lat' dir='ltr'>civium</span> <span class='ocrx_word' id='word_1_196' title='bbox 1039 2473 1170 2534; x_wconf 85' lang='lat' dir='ltr'>corpora</span> 
     </span>
     <span class='ocr_line' id='line_1_25' title="bbox 111 2536 1170 2620; baseline 0.003 -22"><span class='ocrx_word' id='word_1_197' title='bbox 111 2537 184 2598; x_wconf 87' lang='lat' dir='ltr'>fieri</span> <span class='ocrx_word' id='word_1_198' title='bbox 196 2536 351 2619; x_wconf 88' lang='lat' dir='ltr'>juberent.</span> <span class='ocrx_word' id='word_1_199' title='bbox 395 2536 479 2598; x_wconf 90' lang='lat' dir='ltr'>Nihil</span> <span class='ocrx_word' id='word_1_200' title='bbox 500 2538 709 2620; x_wconf 89' lang='lat' dir='ltr'>impetratum,</span> <span class='ocrx_word' id='word_1_201' title='bbox 733 2547 769 2598; x_wconf 90' lang='lat' dir='ltr'>ut</span> <span class='ocrx_word' id='word_1_202' title='bbox 787 2548 921 2599; x_wconf 88' lang='lat' dir='ltr'>mutaret</span> <span class='ocrx_word' id='word_1_203' title='bbox 935 2539 1060 2600; x_wconf 90' lang='lat' dir='ltr'>consul:</span> <span class='ocrx_word' id='word_1_204' title='bbox 1084 2550 1117 2600; x_wconf 90' lang='lat' dir='ltr'>et</span> <span class='ocrx_word' id='word_1_205' title='bbox 1132 2560 1170 2602; x_wconf 90' lang='lat' dir='ltr'>ea</span> 
     </span>
     <span class='ocr_line' id='line_1_26' title="bbox 108 2621 1168 2705; baseline 0.001 -20"><span class='ocrx_word' id='word_1_206' title='bbox 108 2643 237 2704; x_wconf 89' lang='lat' dir='ltr'>quoque</span> <span class='ocrx_word' id='word_1_207' title='bbox 252 2624 337 2686; x_wconf 91' lang='lat' dir='ltr'>irrita</span> <span class='ocrx_word' id='word_1_208' title='bbox 350 2623 465 2704; x_wconf 80' lang='lat' dir='ltr'>legatio</span> <span class='ocrx_word' id='word_1_209' title='bbox 480 2623 606 2685; x_wconf 84' lang='lat' dir='ltr'>dimissa</span> <span class='ocrx_word' id='word_1_210' title='bbox 616 2635 674 2685; x_wconf 87' lang='lat' dir='ltr'>est.</span> <span class='ocrx_word' id='word_1_211' title='bbox 698 2621 801 2685; x_wconf 78' lang='lat' dir='ltr'>Secuti</span> <span class='ocrx_word' id='word_1_212' title='bbox 816 2636 847 2686; x_wconf 90' lang='lat' dir='ltr'>et</span> <span class='ocrx_word' id='word_1_213' title='bbox 857 2623 1065 2705; x_wconf 27' lang='lat' dir='ltr'>,Athenienses</span> <span class='ocrx_word' id='word_1_214' title='bbox 1080 2636 1168 2686; x_wconf 84' lang='lat' dir='ltr'>sunt:</span> 
     </span>
     <span class='ocr_line' id='line_1_27' title="bbox 45 2707 1169 2793; baseline 0.002 -22"><span class='ocrx_word' id='word_1_215' title='bbox 45 2715 62 2730; x_wconf 88' lang='grc'><em>“</em></span> <span class='ocrx_word' id='word_1_216' title='bbox 114 2723 148 2772; x_wconf 89' lang='lat' dir='ltr'>et</span> <span class='ocrx_word' id='word_1_217' title='bbox 165 2709 306 2791; x_wconf 82' lang='lat' dir='ltr'>princeps</span> <span class='ocrx_word' id='word_1_218' title='bbox 324 2708 485 2790; x_wconf 80' lang='lat' dir='ltr'>legationis</span> <span class='ocrx_word' id='word_1_219' title='bbox 501 2729 604 2772; x_wconf 88' lang='lat' dir='ltr'>eorum</span> <span class='ocrx_word' id='word_1_220' title='bbox 616 2707 809 2790; x_wconf 76' lang='lat' dir='ltr'>Echedemus</span> <span class='ocrx_word' id='word_1_221' title='bbox 820 2709 967 2792; x_wconf 83' lang='lat' dir='ltr'>fatigatos</span> <span class='ocrx_word' id='word_1_222' title='bbox 979 2721 1028 2773; x_wconf 89' lang='lat' dir='ltr'>tot</span> <span class='ocrx_word' id='word_1_223' title='bbox 1041 2710 1169 2793; x_wconf 85' lang='lat' dir='ltr'>repulsis</span> 
     </span>
     <span class='ocr_line' id='line_1_28' title="bbox 115 2788 1166 2878; baseline 0.003 -21"><span class='ocrx_word' id='word_1_224' title='bbox 115 2794 255 2874; x_wconf 85' lang='lat' dir='ltr'>AEtolos,</span> <span class='ocrx_word' id='word_1_225' title='bbox 270 2805 303 2857; x_wconf 87' lang='lat' dir='ltr'>et</span> <span class='ocrx_word' id='word_1_226' title='bbox 318 2796 542 2877; x_wconf 82' lang='lat' dir='ltr'>complorantes</span> <span class='ocrx_word' id='word_1_227' title='bbox 558 2788 656 2857; x_wconf 88' lang='lat' dir='ltr'>inutili</span> <span class='ocrx_word' id='word_1_228' title='bbox 673 2795 892 2858; x_wconf 85' lang='lat' dir='ltr'>lamentatione</span> <span class='ocrx_word' id='word_1_229' title='bbox 912 2796 1067 2859; x_wconf 85' lang='lat' dir='ltr'>fortunam</span> <span class='ocrx_word' id='word_1_230' title='bbox 1087 2817 1166 2878; x_wconf 87' lang='lat' dir='ltr'>gen·</span> 
     </span>
     <span class='ocr_line' id='line_1_29' title="bbox 113 2881 1167 2966; baseline 0.001 -23"><span class='ocrx_word' id='word_1_231' title='bbox 113 2883 167 2960; x_wconf 83' lang='lat' dir='ltr'>tis,</span> <span class='ocrx_word' id='word_1_232' title='bbox 180 2883 220 2943; x_wconf 93' lang='lat' dir='ltr'>ad</span> <span class='ocrx_word' id='word_1_233' title='bbox 235 2901 319 2966; x_wconf 86' lang='lat' dir='ltr'>spem</span> <span class='ocrx_word' id='word_1_234' title='bbox 336 2881 508 2959; x_wconf 81' lang='lat' dir='ltr'>revocavit3</span> <span class='ocrx_word' id='word_1_235' title='bbox 532 2892 638 2944; x_wconf 85' lang='lat' dir='ltr'>auctor</span> <span class='ocrx_word' id='word_1_236' title='bbox 653 2883 789 2944; x_wconf 87' lang='lat' dir='ltr'>inducias</span> <span class='ocrx_word' id='word_1_237' title='bbox 798 2903 853 2943; x_wconf 85' lang='lat' dir='ltr'>sex</span> <span class='ocrx_word' id='word_1_238' title='bbox 865 2884 1013 2945; x_wconf 88' lang='lat' dir='ltr'>mensium</span> <span class='ocrx_word' id='word_1_239' title='bbox 1028 2884 1167 2964; x_wconf 89' lang='lat' dir='ltr'>petendi,</span> 
     </span>
     <span class='ocr_line' id='line_1_30' title="bbox 113 2967 1168 3050; baseline 0.001 -21"><span class='ocrx_word' id='word_1_240' title='bbox 113 2979 152 3030; x_wconf 89' lang='lat' dir='ltr'>ut</span> <span class='ocrx_word' id='word_1_241' title='bbox 174 2968 292 3050; x_wconf 86' lang='lat' dir='ltr'>legatos</span> <span class='ocrx_word' id='word_1_242' title='bbox 314 2967 446 3030; x_wconf 86' lang='lat' dir='ltr'>Romam</span> <span class='ocrx_word' id='word_1_243' title='bbox 469 2969 592 3030; x_wconf 87' lang='lat' dir='ltr'>mittere</span> <span class='ocrx_word' id='word_1_244' title='bbox 613 2980 749 3050; x_wconf 87' lang='lat' dir='ltr'>possent.</span> <span class='ocrx_word' id='word_1_245' title='bbox 792 2967 1007 3031; x_wconf 86' lang='lat' dir='ltr'>‘Dilationem</span> <span class='ocrx_word' id='word_1_246' title='bbox 1028 2969 1105 3030; x_wconf 92' lang='lat' dir='ltr'>nihil</span> <span class='ocrx_word' id='word_1_247' title='bbox 1127 2969 1168 3030; x_wconf 87' lang='lat' dir='ltr'>ad</span> 
     </span>
     <span class='ocr_line' id='line_1_31' title="bbox 116 3054 1179 3138; baseline -0.001 -23"><span class='ocrx_word' id='word_1_248' title='bbox 116 3055 127 3087; x_wconf 92' lang='lat'>‘</span> <span class='ocrx_word' id='word_1_249' title='bbox 142 3055 305 3137; x_wconf 78' lang='lat' dir='ltr'>prasentia</span> <span class='ocrx_word' id='word_1_250' title='bbox 323 3055 415 3133; x_wconf 87' lang='lat' dir='ltr'>mala,</span> <span class='ocrx_word' id='word_1_251' title='bbox 438 3055 552 3138; x_wconf 88' lang='lat' dir='ltr'>quippe</span> <span class='ocrx_word' id='word_1_252' title='bbox 566 3075 632 3137; x_wconf 77' lang='lat' dir='ltr'>quie</span> <span class='ocrx_word' id='word_1_253' title='bbox 646 3055 755 3116; x_wconf 90' lang='lat' dir='ltr'>ultima</span> <span class='ocrx_word' id='word_1_254' title='bbox 769 3067 882 3134; x_wconf 87' lang='lat' dir='ltr'>essent,</span> <span class='ocrx_word' id='word_1_255' title='bbox 906 3055 1106 3136; x_wconf 85' lang='lat' dir='ltr'>adjecturam.</span> <span class='ocrx_word' id='word_1_256' title='bbox 1122 3054 1179 3114; x_wconf 88' lang='lat' dir='ltr'>le-·</span> 
     </span>
     <span class='ocr_line' id='line_1_32' title="bbox 110 3138 1167 3224; baseline -0.001 -23"><span class='ocrx_word' id='word_1_257' title='bbox 110 3139 126 3174; x_wconf 81' lang='lat'><em>⁴</em></span> <span class='ocrx_word' id='word_1_258' title='bbox 141 3141 206 3202; x_wconf 88' lang='lat' dir='ltr'>vari</span> <span class='ocrx_word' id='word_1_259' title='bbox 222 3162 277 3224; x_wconf 90' lang='lat' dir='ltr'>per</span> <span class='ocrx_word' id='word_1_260' title='bbox 293 3141 403 3203; x_wconf 89' lang='lat' dir='ltr'>multos</span> <span class='ocrx_word' id='word_1_261' title='bbox 419 3161 517 3218; x_wconf 85' lang='lat' dir='ltr'>casus,</span> <span class='ocrx_word' id='word_1_262' title='bbox 533 3151 671 3222; x_wconf 89' lang='lat' dir='ltr'>tempore</span> <span class='ocrx_word' id='word_1_263' title='bbox 683 3140 874 3222; x_wconf 86' lang='lat' dir='ltr'>interposito,</span> <span class='ocrx_word' id='word_1_264' title='bbox 890 3151 1052 3221; x_wconf 76' lang='lat' dir='ltr'>praesentes</span> <span class='ocrx_word' id='word_1_265' title='bbox 1064 3138 1167 3202; x_wconf 81' lang='lat' dir='ltr'>clades</span> 
     </span>
     <span class='ocr_line' id='line_1_33' title="bbox 115 3223 1167 3309; baseline -0.003 -21"><span class='ocrx_word' id='word_1_266' title='bbox 115 3227 255 3309; x_wconf 78' lang='lat' dir='ltr'>‘posse’</span> <span class='ocrx_word' id='word_1_267' title='bbox 300 3225 434 3289; x_wconf 89' lang='lat' dir='ltr'>Auctore</span> <span class='ocrx_word' id='word_1_268' title='bbox 448 3225 625 3287; x_wconf 86' lang='lat' dir='ltr'>Echedemo</span> <span class='ocrx_word' id='word_1_269' title='bbox 640 3226 733 3288; x_wconf 86' lang='lat' dir='ltr'>iidem</span> <span class='ocrx_word' id='word_1_270' title='bbox 753 3227 849 3304; x_wconf 86' lang='lat' dir='ltr'>missi,</span> <span class='ocrx_word' id='word_1_271' title='bbox 870 3227 953 3309; x_wconf 91' lang='lat' dir='ltr'>prius</span> <span class='ocrx_word' id='word_1_272' title='bbox 972 3225 1005 3286; x_wconf 88' lang='lat' dir='ltr'>P.</span> <span class='ocrx_word' id='word_1_273' title='bbox 1022 3223 1167 3306; x_wconf 86' lang='lat' dir='ltr'>Scipione</span> 
     </span>
     <span class='ocr_line' id='line_1_34' title="bbox 112 3311 1284 3396; baseline -0.003 -20"><span class='ocrx_word' id='word_1_274' title='bbox 112 3324 280 3392; x_wconf 86' lang='lat' dir='ltr'>convento,</span> <span class='ocrx_word' id='word_1_275' title='bbox 301 3321 356 3396; x_wconf 90' lang='lat' dir='ltr'>per</span> <span class='ocrx_word' id='word_1_276' title='bbox 373 3333 443 3374; x_wconf 86' lang='lat' dir='ltr'>eum</span> <span class='ocrx_word' id='word_1_277' title='bbox 458 3312 599 3374; x_wconf 88' lang='lat' dir='ltr'>inducias</span> <span class='ocrx_word' id='word_1_278' title='bbox 612 3313 759 3394; x_wconf 88' lang='lat' dir='ltr'>temporis</span> <span class='ocrx_word' id='word_1_279' title='bbox 773 3311 849 3393; x_wconf 87' lang='lat' dir='ltr'>ejus,</span> <span class='ocrx_word' id='word_1_280' title='bbox 873 3312 952 3395; x_wconf 90' lang='lat' dir='ltr'>quod</span> <span class='ocrx_word' id='word_1_281' title='bbox 968 3313 1126 3393; x_wconf 89' lang='lat' dir='ltr'>petebant,</span> <span class='ocrx_word' id='word_1_282' title='bbox 1149 3313 1284 3394; x_wconf 69' lang='lat' dir='ltr'>alnduclat</span> 
     </span>
     <span class='ocr_line' id='line_1_35' title="bbox 111 3389 1312 3482; baseline -0.004 -20"><span class='ocrx_word' id='word_1_283' title='bbox 111 3400 243 3462; x_wconf 86' lang='lat' dir='ltr'>consule</span> <span class='ocrx_word' id='word_1_284' title='bbox 257 3401 495 3482; x_wconf 85' lang='lat' dir='ltr'>impetraverunt</span> <span class='ocrx_word' id='word_1_285' title='bbox 508 3419 516 3460; x_wconf 81' lang='lat' dir='ltr'>r</span> <span class='ocrx_word' id='word_1_286' title='bbox 552 3410 597 3476; x_wconf 77' lang='lat' dir='ltr'>et,</span> <span class='ocrx_word' id='word_1_287' title='bbox 618 3397 719 3460; x_wconf 91' lang='lat' dir='ltr'>soluta</span> <span class='ocrx_word' id='word_1_288' title='bbox 733 3397 891 3459; x_wconf 90' lang='lat' dir='ltr'>obsidione</span> <span class='ocrx_word' id='word_1_289' title='bbox 906 3395 1085 3480; x_wconf 76' lang='lat' dir='ltr'>Ainphimae,</span> <span class='ocrx_word' id='word_1_290' title='bbox 1108 3395 1167 3460; x_wconf 90' lang='lat' dir='ltr'>M’.</span> <span class='ocrx_word' id='word_1_291' title='bbox 1180 3389 1312 3446; x_wconf 65' lang='lat' dir='ltr'>asperam.</span> 
     </span>
     <span class='ocr_line' id='line_1_36' title="bbox 111 3484 1167 3566; baseline -0.003 -18"><span class='ocrx_word' id='word_1_292' title='bbox 111 3485 245 3564; x_wconf 84' lang='lat' dir='ltr'>Acilius,</span> <span class='ocrx_word' id='word_1_293' title='bbox 267 3487 382 3549; x_wconf 87' lang='lat' dir='ltr'>tradito</span> <span class='ocrx_word' id='word_1_294' title='bbox 397 3485 514 3547; x_wconf 84' lang='lat' dir='ltr'>consuli</span> <span class='ocrx_word' id='word_1_295' title='bbox 537 3484 684 3562; x_wconf 85' lang='lat' dir='ltr'>exercitu,</span> <span class='ocrx_word' id='word_1_296' title='bbox 700 3484 855 3566; x_wconf 86' lang='lat' dir='ltr'>provincio</span> <span class='ocrx_word' id='word_1_297' title='bbox 870 3484 1020 3545; x_wconf 86' lang='lat' dir='ltr'>decessit:</span> <span class='ocrx_word' id='word_1_298' title='bbox 1044 3495 1076 3545; x_wconf 92' lang='lat' dir='ltr'>ct</span> <span class='ocrx_word' id='word_1_299' title='bbox 1091 3504 1167 3545; x_wconf 89' lang='lat' dir='ltr'>oon·</span> 
     </span>
    </p>
   </div>
   <div class='ocr_carea' id='block_1_3' title="bbox 103 3561 1360 3998">
    <p class='ocr_par' dir='ltr' id='par_1_3' title="bbox 106 3561 1307 3741">
     <span class='ocr_line' id='line_1_37' title="bbox 106 3561 1166 3656; baseline -0.002 -22"><span class='ocrx_word' id='word_1_300' title='bbox 106 3573 162 3634; x_wconf 86' lang='lat' dir='ltr'>sul</span> <span class='ocrx_word' id='word_1_301' title='bbox 193 3573 232 3634; x_wconf 88' lang='lat' dir='ltr'>ab</span> <span class='ocrx_word' id='word_1_302' title='bbox 256 3573 422 3656; x_wconf 87' lang='lat' dir='ltr'>Amphissa</span> <span class='ocrx_word' id='word_1_303' title='bbox 443 3569 635 3632; x_wconf 87' lang='lat' dir='ltr'>Thessaliam</span> <span class='ocrx_word' id='word_1_304' title='bbox 662 3572 782 3654; x_wconf 86' lang='lat' dir='ltr'>repetit,</span> <span class='ocrx_word' id='word_1_305' title='bbox 808 3581 843 3632; x_wconf 92' lang='lat' dir='ltr'>ut</span> <span class='ocrx_word' id='word_1_306' title='bbox 868 3591 923 3653; x_wconf 84' lang='lat' dir='ltr'>per</span> <span class='ocrx_word' id='word_1_307' title='bbox 948 3561 1166 3650; x_wconf 87' lang='lat' dir='ltr'>Macedoniam</span> 
     </span>
     <span class='ocr_line' id='line_1_38' title="bbox 109 3655 1307 3741; baseline -0.004 -20"><span class='ocrx_word' id='word_1_308' title='bbox 109 3657 340 3741; x_wconf 84' lang='lat' dir='ltr'>&#39;Ilrraciamque</span> <span class='ocrx_word' id='word_1_309' title='bbox 356 3659 479 3720; x_wconf 75' lang='lat' dir='ltr'>ducere</span> <span class='ocrx_word' id='word_1_310' title='bbox 493 3657 525 3718; x_wconf 93' lang='lat' dir='ltr'>in</span> <span class='ocrx_word' id='word_1_311' title='bbox 539 3658 656 3719; x_wconf 87' lang='lat' dir='ltr'>Asiam.</span> <span class='ocrx_word' id='word_1_312' title='bbox 685 3655 766 3718; x_wconf 91' lang='lat' dir='ltr'>Tum</span> <span class='ocrx_word' id='word_1_313' title='bbox 781 3656 942 3719; x_wconf 86' lang='lat' dir='ltr'>Africanus</span> <span class='ocrx_word' id='word_1_314' title='bbox 957 3657 1053 3736; x_wconf 86' lang='lat' dir='ltr'>fratri,</span> <span class='ocrx_word' id='word_1_315' title='bbox 1066 3657 1080 3689; x_wconf 78' lang='lat'>‘</span> <span class='ocrx_word' id='word_1_316' title='bbox 1092 3655 1165 3734; x_wconf 85' lang='lat' dir='ltr'>lter,</span> <span class='ocrx_word' id='word_1_317' title='bbox 1178 3657 1234 3733; x_wconf 59' lang='grc' dir='ltr'>,θοι</span> <span class='ocrx_word' id='word_1_318' title='bbox 1244 3655 1307 3736; x_wconf 63' lang='lat' dir='ltr'>duca</span> 
     </span>
    </p>

    <p class='ocr_par' dir='ltr' id='par_1_4' title="bbox 104 3723 1301 3828">
     <span class='ocr_line' id='line_1_39' title="bbox 104 3723 1301 3828; baseline -0.003 -21"><span class='ocrx_word' id='word_1_319' title='bbox 104 3745 123 3778; x_wconf 81' lang='lat'><em>⁴</em></span> <span class='ocrx_word' id='word_1_320' title='bbox 139 3747 225 3826; x_wconf 90' lang='lat' dir='ltr'>quod</span> <span class='ocrx_word' id='word_1_321' title='bbox 236 3745 365 3823; x_wconf 77' lang='lat' dir='ltr'>insistis‚‘</span> <span class='ocrx_word' id='word_1_322' title='bbox 378 3742 414 3806; x_wconf 86' lang='lat' dir='ltr'>L.</span> <span class='ocrx_word' id='word_1_323' title='bbox 429 3742 543 3826; x_wconf 86' lang='lat' dir='ltr'>Scipio,</span> <span class='ocrx_word' id='word_1_324' title='bbox 566 3765 624 3826; x_wconf 86' lang='lat' dir='ltr'>ego</span> <span class='ocrx_word' id='word_1_325' title='bbox 635 3763 755 3828; x_wconf 84' lang='lat' dir='ltr'>qnoque</span> <span class='ocrx_word' id='word_1_326' title='bbox 770 3743 925 3826; x_wconf 89' lang='lat' dir='ltr'>adprobo:</span> <span class='ocrx_word' id='word_1_327' title='bbox 949 3744 1004 3806; x_wconf 87' lang='lat' dir='ltr'>sed</span> <span class='ocrx_word' id='word_1_328' title='bbox 1019 3754 1118 3805; x_wconf 88' lang='lat' dir='ltr'>totum</span> <span class='ocrx_word' id='word_1_329' title='bbox 1134 3742 1167 3804; x_wconf 95' lang='lat' dir='ltr'>id</span> <span class='ocrx_word' id='word_1_330' title='bbox 1178 3737 1203 3772; x_wconf 78' lang='lat'>¹¹¹</span> <span class='ocrx_word' id='word_1_331' title='bbox 1214 3723 1301 3772; x_wconf 58' lang='grc' dir='ltr'>ΑΜ·</span> 
     </span>
    </p>

    <p class='ocr_par' dir='ltr' id='par_1_5' title="bbox 103 3828 1360 3998">
     <span class='ocr_line' id='line_1_40' title="bbox 108 3828 1360 3913; baseline -0.004 -19"><span class='ocrx_word' id='word_1_332' title='bbox 108 3831 123 3864; x_wconf 86' lang='lat'>‘</span> <span class='ocrx_word' id='word_1_333' title='bbox 139 3833 267 3894; x_wconf 77' lang='lat' dir='ltr'>vertitur</span> <span class='ocrx_word' id='word_1_334' title='bbox 278 3833 310 3894; x_wconf 90' lang='lat' dir='ltr'>in</span> <span class='ocrx_word' id='word_1_335' title='bbox 325 3830 483 3893; x_wconf 86' lang='lat' dir='ltr'>voluntate</span> <span class='ocrx_word' id='word_1_336' title='bbox 498 3828 642 3913; x_wconf 89' lang='lat' dir='ltr'>Philippi.</span> <span class='ocrx_word' id='word_1_337' title='bbox 686 3831 759 3908; x_wconf 84' lang='lat' dir='ltr'>Qui,</span> <span class='ocrx_word' id='word_1_338' title='bbox 774 3831 799 3891; x_wconf 89' lang='lat' dir='ltr'>si</span> <span class='ocrx_word' id='word_1_339' title='bbox 821 3830 950 3913; x_wconf 90' lang='lat' dir='ltr'>imperio</span> <span class='ocrx_word' id='word_1_340' title='bbox 969 3841 1075 3892; x_wconf 89' lang='lat' dir='ltr'>nostro</span> <span class='ocrx_word' id='word_1_341' title='bbox 1088 3828 1167 3890; x_wconf 85' lang='lat' dir='ltr'>frdus</span> <span class='ocrx_word' id='word_1_342' title='bbox 1359 3853 1360 3858; x_wconf 46' lang='lat'>¹</span> 
     </span>
     <span class='ocr_line' id='line_1_41' title="bbox 103 3915 1167 3998; baseline -0.003 -17"><span class='ocrx_word' id='word_1_343' title='bbox 103 3919 122 3952; x_wconf 73' lang='lat'><strong>⁴</strong></span> <span class='ocrx_word' id='word_1_344' title='bbox 139 3921 200 3997; x_wconf 82' lang='lat' dir='ltr'>est,</span> <span class='ocrx_word' id='word_1_345' title='bbox 219 3931 251 3981; x_wconf 91' lang='lat' dir='ltr'>et</span> <span class='ocrx_word' id='word_1_346' title='bbox 271 3918 340 3997; x_wconf 86' lang='lat' dir='ltr'>iter,</span> <span class='ocrx_word' id='word_1_347' title='bbox 361 3928 394 3980; x_wconf 92' lang='lat' dir='ltr'>et</span> <span class='ocrx_word' id='word_1_348' title='bbox 414 3929 615 3996; x_wconf 87' lang='lat' dir='ltr'>commeatus,</span> <span class='ocrx_word' id='word_1_349' title='bbox 636 3927 668 3978; x_wconf 88' lang='lat' dir='ltr'>et</span> <span class='ocrx_word' id='word_1_350' title='bbox 681 3917 798 3994; x_wconf 64' lang='lat' dir='ltr'>omnim</span> <span class='ocrx_word' id='word_1_351' title='bbox 814 3937 879 3998; x_wconf 87' lang='lat' dir='ltr'>quae</span> <span class='ocrx_word' id='word_1_352' title='bbox 899 3917 931 3978; x_wconf 92' lang='lat' dir='ltr'>in</span> <span class='ocrx_word' id='word_1_353' title='bbox 947 3917 1040 3998; x_wconf 89' lang='lat' dir='ltr'>longo</span> <span class='ocrx_word' id='word_1_354' title='bbox 1055 3915 1167 3978; x_wconf 89' lang='lat' dir='ltr'>itinere</span> 
     </span>
    </p>
   </div>
   <div class='ocr_carea' id='block_1_4' title="bbox 101 4071 1168 4595">
    <p class='ocr_par' dir='ltr' id='par_1_6' title="bbox 101 4071 1168 4595">
     <span class='ocr_line' id='line_1_42' title="bbox 144 4071 1168 4138; baseline -0.004 -12"><span class='ocrx_word' id='word_1_355' title='bbox 144 4076 169 4112; x_wconf 56' lang='grc' dir='ltr'>θ’</span> <span class='ocrx_word' id='word_1_356' title='bbox 187 4075 430 4138; x_wconf 72' lang='lat' dir='ltr'>Cerrmrelinqemdi</span> <span class='ocrx_word' id='word_1_357' title='bbox 441 4076 526 4124; x_wconf 71' lang='lat' dir='ltr'>imm</span> <span class='ocrx_word' id='word_1_358' title='bbox 535 4073 627 4124; x_wconf 76' lang='lat' dir='ltr'>AEtoliei</span> <span class='ocrx_word' id='word_1_359' title='bbox 689 4073 714 4110; x_wconf 59' lang='grc' dir='ltr'>ὓ</span> <span class='ocrx_word' id='word_1_360' title='bbox 726 4073 988 4136; x_wconf 77' lang='lat' dir='ltr'>Idamilludrarpmum</span> <span class='ocrx_word' id='word_1_361' title='bbox 997 4071 1086 4134; x_wconf 74' lang='lat' dir='ltr'>rotald]</span> <span class='ocrx_word' id='word_1_362' title='bbox 1105 4071 1168 4122; x_wconf 82' lang='lat' dir='ltr'>Rur-</span> 
     </span>
     <span class='ocr_line' id='line_1_43' title="bbox 109 4139 1166 4206; baseline -0.006 -14"><span class='ocrx_word' id='word_1_363' title='bbox 109 4141 179 4205; x_wconf 64' lang='lat' dir='ltr'>aab]</span> <span class='ocrx_word' id='word_1_364' title='bbox 195 4141 312 4189; x_wconf 80' lang='lat' dir='ltr'>Nimirum</span> <span class='ocrx_word' id='word_1_365' title='bbox 323 4142 393 4206; x_wconf 84' lang='lat' dir='ltr'>probe</span> <span class='ocrx_word' id='word_1_366' title='bbox 410 4139 552 4200; x_wconf 81' lang='lat' dir='ltr'>intelligebat</span> <span class='ocrx_word' id='word_1_367' title='bbox 563 4139 626 4188; x_wconf 81' lang='lat' dir='ltr'>Afri·</span> <span class='ocrx_word' id='word_1_368' title='bbox 655 4140 777 4200; x_wconf 75' lang='lat' dir='ltr'>tradedit,</span> <span class='ocrx_word' id='word_1_369' title='bbox 788 4139 886 4188; x_wconf 81' lang='lat' dir='ltr'>iteravit.</span> <span class='ocrx_word' id='word_1_370' title='bbox 920 4140 958 4186; x_wconf 86' lang='lat' dir='ltr'>Sic</span> <span class='ocrx_word' id='word_1_371' title='bbox 975 4139 992 4186; x_wconf 88' lang='lat' dir='ltr'>l.</span> <span class='ocrx_word' id='word_1_372' title='bbox 1007 4150 1112 4186; x_wconf 68' lang='lat' dir='ltr'>axius.</span> <span class='ocrx_word' id='word_1_373' title='bbox 1125 4141 1166 4186; x_wconf 76' lang='lat'>⁴5·</span> 
     </span>
     <span class='ocr_line' id='line_1_44' title="bbox 107 4202 1165 4271; baseline -0.009 -14"><span class='ocrx_word' id='word_1_374' title='bbox 107 4221 197 4264; x_wconf 64' lang='lat' dir='ltr'>aaut,</span> <span class='ocrx_word' id='word_1_375' title='bbox 207 4207 284 4270; x_wconf 85' lang='lat' dir='ltr'>inquit</span> <span class='ocrx_word' id='word_1_376' title='bbox 295 4207 335 4254; x_wconf 85' lang='lat' dir='ltr'>Pol</span> <span class='ocrx_word' id='word_1_377' title='bbox 353 4207 403 4254; x_wconf 85' lang='lat' dir='ltr'>blus</span> <span class='ocrx_word' id='word_1_378' title='bbox 414 4205 438 4253; x_wconf 87' lang='lat' dir='ltr'>in</span> <span class='ocrx_word' id='word_1_379' title='bbox 448 4205 561 4271; x_wconf 83' lang='lat' dir='ltr'>Excerpt.</span> <span class='ocrx_word' id='word_1_380' title='bbox 572 4204 628 4266; x_wconf 77' lang='lat' dir='ltr'>Leg.</span> <span class='ocrx_word' id='word_1_381' title='bbox 657 4202 741 4252; x_wconf 85' lang='lat' dir='ltr'>Nouam</span> <span class='ocrx_word' id='word_1_382' title='bbox 751 4222 764 4251; x_wconf 86' lang='lat' dir='ltr'>r</span> <span class='ocrx_word' id='word_1_383' title='bbox 786 4220 834 4252; x_wconf 77' lang='lat' dir='ltr'>erre</span> <span class='ocrx_word' id='word_1_384' title='bbox 847 4202 991 4265; x_wconf 79' lang='lat' dir='ltr'>proditionem</span> <span class='ocrx_word' id='word_1_385' title='bbox 1006 4203 1097 4264; x_wconf 83' lang='lat' dir='ltr'>proditis</span> <span class='ocrx_word' id='word_1_386' title='bbox 1107 4204 1165 4250; x_wconf 82' lang='lat' dir='ltr'>olim.</span> 
     </span>
     <span class='ocr_line' id='line_1_45' title="bbox 115 4267 1145 4332; baseline -0.006 -12"><span class='ocrx_word' id='word_1_387' title='bbox 115 4273 291 4322; x_wconf 83' lang='lat' dir='ltr'>l7.noninao</span> <span class='ocrx_word' id='word_1_388' title='bbox 349 4271 462 4321; x_wconf 79' lang='lat' dir='ltr'>iexltuar</span> <span class='ocrx_word' id='word_1_389' title='bbox 481 4282 506 4318; x_wconf 86' lang='lat' dir='ltr'>et</span> <span class='ocrx_word' id='word_1_390' title='bbox 523 4269 627 4318; x_wconf 82' lang='lat' dir='ltr'>omnium</span> <span class='ocrx_word' id='word_1_391' title='bbox 656 4267 747 4318; x_wconf 78' lang='lat' dir='ltr'>Videt</span> <span class='ocrx_word' id='word_1_392' title='bbox 780 4269 862 4332; x_wconf 79' lang='lat' dir='ltr'>iepro</span> <span class='ocrx_word' id='word_1_393' title='bbox 873 4269 1145 4316; x_wconf 57' lang='lat' dir='ltr'>cmissatum.</span> 
     </span>
     <span class='ocr_line' id='line_1_46' title="bbox 103 4330 1168 4400; baseline -0.004 -16"><span class='ocrx_word' id='word_1_394' title='bbox 103 4353 166 4400; x_wconf 78' lang='lat' dir='ltr'>quae</span> <span class='ocrx_word' id='word_1_395' title='bbox 177 4333 468 4392; x_wconf 61' lang='lat' dir='ltr'>amastrianensis,</span> <span class='ocrx_word' id='word_1_396' title='bbox 486 4347 513 4384; x_wconf 89' lang='lat' dir='ltr'>ut</span> <span class='ocrx_word' id='word_1_397' title='bbox 531 4335 625 4383; x_wconf 79' lang='lat' dir='ltr'>AEtolo-</span> <span class='ocrx_word' id='word_1_398' title='bbox 688 4333 712 4369; x_wconf 75' lang='lat'>¹⁸</span> <span class='ocrx_word' id='word_1_399' title='bbox 728 4333 744 4363; x_wconf 59' lang='grc' dir='ltr'><strong>θ</strong></span> <span class='ocrx_word' id='word_1_400' title='bbox 760 4333 807 4381; x_wconf 83' lang='lat' dir='ltr'>Aut</span> <span class='ocrx_word' id='word_1_401' title='bbox 820 4330 988 4394; x_wconf 61' lang='lat' dir='ltr'>maiman]</span> <span class='ocrx_word' id='word_1_402' title='bbox 1007 4333 1055 4382; x_wconf 87' lang='lat' dir='ltr'>Aut</span> <span class='ocrx_word' id='word_1_403' title='bbox 1064 4333 1168 4381; x_wconf 79' lang='lat' dir='ltr'>sinerent</span> 
     </span>
     <span class='ocr_line' id='line_1_47' title="bbox 105 4395 1165 4467; baseline -0.007 -17"><span class='ocrx_word' id='word_1_404' title='bbox 105 4417 166 4450; x_wconf 78' lang='lat' dir='ltr'>mm</span> <span class='ocrx_word' id='word_1_405' title='bbox 176 4414 270 4462; x_wconf 75' lang='lat' dir='ltr'>gentem</span> <span class='ocrx_word' id='word_1_406' title='bbox 287 4401 330 4452; x_wconf 83' lang='lat' dir='ltr'>suls</span> <span class='ocrx_word' id='word_1_407' title='bbox 345 4400 425 4466; x_wconf 77' lang='lat' dir='ltr'>jugum</span> <span class='ocrx_word' id='word_1_408' title='bbox 437 4401 535 4467; x_wconf 83' lang='lat' dir='ltr'>llqrnani</span> <span class='ocrx_word' id='word_1_409' title='bbox 545 4401 625 4450; x_wconf 83' lang='lat' dir='ltr'>mitte·</span> <span class='ocrx_word' id='word_1_410' title='bbox 657 4399 757 4455; x_wconf 82' lang='lat' dir='ltr'>AEtolos,</span> <span class='ocrx_word' id='word_1_411' title='bbox 773 4399 827 4446; x_wconf 86' lang='lat' dir='ltr'>dum</span> <span class='ocrx_word' id='word_1_412' title='bbox 845 4398 1017 4462; x_wconf 76' lang='lat' dir='ltr'>permittuntur</span> <span class='ocrx_word' id='word_1_413' title='bbox 1028 4397 1102 4446; x_wconf 85' lang='lat' dir='ltr'>libero</span> <span class='ocrx_word' id='word_1_414' title='bbox 1116 4395 1165 4444; x_wconf 87' lang='lat' dir='ltr'>llo.</span> 
     </span>
     <span class='ocr_line' id='line_1_48' title="bbox 108 4463 1165 4533; baseline -0.005 -17"><span class='ocrx_word' id='word_1_415' title='bbox 108 4467 225 4524; x_wconf 68' lang='lat' dir='ltr'>raritmd</span> <span class='ocrx_word' id='word_1_416' title='bbox 237 4467 262 4514; x_wconf 85' lang='lat' dir='ltr'>in</span> <span class='ocrx_word' id='word_1_417' title='bbox 273 4482 302 4515; x_wconf 83' lang='lat' dir='ltr'>eo</span> <span class='ocrx_word' id='word_1_418' title='bbox 311 4467 430 4531; x_wconf 62' lang='lat' dir='ltr'>potinam</span> <span class='ocrx_word' id='word_1_419' title='bbox 438 4465 624 4533; x_wconf 6' lang='lat' dir='ltr'>sustenturus</span> <span class='ocrx_word' id='word_1_420' title='bbox 657 4479 778 4516; x_wconf 75' lang='lat' dir='ltr'>nasorum</span> <span class='ocrx_word' id='word_1_421' title='bbox 788 4463 889 4524; x_wconf 83' lang='lat' dir='ltr'>arbitrio,</span> <span class='ocrx_word' id='word_1_422' title='bbox 903 4463 1008 4530; x_wconf 71' lang='lat' dir='ltr'>excipere</span> <span class='ocrx_word' id='word_1_423' title='bbox 1019 4463 1102 4512; x_wconf 81' lang='lat' dir='ltr'>civium</span> <span class='ocrx_word' id='word_1_424' title='bbox 1113 4477 1165 4513; x_wconf 86' lang='lat' dir='ltr'>cor·</span> 
     </span>
     <span class='ocr_line' id='line_1_49' title="bbox 101 4529 719 4595; baseline -0.005 -13"><span class='ocrx_word' id='word_1_425' title='bbox 101 4531 190 4582; x_wconf 74' lang='lat' dir='ltr'>Asiam</span> <span class='ocrx_word' id='word_1_426' title='bbox 201 4532 342 4595; x_wconf 63' lang='lat' dir='ltr'>citiam.</span> <span class='ocrx_word' id='word_1_427' title='bbox 453 4529 466 4536; x_wconf 90' lang='grc'>”</span> <span class='ocrx_word' id='word_1_428' title='bbox 657 4544 719 4594; x_wconf 84' lang='lat' dir='ltr'>pora.</span> 
     </span>
    </p>
   </div>
   <div class='ocr_carea' id='block_1_5' title="bbox 0 0 1544 5196">
    <p class='ocr_par' dir='ltr' id='par_1_7' title="bbox 0 0 1544 5196">
     <span class='ocr_line' id='line_1_50' title="bbox 0 0 1544 5196; baseline 0 1"><span class='ocrx_word' id='word_1_429' title='bbox 0 0 1544 5196; x_wconf 95' lang='lat' dir='ltr'> </span> 
     </span>
    </p>
   </div>
  </div>
 </body>
</html>
