3100 5194
466 335 545 396 ΜΒ.
562 335 681 404 xm
699 335 783 400 GAP'.
801 335 942 399 xuvm.
1171 345 1213 407 43

153 503 189 554 ts
207 492 335 554 navibus
358 491 400 556 ibi
427 492 552 571 relictis,
577 495 604 539 ⁷²
615 513 705 576 super
728 491 863 558 Maleam
888 495 1013 577 naviget
1028 493 1206 580 Corcyram.
1221 502 1364 562 uem-'12-

153 578 275 661 Regem
299 579 433 661 spatium
458 578 619 642 initiorum
640 577 769 658 Cereris,
793 591 829 644 ut
851 580 945 644 sacris
970 581 1140 661 interesset,
1155 595 1205 646 te·
1220 570 1383 628 ΜΨ·-

152 667 233 730 uuit.
255 665 426 728 secundum
441 663 533 728 lnitis
554 678 587 730 et
609 667 721 749 ipsein
740 666 847 730 Asiam
862 687 895 729 se
917 669 1041 750 recepit,
1061 669 1206 750 Agesim-

153 753 247 816 broto
262 764 296 816 et
306 751 436 816 Rhodiis
449 753 573 816 domum
585 754 729 818 remissis.
763 751 838 816 Hac
849 774 887 816 ea
896 765 1002 817 estate
1018 765 1096 817 terra
1110 755 1205 818 meri·

155 859 215 920 que
231 839 373 902 edversus
389 838 563 923 Philippum
587 841 747 922 sociosque
771 839 835 922 ejus
854 862 873 901 s
897 841 1021 903 consule
1044 852 1076 904 et
1100 841 1203 924 legsto

155 925 316 1006 Rauracis,
330 927 542 1009 adjuvantibus
556 947 628 1008 rege
641 925 750 988 Attalo
759 939 792 989 et
804 925 943 1005 Rhodiis,
958 939 1055 1009 geste.
1086 925 1202 991 Consrd
1216 948 1328 1000 Amen.

152 1013 234 1076 ulter
253 1010 292 1075 C.
307 1013 448 1076 Aurelius
464 1014 504 1076 sd
519 1014 693 1076 consectum
713 1013 827 1076 bellum
843 1033 937 1094 quum
961 1013 993 1076 in
1014 1015 1201 1098 provinciam
1216 1012 1306 1090 cosin

153 1099 298 1179 venisset,
315 1101 401 1162 hsud
419 1100 499 1164 clam
515 1101 586 1162 tulit
600 1101 678 1162 irem
700 1100 842 1163 adversus
865 1111 1035 1182 praetorem,
1051 1102 1132 1183 quod
1148 1103 1202 1164 ab·
1215 1078 1301 1130 Μ’·

155 1196 243 1248 sente
257 1205 290 1247 se
305 1207 369 1248 rem
385 1187 540 1269 gessisset.
562 1187 655 1249 misso
679 1186 773 1268 igitur
795 1207 833 1248 eo
854 1186 885 1247 in
901 1185 1065 1267 Etruriam,
1090 1189 1203 1270 ipsein

152 1292 262 1353 agrium
278 1273 413 1336 hostium
436 1274 571 1355 legiones
586 1273 726 1334 induxit:
750 1272 997 1355 populandoque,
1012 1279 1082 1336 curn
1100 1275 1204 1358 prede

96 1377 99 1382 “
155 1357 284 1440 majore,
305 1380 397 1441 quam
422 1361 530 1442 gloria,
554 1360 667 1422 bellum
681 1360 786 1441 gessit.
831 1356 866 1420 Ir.
883 1356 999 1436 Furius,
1015 1360 1105 1421 simul
1121 1361 1203 1441 quod
1216 1360 1298 1412 Furius
1308 1363 1352 1415 tri·
1368 1378 1372 1384 ’

155 1444 189 1508 iu
202 1443 327 1508 Etruria
338 1447 415 1509 nihil
430 1458 495 1508 erst
506 1447 561 1524 rei,
577 1445 659 1527 quod
670 1456 800 1527 gereret,
816 1445 906 1506 simul
918 1441 1037 1507 Gallico
1047 1445 1203 1528 triumpho
1216 1427 1343 1543 umquem,

154 1531 319 1612 inminens,
330 1545 451 1616 quem¹,
467 1534 592 1596 ebsente
607 1532 732 1594 consule
750 1533 828 1594 irato
844 1541 934 1614 etque
949 1530 1113 1609 invidente,
1125 1531 1203 1593 feci·
1215 1505 1284 1556 1²0⁰·

155 1617 213 1680 lius
237 1621 395 1702 impetrari
413 1641 503 1703 posse
517 1631 611 1699 ratus,
633 1617 762 1680 Romam
778 1619 937 1700 inopinato
953 1637 1045 1698 quum
1059 1617 1204 1697 venisset,

155 1716 297 1768 senatum
318 1708 348 1769 iu
373 1708 437 1769 aede
451 1705 585 1770 Bellone
608 1706 736 1768 hebuit:
759 1704 963 1786 expositisque
987 1704 1075 1766 rebus
1097 1705 1205 1786 gestis,

154 1802 193 1853 ut
207 1793 408 1876 triumphanti
423 1794 480 1856 sibi
495 1794 528 1854 in·
542 1795 647 1855 urbem
662 1792 764 1853 invehi
779 1791 893 1868 liceret,
908 1790 996 1872 petit.

198 1876 343 1942 XLVlll.
365 1879 457 1964 Apud
483 1899 626 1961 magnum
651 1888 769 1960 purtem
795 1887 915 1939 senatus
938 1887 972 1937 et
990 1876 1202 1958 magnitudine

152 1985 257 2028 ‘renim
272 1979 427 2049 gestarum
447 1967 578 2043 vslebet,
602 1975 634 2028 et
647 1965 755 2047 grstia.
800 1961 937 2044 Msjcres
952 1974 1029 2025 nutu
1046 1963 1203 2044 negabunt

155 2051 358 2136 triumphum,
380 2054 437 2116 ‘et
451 2053 532 2134 quod
549 2054 648 2115 alieno
664 2051 799 2114 exercitu
821 2071 885 2111 rem
904 2049 1056 2130 gessisset,
1072 2060 1105 2110 et
1117 2047 1202 2129 'quod
1216 2060 1357 2114 Variaeses.

152 2137 166 2170 ⁴
181 2142 370 2221 prouinciam
386 2141 556 2222 reliquisset
570 2139 715 2201 aviditate
730 2140 757 2183 ⁷³
767 2136 904 2218 rapiendi
920 2145 992 2218 per!
1009 2135 1203 2196 occasionem
1215 2128 1333 2180 tenuem

155 2223 329 2312 ‘triumphi
342 2249 353 2306 3
377 2227 409 2290 id
423 2247 494 2288 vero
509 2246 578 2288 eum
593 2224 678 2286 nullo
693 2223 834 2306 exemplo
848 2219 975 2284 fecisse?
1022 2219 1204 2284 Consulares
1219 2204 1310 2246 'm‘

155 2314 318 2462 pppue,
331 2313 612 2462 heliliimdi‘l
626 2306 1207 2459 {similitudimem

158 2483 170 2516 ‘
184 2499 218 2549 ut
232 2423 307 2550 agee
307 2423 374 2550 lion
391 2419 625 2563 deceniellepin
637 2416 803 2546 sdventlrm
818 2441 883 2563 ejlrs
895 2499 959 2543 rem
974 2439 1146 2542 extraheres
1161 2495 1206 2560 et,

156 2569 267 2653 ‘quod
281 2584 390 2657 praetor
402 2594 464 2635 non
480 2572 613 2649 iecisset,
634 2570 753 2633 seustui
773 2567 948 2630 faciendum
963 2588 1039 2628 esse.
1083 2564 1206 2653 Consu-

155 2656 242 2721 ‘lem
254 2671 488 2743 exspectarentz
512 2660 563 2720 ubi
574 2677 678 2719 corum
695 2657 899 2738 disceptantes
911 2653 1068 2716 consulem
1080 2665 1112 2715 et
1127 2675 1205 2734 proe·

155 2744 168 2778 ‘
182 2757 282 2809 torem
293 2748 459 2825 audissent,
468 2747 566 2808 verius
575 2746 614 2807 de
623 2763 730 2805 ceusss
738 2742 963 2804 existimaturos
975 2737 1062 2801 esse?
1085 2737 1205 2821 Magna

155 2851 226 2915 pere
238 2847 362 2898 senatus
377 2834 453 2896 nihil
469 2844 577 2915 preter
588 2851 636 2894 res
651 2841 765 2911 gestes,
780 2840 813 2890 et
830 2849 869 2890 cn
881 2827 913 2888 in
928 2826 1109 2972 magistratp
1120 2827 1204 2972 lappis-

157 2917 1093 3086 thstitutum?tdi‘sfiltirtlitfittltlis
1104 2931 1206 3059 isli:

154 3092 169 3125 ⁴
184 3115 236 3156 cos
252 3095 401 3157 tumultus
416 3093 563 3176 obpositae
575 3091 714 3167 fuissent,
729 3108 822 3169 quum
833 3086 1024 3169 unsdirepts
1034 3095 1066 3147 et
1080 3085 1206 3146 incense

156 3179 170 3212 ‘
185 3192 278 3259 esset,
293 3180 548 3263 tmjecturumque
572 3179 603 3239 id
619 3175 805 3252 incendium,
820 3174 902 3235 velut
922 3193 961 3234 ex
976 3170 1205 3233 continentibus

154 3265 170 3298 ‘
185 3268 289 3346 tectis,
303 3269 335 3329 in
349 3267 474 3330 sltersm
485 3278 550 3328 tam
561 3263 764 3347 propinquam
776 3259 928 3322 coloniam
942 3269 1033 3333 esset,
1045 3256 1120 3336 quid
1134 3267 1205 3318 tsn-

159 3351 258 3416 ‘dem
280 3353 397 3437 pretori
418 3351 594 3415 faciendum
613 3347 726 3411 lusisse?
759 3344 852 3423 Num,
872 3344 897 3404 si
914 3342 979 3403 sine
1000 3341 1124 3403 consule
1139 3342 1204 3422 geri

158 3438 172 3472 ‘
184 3439 261 3502 nihil
272 3441 449 3523 oportuerit,
461 3449 515 3501 cut
526 3447 665 3499 senatum
676 3452 830 3516 peccasse,
841 3429 893 3511 qui
905 3428 1073 3490 exercitum
1085 3428 1206 3509 pretori

156 3523 171 3557 ‘
185 3526 315 3605 dederit,
334 3525 481 3608 (potuisse
496 3524 590 3601 enirn,
603 3525 629 3568 ⁷⁴
640 3520 738 3582 sinon
750 3537 819 3580 curn
832 3514 978 3600 pretoria,
994 3515 1047 3576 sed
1061 3513 1207 3592 consulis,

158 3611 319 3676 ‘exercitu
340 3633 406 3675 rem
428 3612 493 3694 geri
507 3609 647 3687 voluerit,
672 3606 717 3668 ita
731 3605 817 3668 finire
839 3601 1147 3678 senatusconsultum,
1166 3621 1206 3662 ne

157 3697 238 3781 ‘per
253 3711 424 3782 pretorem,
446 3697 502 3760 sed
526 3717 581 3779 per
596 3691 760 3769 consulem,
783 3688 948 3772 gereretur)
967 3699 1020 3752 sut
1039 3687 1210 3764 consulem,

158 3785 169 3818 ‘
186 3787 237 3866 qui
249 3807 322 3864 non,
334 3805 427 3866 quum
443 3785 610 3847 exercitum
625 3801 664 3842 ex
675 3777 796 3842 Etruria
808 3776 936 3840 transire
951 3775 983 3835 in
994 3771 1127 3835 Gelliam
1138 3773 1207 3855 jus·

160 3871 283 3952 ‘sisset,
300 3873 366 3956 ipse
377 3871 508 3933 Arimini
520 3865 698 3944 obcurrerit‚
713 3876 748 3926 ut
763 3863 843 3926 bello
859 3864 1027 3939 interesset,
1044 3859 1127 3940 quod
1142 3859 1210 3920 sine

356 3986 370 4012 ¹
387 3979 474 4043 premi.
484 3993 575 4042 cunique
584 3975 647 4041 llup.
802 3978 812 4013 Ι
829 3968 924 4032 perdel.
936 3969 1010 4016 Gmn.

170 4069 213 4114 »Ἦ
228 4069 245 4100 '
256 4068 444 4132 Suwlfnhms]
455 4070 569 4134 Superum
576 4065 665 4116 Mrlsss
697 4063 804 4140 melus]
824 4059 872 4135 Res
889 4059 993 4123 prolecto
1010 4068 1073 4118 gesta
1091 4068 1129 4105 est
1147 4069 1209 4104 con·

158 4147 341 4261 egem&
354 4201 532 4261 permenam
548 4196 667 4259 recem
697 4128 939 4255 iiilfliiiiisi,
946 4132 1082 4236 {illidi
1091 4122 1209 4250 {iiiiii

157 4262 550 4324 SieAndrsmssigenirmstMSS.
561 4262 666 4311 Hesrnii.
700 4276 745 4324 que
761 4257 872 4322 pretoris,
887 4254 981 4302 sbseuts
994 4251 1097 4331 consule.
1124 4252 1209 4327 ltaque

159 4329 315 4378 semem
325 4330 436 4380 editiones
446 4329 506 4378 mels
516 4327 628 4378 omittunt
638 4326 667 4376 ‘nl
698 4328 738 4374 hic
748 4324 831 4388 aliquid
839 4321 928 4368 videtur
938 4335 988 4368 ens
1002 4320 1089 4368 mendi.
1120 4314 1210 4366 luben-

156 4409 214 4500 Nll
230 4459 255 4510 u·
270 4391 315 4514 rias
329 4477 380 4512 cnm
394 4462 504 4527 meris,
522 4461 559 4514 ud
573 4457 669 4513 motulis
698 4385 1045 4518 mlzssedldolnudltm
1055 4381 1212 4448 lma
