3044 5194
386 379 426 436 64
795 369 879 436 'PITI
900 359 1000 434 LIVII
1065 401 1068 406 ·

212 533 353 590 unser.
381 547 501 590 morum
527 542 693 611 pugnaeque
720 527 802 590 hosti
830 527 929 612 aptius
954 533 1030 587 erat.
1052 518 1105 585 ubi
1120 519 1247 585 conferti
1261 519 1367 583 hastas
1381 517 1431 583 in-

213 603 350 660 A·⁰·¹⁹⁸·
379 616 480 698 gentis
507 615 704 696 longitudinis
730 637 790 697 prae
815 636 848 675 se
871 611 1058 675 Macedones
1082 609 1275 692 objecissent,
1296 609 1430 671 velutin

288 736 291 744 v
380 713 585 764 constructam
611 702 763 765 densitate
786 700 953 782 clipeorum
979 697 1164 760 testudinem
1191 695 1335 774 Romani,
1362 695 1430 777 pilis

378 789 584 870 nequidquam
599 782 727 866 emissis,
750 807 843 869 quum
866 785 1059 847 strinxissent
1073 783 1212 864 gladi0s3
1238 801 1339 864 nequo
1354 801 1430 843 corr·

378 875 465 958 gredi
480 877 618 958 propius,
632 893 732 954 neque
747 872 910 954 praecidere
925 873 1029 934 hastas
1044 879 1207 952 poterantr
1231 879 1273 956 et,
1289 869 1313 930 si
1329 877 1429 952 quas·

378 961 568 1040 incidissent,
606 971 659 1022 aut
695 958 927 1042 praefregissent,
964 957 1088 1018 hastilia
1106 965 1122 994 ¹
1153 955 1327 1037 fragmento
1362 955 1429 1037 ipso

378 1059 479 1126 acuto,
506 1049 586 1109 inter
619 1046 734 1129 spIcula
757 1046 943 1126 iutegrarum
967 1043 1134 1120 hastarum,
1163 1043 1191 1088 ⁷⁰
1206 1042 1289 1103 velut
1316 1041 1428 1103 vallum

377 1134 543 1216 explebant
552 1143 577 1195 ⁰.
621 1132 671 1194 Ad
697 1132 756 1194 hoc
782 1142 813 1194 ct
837 1131 914 1192 muri
938 1149 1008 1212 pers
1035 1129 1135 1192 adhuc
1159 1128 1279 1212 integra
1300 1137 1429 1209 utraque

376 1231 446 1282 tuta
472 1219 637 1301 praestabat
661 1219 778 1280 lateras
813 1237 872 1278 nec
893 1237 932 1278 ex
955 1216 1049 1297 longo
1064 1215 1164 1298 spatio
1179 1225 1232 1276 aut
1246 1213 1429 1292 cedendum,

376 1315 430 1368 aut
456 1305 577 1388 inpetus
602 1303 759 1366 faciendus
783 1313 871 1381 eret3
905 1323 970 1384 quae
996 1321 1044 1364 res
1064 1303 1186 1363 turbere
1202 1301 1325 1363 ordines
1340 1302 1429 1364 solet.¹

375 1391 517 1454 Accessit
533 1391 769 1453 ctiamfortuita
783 1411 831 1452 res
846 1389 886 1450 ad
901 1390 1018 1450 animos
1037 1407 1142 1450 eorum
1156 1387 1334 1451 firmandos.
1357 1407 1427 1449 nam

376 1497 471 1559 quum
486 1478 575 1539 turris
589 1497 643 1560 per
661 1496 803 1559 aggerem
829 1495 935 1558 pamm
960 1474 1079 1537 densati
1103 1473 1159 1536 soli
1186 1485 1337 1556 ageretur,
1364 1485 1428 1536 rota

375 1584 438 1625 una
463 1564 496 1625 in
520 1564 658 1625 altiorem
679 1563 811 1626 orbitam
838 1562 982 1645 depressa
1006 1561 1050 1622 its
1076 1561 1181 1623 turrim
1205 1561 1375 1639 inchoavit,
1395 1571 1428 1622 ut

376 1650 512 1731 speciem
528 1651 642 1712 ruentis
666 1650 815 1726 hostibus,
837 1645 1133 1731 trepidationemque
1158 1647 1298 1710 lnsansm
1322 1667 1426 1730 super-

320 1795 324 1804 ,
376 1737 527 1798 stantibus
543 1737 668 1798 armatis
682 1735 850 1818 praebuerit.

354 1807 376 1842 ’
419 1819 537 1885 XVIII.
581 1821 682 1893 Quum
705 1841 812 1906 parurn
838 1819 1003 1902 quidquam
1028 1819 1215 1898 succederet,
1236 1817 1344 1883 consul
1368 1821 1426 1883 mi·

377 1909 460 1970 nime
486 1927 573 1990 aequo
598 1909 702 1970 animo
727 1909 988 1990 comparationem
1018 1908 1150 1970 militum
1179 1908 1299 1988 generis
1325 1927 1426 1969 srrno·

378 2013 504 2075 rumque
529 1994 594 2056 lieri
619 1996 816 2077 pariebsmr:
854 1993 943 2055 simul
970 2013 1027 2056 nec
1053 2005 1206 2056 maturam
1232 1994 1424 2075 expugnandi

381 2100 478 2163 spem,
500 2102 557 2143 nec
571 2083 722 2144 rationem
737 2080 844 2164 procul
859 2101 879 2142 s
892 2080 969 2142 mari
985 2093 1016 2142 et
1031 2081 1062 2142 in
1077 2079 1221 2142 evesmtis
1240 2079 1312 2142 belli
1327 2079 1427 2142 cladi·

212 2180 348 2232 Rsinfaers
376 2167 432 2229 bus
459 2167 533 2229 locis
562 2168 742 2230 hibernandi
765 2168 858 2230 ullam
892 2168 1046 2229 cemehat.
1077 2167 1181 2248 itaque
1211 2165 1320 2228 relicta
1346 2167 1427 2229 obsi-

212 2247 326 2298 uiscus
378 2253 480 2332 dione,
512 2254 708 2335 quianullus
735 2255 766 2316 ln
797 2264 865 2317 tots
888 2252 1069 2315 Acarnania
1100 2263 1190 2334 atque
1221 2249 1347 2315 AEtolise
1374 2273 1428 2315 ora

378 2353 483 2424 portus
507 2351 584 2417 erat,
607 2342 658 2422 qui
682 2339 772 2418 simul
787 2353 819 2404 et
834 2360 941 2402 omnes
956 2340 1121 2418 onerarias,
1141 2359 1206 2420 quae
1221 2350 1425 2402 commeatum

379 2426 525 2488 exercitui
550 2428 724 2508 portabant,
756 2438 890 2506 caperet,
912 2439 944 2490 et
965 2437 1048 2489 tecta
1073 2425 1113 2487 ed
1138 2425 1359 2488 hibernandam
1383 2427 1427 2488 le-

210 2512 520 2593 manum-gionibus
546 2514 702 2593 preberet,
731 2515 756 2559 ⁷¹
772 2511 921 2596 Anticyra
946 2513 977 2573 in
1002 2511 1146 2590 Phocide,
1174 2511 1206 2574 in
1233 2511 1426 2575 Corinthium

213 2596 334 2644 ¹³0¹·I20
377 2619 465 2662 uersa
479 2599 591 2676 sioum,
616 2599 656 2660 ad
682 2598 714 2659 id
737 2598 992 2681 opportunissime
1016 2599 1076 2660 sita
1089 2598 1174 2660 visor
1197 2597 1267 2679 quis
1280 2617 1338 2660 nec
1354 2620 1426 2682 pro·

213 2671 295 2726 apra.

379 2685 428 2748 cul
460 2681 620 2747 Thessalia
655 2684 848 2765 hostiumque
878 2683 953 2746 locis
989 2685 1153 2763 abibanty
1172 2695 1204 2746 et
1230 2703 1269 2746 ex
1296 2683 1426 2747 adverso

380 2770 622 2854 Peloponnesum
638 2771 749 2853 exigno
763 2771 854 2833 meris
876 2771 976 2854 spatio
1000 2771 1139 2849 divisam,
1161 2770 1199 2831 ab
1224 2780 1309 2852 tergo
1331 2767 1426 2832 AEto-

379 2858 454 2920 liam
478 2855 751 2940 Acamaniamque,
773 2859 811 2919 ab
835 2857 979 2920 lateribus
1005 2855 1168 2920 Locridem
1191 2865 1252 2918 uc?
1273 2853 1425 2919 Boeotiam

379 2945 544 3007 habebant.
596 2941 738 3006 Phocidis
763 2944 862 3026 primo
891 2943 996 3025 inpetu
1025 2942 1213 3006 Phanoteam
1239 2943 1304 3004 sine
1325 2953 1427 3006 certu-

379 3031 462 3092 mIne
491 3031 582 3114 cepit.
631 3029 780 3113 Anticyra
803 3029 885 3090 haud
909 3029 1040 3091 multum
1063 3030 1095 3091 in
1121 3028 1327 3111 obpugnando
1351 3049 1426 3112 prse-

379 3115 448 3178 buit
469 3139 570 3179 morae.
614 3115 780 3200 Ambrysus
804 3115 875 3177 inde
897 3113 1138 3199 Hyampolisque
1155 3125 1296 3198 receptur.
1340 3113 1426 3176 Dau-

380 3203 428 3281 lis,
453 3204 524 3285 quis
546 3203 578 3266 in
598 3203 716 3266 tumulo
731 3200 852 3263 excelso
867 3201 926 3264 sits
941 3211 998 3280 est,
1020 3222 1076 3264 nec
1090 3201 1190 3279 scolis,
1212 3221 1269 3262 nec
1284 3202 1425 3283 operibus

379 3287 449 3371 cepi
479 3301 611 3373 poterat.
632 3287 822 3351 lacessendo
853 3287 1016 3349 missilibus
1046 3307 1109 3365 eos,
1139 3288 1190 3370 qui
1222 3287 1255 3348 in
1288 3287 1425 3370 praesidio

379 3386 479 3482 Ἧι,
502 3397 596 3457 quum
612 3373 652 3438 ad
667 3375 859 3438 excursiones
874 3373 1058 3452 elicuissent,
1080 3370 1258 3454 refugiendo
1278 3371 1310 3434 in
1330 3371 1424 3435 vicem

380 3459 638 3544 insequendoque,
677 3471 709 3522 ct
743 3460 857 3524 levibus
891 3460 956 3522 sine
988 3460 1097 3522 effectu
1127 3459 1354 3538 certaminibus,
1390 3477 1426 3520 eo

379 3544 580 3627 neglegentiae
595 3559 628 3608 et
642 3557 814 3610 contemtus
833 3544 1034 3626 adduxerunt,
1056 3545 1090 3609 ut
1116 3565 1186 3608 curn
1210 3545 1426 3626 refugientibus

382 3629 414 3691 in
441 3641 561 3712 portam
587 3633 730 3716 permixti
755 3634 900 3717 impetum
925 3629 1056 3696 Romani
1080 3633 1226 3696 facerent.
1280 3629 1343 3692 Sex
1370 3625 1427 3692 alis

381 3715 530 3797 Ignobilia
554 3719 680 3781 castella
703 3719 845 3782 Phocidis
871 3731 984 3782 terrore
1010 3719 1118 3800 magis,
1149 3737 1240 3800 qusrn
1267 3717 1370 3795 ermis,
1396 3716 1425 3777 in

379 3813 567 3887 potestatem
581 3817 736 3869 venerunt.
779 3804 881 3868 Elatia
899 3804 1008 3868 clausit
1022 3817 1144 3888 portas:
1168 3825 1236 3886 nec,
1250 3803 1308 3865 nisi
1328 3803 1359 3866 vi
1374 3823 1423 3864 co·

412 3935 431 3962 Ν
441 3945 506 3992 quum
518 3919 590 3978 Grou.
602 3931 672 3981 Crsr.
748 3935 759 3961 ¹¹
771 3929 847 3978 hastile
855 3927 919 3977 ser.
995 3929 1007 3952 ⁰
1021 3927 1117 3992 esplebct
1127 3925 1192 3975 an.
1268 3931 1281 3968 Ρ
1297 3935 1319 3974 et
1330 3923 1395 3974 Eaerl.

413 4035 438 4074 ⁷⁰
458 4036 474 4067 '
499 4037 564 4088 Velut
584 4039 668 4088 uallum
688 4037 794 4102 esplebut]
822 4039 884 4089 varri
924 4038 941 4086 I.
954 4049 1027 4088 xxvr.
1038 4055 1060 4088 c.
1073 4039 1113 4088 26.
1124 4039 1148 4086 in
1159 4037 1255 4086 locride
1264 4036 1350 4102 posuit.
1383 4034 1425 4084 Serl

378 4104 473 4153 nornine
482 4103 582 4168 designet
591 4105 667 4152 Liuius
675 4117 791 4169 porrectas
801 4105 885 4152 Msee·
924 4103 1033 4152 nimirum
1044 4103 1101 4151 flues
1112 4103 1217 4151 Phocidis
1234 4111 1257 4149 et
1276 4099 1383 4150 LocrIdis
1399 4101 1426 4148 ad

380 4171 468 4216 donum
486 4169 585 4227 Iadssas,
603 4169 884 4233 quaevelusvallosclem
926 4169 994 4216 maris
1020 4182 1086 4217 oram
1112 4179 1166 4216 sunt
1195 4167 1317 4215 admodum
1336 4166 1427 4215 incerti.

381 4233 474 4280 illorum
485 4234 608 4296 sepiebant.
637 4233 728 4282 Vallum
740 4245 818 4283 erstem
830 4233 885 4281 illud
925 4233 992 4282 Illuc
1013 4234 1049 4281 illa
1067 4233 1225 4290 inconstanth,
1243 4242 1268 4280 et
1286 4231 1426 4280 diversorum

381 4296 514 4358 explebatur
532 4300 602 4346 etism
619 4313 660 4361 per
679 4301 769 4347 concisa
786 4301 886 4347 indens
926 4311 1044 4346 suetonum
1062 4298 1124 4346 inter
1143 4314 1177 4355 se,
1191 4311 1250 4360 sape
1271 4297 1340 4343 etism
1363 4295 1428 4344 unius

382 4361 480 4418 hostilis,
494 4361 525 4408 irs
544 4375 570 4410 ut
586 4363 645 4412 nihil
661 4365 683 4412 in
696 4381 724 4413 eo
734 4365 812 4421 secui,
826 4363 886 4411 nihll
926 4365 1023 4411 auctorit
1033 4379 1110 4412 secum
1123 4365 1173 4428 ipso
1182 4378 1263 4427 pugna.
1280 4359 1333 4410 viu.
1345 4361 1429 4410 curer.

383 4425 469 4474 hirnus
480 4437 520 4474 aut
530 4429 611 4491 spertI,
624 4441 692 4479 seret.
927 4425 1057 4494 Gsograph.
1069 4431 1177 4493 antique
1190 4429 1206 4478 l.
1219 4441 1248 4479 rr.
1258 4441 1280 4477 c.
1294 4427 1332 4478 1³.

414 4491 436 4535 7¹
449 4491 557 4556 Anticyra
567 4495 593 4542 s'n
610 4491 716 4559 Phocida]
732 4494 790 4546 Eam
803 4493 889 4553 urire.
