3038 5200
329 391 567 458 numm
586 370 825 459 cantum
1051 399 1107 454 ns

73 559 101 612 et
126 554 263 630 tempore
293 549 331 610 ad
356 569 423 612 eam
451 571 513 612 rem
539 561 641 633 capto,
665 571 757 632 quum
788 551 820 611 in
849 547 972 632 publico
1001 549 1106 632 epula-
1122 564 1154 614 v.
1165 563 1194 616 c.
1206 561 1277 613 aaa:

72 646 115 696 tus
139 645 336 696 reverteretur
358 635 481 697 domum
508 637 704 713 temulentus,
730 635 981 717 prosequentibus
1003 633 1105 696 molli·
1119 631 1189 682 bc·
1203 627 1257 680 ¹⁹⁶·

71 721 123 781 bue
136 719 218 796 viris,
238 720 289 802 qui
308 719 372 802 joci
393 741 500 783 caussa
519 721 657 782 convivio
683 721 795 782 celebri
820 721 1038 796 interfuerant3
1067 720 1106 780 ab

73 823 121 866 sex
132 805 269 882 armatis,
285 825 410 886 quorum
426 818 487 868 tres
503 805 613 883 ltalici,
629 819 691 867 tres
711 803 838 868 AEtolici
860 817 958 884 erant,
976 806 1106 867 circum-

6 905 7 916 *
72 901 172 951 ventus
184 891 345 952 occiditur.
389 891 474 973 Fuga
488 893 636 953 comitum
659 901 692 953 ct
713 891 867 972 quiritatio
888 893 981 969 lacta,
1007 903 1037 953 et
1057 903 1107 954 tu·
1120 895 1245 948 oceidiarr·

6 993 8 1034 ε
71 975 178 1038 multus
192 987 260 1038 tota
280 977 355 1038 urbe
371 977 604 1039 discurrentium
629 997 699 1038 cum
723 977 896 1038 luminibus.
919 997 1108 1058 percussores

6 1053 7 1122 Ϊ
72 1061 207 1142 proxima
239 1073 328 1143 porta
354 1073 522 1124 euaserunt.
577 1059 661 1122 Luce
695 1061 794 1143 prima
823 1063 932 1122 concio
961 1061 1110 1143 frequens,

73 1147 186 1208 ³'velut
209 1157 349 1209 exstante
375 1148 500 1223 indicio,
527 1147 567 1207 ad
591 1166 698 1208 vocem
717 1148 868 1230 proeeonis
889 1159 1056 1210 convocata
1079 1151 1112 1210 in

74 1233 191 1294 theatro
205 1244 281 1293 erat.
327 1231 434 1292 Palam
459 1233 498 1292 ab
519 1251 575 1293 suo
598 1233 743 1294 comitatu
766 1241 797 1294 et
819 1233 970 1294 obscaenis
993 1233 1051 1294 illia
1066 1235 1113 1294 ri-

73 1318 110 1378 rls
134 1317 306 1378 fremebant
328 1317 540 1378 interfectum:
567 1317 675 1377 animis
701 1327 802 1378 autern
825 1316 1014 1398 Zeuxippum
1041 1339 1114 1380 auc·

71 1414 169 1464 torem
185 1402 383 1464 destinabant
397 1401 496 1462 cadis.
540 1399 575 1462 ln
591 1403 749 1482 praesentia
773 1402 889 1483 placuit
911 1405 1114 1486 comprehen-

69 1487 99 1548 di
124 1508 190 1563 eos,
216 1487 266 1567 qui
297 1487 385 1548 simul
409 1487 544 1562 fuissent,
576 1487 834 1568 quastionemque
860 1507 899 1547 ex
924 1487 972 1548 his
999 1488 1114 1550 haberi.

73 1571 219 1654 quidum
244 1581 424 1652 quaemntur,
448 1570 633 1653 Zeuxippus,
661 1571 811 1632 consimili
837 1572 941 1632 animo
956 1573 1112 1634 avertendi

74 1659 110 1718 ab
125 1675 156 1716 se
180 1657 315 1717 criminis
340 1676 446 1717 caussa
468 1655 500 1716 in
527 1656 707 1717 concionem
733 1677 920 1740 progressus,
943 1677 1042 1720 errare
1069 1659 1115 1720 ait

74 1742 220 1817 homines,
241 1740 292 1821 qui
314 1751 378 1802 tam
402 1751 537 1803 atrocem
552 1741 665 1802 caedem
688 1743 838 1824 pertinere
855 1742 894 1802 ad
909 1742 977 1802 illos
992 1743 1115 1806 semivi-

74 1849 122 1890 ros
142 1827 317 1902 crederent;
346 1827 500 1907 multaque
523 1826 555 1888 in
579 1847 647 1887 cam
672 1837 789 1909 partem
810 1827 1007 1910 probabiliter
1026 1832 1115 1890 ⁸⁴ar·

74 1923 277 1994 gumentatus,
301 1913 409 1993 quibus
432 1911 526 1973 tidem
552 1903 634 1994 ‘apud
657 1913 806 1993 quosdam
830 1912 914 1988 lecit,
941 1933 1117 1994 numquam,

75 1999 97 2059 si
125 1998 264 2060 conscius
290 2007 380 2074 esset,
407 1997 578 2058 oblaturum
604 2018 636 2059 se
666 1997 866 2070 multitudini,
892 1997 1118 2060 mentionemve

9 2119 12 2128 .
75 2083 172 2162 credis,
187 2084 272 2144 nullo
293 2083 472 2159 lacessente,
494 2083 646 2144 facturum
667 2082 768 2144 fuisse.
813 2081 875 2142 Alii
896 2101 958 2142 non
972 2082 1120 2161 dubitare,

75 2169 193 2231 obviam
209 2167 311 2230 eundo
326 2168 509 2249 inpudenter
521 2167 656 2228 criminis
671 2167 875 2248 suspicionem
891 2168 996 2228 averti.
1038 2165 1120 2230 Tor·

75 2256 195 2336 tipost
216 2253 320 2336 paullo
341 2254 490 2329 insontes,
517 2272 609 2333 quum
632 2253 745 2314 scirent
766 2253 823 2332 ipai
849 2251 1026 2334 opinionem
1052 2273 1120 2314 om-

74 2341 170 2418 nium,
193 2359 232 2400 ea
253 2360 309 2420 pro
326 2337 442 2399 iudicio
464 2337 521 2415 usi,
542 2335 732 2419 Zeuxippum
754 2348 787 2398 et
805 2335 995 2399 Pisistratum
1018 2339 1119 2400 nomi·

73 2435 246 2487 naverunt:
270 2423 353 2484 nullo
369 2420 503 2503 adjecto,
526 2443 579 2484 cur
597 2423 674 2484 scire
687 2419 854 2502 quidquam
868 2422 1050 2501 viderentur,
1071 2443 1120 2484 ar-

72 2511 235 2592 gumento.
278 2507 451 2590 Zeuxippus
478 2519 580 2568 tamen
604 2527 675 2568 cum
690 2505 866 2568 Stratonida
881 2508 1011 2588 quodam
1028 2519 1120 2572 noete

74 2595 212 2678 perfugit
229 2591 416 2675 Tanagram,
439 2613 524 2653 suam
551 2593 648 2674 magis
671 2594 900 2670 conscientiam,
925 2613 1016 2674 quarn
1039 2592 1123 2656 indi·

75 2682 154 2744 cium
178 2679 335 2742 hominum
362 2678 474 2740 nullius
497 2679 539 2739 rei
561 2679 763 2757 consciomm,
788 2690 939 2741 metuens.
982 2677 1123 2742 Pisistra-

76 2779 136 2848 tus,
150 2766 261 2848 spretis
284 2764 445 2841 indicibus,
471 2759 585 2825 Thebis
610 2765 730 2826 mansit.
775 2761 884 2826 Servus
905 2775 973 2826 crat
987 2763 1123 2848 Zeuxip·

75 2873 124 2934 po,
146 2852 241 2914 totius
264 2851 469 2912 internuncius
481 2861 511 2910 et
534 2849 674 2911 minister
689 2849 731 2911 rei
741 2872 751 2926 3
772 2869 863 2930 quern
882 2849 1015 2911 indicem
1031 2849 1123 2912 Pisis·

77 2949 176 2999 tratus
192 2938 314 3015 timens,
335 2958 373 2998 eo
391 2937 458 3018 ipso
474 2935 584 2997 timore
609 2934 649 2995 ad
665 2935 811 2996 indicium
835 2936 995 3017 protraxit.
1039 2933 1124 3000 Lise-

76 3024 179 3084 rasad
202 3021 392 3104 Zeuxippum
408 3021 515 3097 mittit,
535 3021 674 3081 ‘servum
697 3022 852 3082 conscium
877 3020 1009 3082 tolleret.
1053 3019 1126 3082 Non

76 3109 86 3142 ‘
99 3119 166 3170 tam
176 3108 322 3169 idoneum
333 3107 373 3168 ad
379 3105 610 3167 celandamrem
620 3127 690 3167 eum
698 3105 794 3166 videri
805 3105 969 3186 sibi,quam
981 3105 1022 3168 ad
1033 3126 1127 3188 agen-

75 3195 178 3256 ‘dam
194 3191 304 3254 fuerit!
349 3190 416 3272 Hps
431 3191 483 3270 qui
506 3191 576 3250 tulit
596 3191 712 3265 literas,
732 3189 859 3270 ”jussit
872 3187 1034 3271 Zeuxippo
1056 3192 1129 3252 dare

75 3278 316 3361 quamprimum.
339 3273 470 3355 is,'quia
489 3293 552 3334 non
573 3274 630 3334 sibi
646 3274 846 3335 conveniendi
861 3272 925 3352 ejus
947 3274 1040 3354 copia
1061 3275 1130 3352 fuit,

75 3365 135 3448 ipsi
169 3361 215 3424 illi
243 3378 339 3436 servo,
364 3379 454 3439 quem
481 3378 518 3418 ex
545 3357 684 3419 omnibus
711 3357 836 3420 domiuo
860 3357 1042 3419 fidissimum
1065 3379 1131 3421 ere·

78 3451 188 3526 debat,
217 3445 363 3508 tradidit:
389 3456 422 3506 et
447 3441 569 3524 adjecit,
593 3466 612 3505 a
635 3441 793 3504 Pisistrato
819 3441 857 3504 de
884 3463 916 3503 re
943 3463 1132 3528 magnopere

77 3535 259 3619 pertinente
274 3530 314 3592 ed
324 3527 513 3612 Zeuxippum
526 3549 601 3590 esse.
647 3527 841 3590 Conscientia
859 3529 948 3608 ictus,
964 3549 1056 3610 quum
1072 3551 1128 3593 ex-

77 3779 141 3826 lbio
158 3779 249 3826 Helua.
289 3775 380 3824 lltboe
396 3776 484 3833 omisit,
499 3775 590 3838 quode
654 3773 677 3810 ³³
694 3775 708 3803 “
724 3774 788 3822 Velut
813 3783 907 3824 adonta
933 3775 1025 3836 indicio]
1054 3773 1127 3828 Quasi

81 3841 591 3969 ..tttttuttuf‘zll‘tllt
622 3849 738 3952 titt}
759 3839 1025 3967 ild‘diffffl?
1036 3839 1130 3965 {liii}

738 3934 748 3960 r
773 3959 776 3966 .

80 3971 277 4020 communicatum
303 3969 389 4019 solere:
427 3984 526 4031 eumque
553 3985 592 4018 re·
622 3970 814 4018 eredisractorer.

81 4035 347 4100 spondiaaemquidem
364 4035 415 4098 ejus
426 4034 512 4082 consilii
521 4034 592 4098 parri-
666 4035 687 4069 ¹⁴
703 4027 887 4095 Argumentum]
925 4031 1003 4091 Magis
1027 4031 1132 4094 placeret

85 4102 159 4164 cipem
169 4101 233 4150 nolle
246 4100 312 4160 [ποι-ῖς
324 4099 465 4155 cateruam}
476 4099 527 4161 quir
542 4113 592 4146 rem
622 4097 697 4156 nobis,
716 4111 743 4144 ut
764 4107 788 4145 et
804 4095 855 4143 Jao.
867 4095 997 4152 monario,
1012 4111 1133 4161 arginem.

80 4165 137 4216 ¹velit
148 4165 244 4228 exequi,
254 4164 343 4212 nullm
358 4163 480 4212 allaturum
496 4161 592 4226 impedi·
624 4170 693 4210 tatatr.

86 4242 294 4292 meminensque
314 4229 383 4276 etiam
400 4229 492 4290 jamim
513 4227 591 4275 eosds
654 4226 676 4261 ⁸⁵
691 4223 881 4284 Jurdtzeuaippo
897 4224 950 4271 dore
965 4227 1130 4286 ponpam

84 4293 123 4342 ilh
140 4311 166 4344 re
188 4310 256 4355 egere
274 4309 327 4343 eum
347 4289 591 4344 AlexameneAEtolo-
623 4289 718 4351 lupulo]
732 4287 822 4336 Vocula
833 4285 856 4334 la
866 4285 895 4334 ab
904 4287 972 4335 unico
982 4288 1021 4336 illo
1031 4289 1131 4350 Mogon-

83 4373 135 4407 rura
153 4371 261 4422 pectore,
281 4358 361 4422 quiet
381 4358 495 4405 ministros
515 4355 593 4415 credis,
624 4353 849 4402 rinocodiceabeat.
882 4352 976 4400 Scribe:
989 4352 1131 4416 Hasqaita-

84 4435 132 4473 tres
150 4423 251 4480 AEtoloa,
267 4435 314 4472 tres
326 4421 418 4470 Italicos
434 4419 592 4484 suppeditare·
625 4419 650 4466 lit
663 4419 755 4478 litteras,
767 4417 845 4478 jarras
862 4415 969 4478 Zemlppo
984 4419 1039 4466 dare
1054 4433 1133 4481 quors-

84 4488 121 4539 rit.
148 4487 424 4551 th.l²ol.inllxcerpa
436 4485 552 4548 lagae&
621 4483 856 4548 perrumpitque.
874 4479 1045 4532 Gaoxovrur.

124 4573 201 4621 VOL.
218 4573 272 4617 111.
677 4567 688 4610 l
