3068 5186
434 349 512 412 LlB.
525 349 700 412 xxxvm.
714 353 795 412 CAP.
810 352 877 414 Vll.
1128 353 1184 414 aar

143 499 299 585 trahantur,
314 519 346 570 et
368 510 393 554 ¹⁷
405 526 505 591 prope·
520 519 604 572 certa
617 508 759 572 fovebant
773 530 836 593 epe,
854 507 919 590 jam
935 507 1123 572 Nicandrum
1146 531 1186 574 ex
1198 527 1270 578 tnc.
1281 525 1336 574 tta.

145 593 320 674 composito
344 593 459 673 adfore,
483 607 515 658 et
538 605 625 677 terga
646 596 779 660 bostium
803 597 983 660 invasurum.
1042 595 1116 658 Haec
1138 618 1185 660 res
1199 589 1339 654 A·C·1⁸⁹·.

145 677 332 759 aliquamdiu
362 682 479 744 animos
508 682 708 763 pugnantium
724 683 894 746 sustinuit.
927 695 1072 762 ceterum,
1100 697 1209 766 post·,

146 785 238 845 quam
260 766 375 828 nullum
400 787 439 830 ex
461 769 632 850 composito
656 768 776 851 signum
801 791 821 831 a
846 770 907 832 suis
932 770 1133 853 accipiebant,
1156 783 1188 834 et

147 870 283 914 crescere
305 873 466 916 numerum
490 855 622 918 bostium
646 858 822 934 cernebant,
837 855 974 920 destituti
996 857 1116 938 segnius
1140 857 1188 920 in·

96 1002 108 1016 ,
147 948 241 1000 staret
272 950 437 1022 postremo,
451 962 484 1002 re
506 942 628 1020 omissa,
646 940 712 1024 jam
727 943 779 1004 vix
802 952 867 1005 tuto
889 955 1023 1026 receptu,
1040 943 1189 1025 fugientes
1251 937 1255 946 ’

146 1023 179 1086 in
204 1025 308 1088 urbem
333 1027 573 1109 compelluntur,
588 1040 674 1111 parte
697 1050 823 1112 operum
847 1030 981 1109 incensa,
1005 1042 1036 1091 et
1055 1030 1190 1114 pluribus

148 1109 316 1192 aliquanto,
346 1134 437 1196 quam
468 1115 524 1198 ipsi
558 1115 742 1194 ceciderant,
772 1115 950 1180 intersectis.
984 1117 1065 1198 quod
1095 1119 1120 1180 si
1151 1138 1190 1179 ex

147 1201 319 1281 composito
333 1212 404 1262 acta
426 1221 473 1263 res
488 1202 604 1278 fuisset,
619 1203 700 1264 haud
717 1202 840 1265 dubium
857 1215 934 1280 erat,
949 1205 1115 1286 expugnari
1130 1224 1191 1266 una

146 1285 254 1366 utique
283 1299 370 1370 parte
399 1309 494 1371 opera
522 1309 592 1350 cum
626 1309 736 1371 magns
772 1289 853 1350 caede
882 1289 1015 1352 hostium
1046 1291 1191 1373 potuisse.

145 1371 392 1452 Ambracienses,
413 1374 524 1456 quique
550 1375 630 1437 intus
651 1387 737 1438 erant
750 1372 860 1452 AEtdli,
874 1395 935 1436 non
951 1376 990 1436 ab
1004 1374 1069 1457 ejus
1093 1377 1190 1440 solum

147 1460 249 1520 noctis
270 1461 393 1543 incepto
415 1481 574 1539 recessere,
601 1461 654 1524 sed
682 1462 712 1522 in
743 1461 892 1542 reliquum
918 1481 1039 1542 quoque
1060 1474 1192 1545 tempus,

147 1546 231 1608 velut
251 1547 363 1629 proditi
389 1569 410 1608 a
430 1546 501 1625 suis,
516 1547 669 1629 segniores
694 1547 733 1610 ad
754 1546 888 1629 pericula
907 1558 1005 1608 erant.
1018 1546 1083 1628 jam
1100 1569 1191 1610 nemo

150 1631 369 1714 emptionibus,
383 1647 419 1696 ut
433 1646 516 1712 ante,
532 1634 562 1694 in
579 1635 728 1696 stationes
743 1633 886 1712 bostium,
902 1633 969 1712 sed,
984 1633 1122 1718 dispositi
1137 1655 1191 1718 per

82 1763 86 1774 .
149 1738 253 1782 muros
268 1731 300 1782 et
315 1731 423 1798 turres,
438 1741 477 1782 ex
492 1732 559 1782 tutu
575 1721 763 1803 pugnabant.
1090 1717 1093 1727 '

193 1802 264 1868 Vll.
288 1804 423 1884 Perseus,
451 1808 501 1868 ubi
527 1807 633 1870 adesse
662 1805 784 1869 AEtolos
814 1807 939 1886 audivit,
966 1807 1078 1870 omissa
1108 1807 1190 1870 obsi-

154 1890 244 1954 dione
266 1893 359 1971 urbis,
378 1913 470 1974 quam
493 1894 699 1976 obpugnabat,
722 1894 921 1977 depopulatus
943 1895 1062 1958 tantum
1093 1913 1193 1976 agros,

152 1977 405 2062 Arrrpbilociamh
428 1981 568 2060 excessit,
590 1991 681 2062 atque
703 1982 735 2043 in
757 1979 974 2044 Macedoniam
996 1981 1095 2042 rediit
1152 1979 1194 2044 Et

149 2062 274 2128 AEtolos
297 2065 368 2128 inde
391 2067 529 2130 avocavit
552 2067 709 2149 populatio
732 2068 890 2130 maritimae
910 2088 980 2130 orae.
1038 2065 1193 2128 Pleuratus

150 2149 322 2235 lllyriorum
353 2175 417 2232 rex,
446 2174 516 2216 cum
549 2154 708 2236 sexaginta
736 2153 844 2216 lembis
873 2151 1064 2216 Corinthium
1094 2153 1194 2216 sinum

150 2238 297 2318 invectus,
323 2239 474 2321 adjunctis
500 2239 693 2320 Acbaeorum,
715 2261 780 2323 quae
807 2239 904 2303 Patris
935 2252 1032 2318 erant,
1058 2239 1195 2316 navibus,

149 2325 307 2401 maritima
319 2323 444 2390 AEtoliae
458 2329 614 2395 vastabat,
624 2327 764 2390 adversus
782 2347 857 2409 quos
873 2327 956 2389 mille
975 2323 1073 2390 AEtoli
1097 2326 1193 2404 missi,

150 2432 342 2494 quacumque
368 2434 401 2474 se
427 2414 530 2476 classis
557 2414 776 2496 circumegerat
797 2435 850 2496 per
869 2412 992 2475 litorum
1018 2411 1194 2490 amfractus,

149 2497 337 2561 brevioribus
363 2501 478 2562 semitis
505 2501 716 2563 obcurrebant.
774 2499 816 2562 Et
841 2497 972 2562 Romani
997 2499 1037 2560 sd
1062 2497 1193 2560 Ambra-

150 2583 245 2663 ciam,
264 2586 397 2668 pluribus
421 2587 495 2649 locis
517 2587 681 2668 quatiendo
705 2587 849 2648 arietibus
872 2607 983 2663 muros,
1007 2585 1192 2666 aliquantum

150 2671 233 2732 urbis
256 2671 453 2734 nudaverant.
479 2693 535 2734 nec
558 2685 662 2734 tamen
681 2683 840 2756 penetrare
863 2672 895 2734 in
918 2673 1024 2735 urbem
1040 2682 1192 2753 poterant.

149 2753 232 2818 Nam
255 2769 287 2820 et
312 2759 376 2841 pari
397 2758 551 2820 celeritate
569 2780 663 2822 novus
679 2780 734 2842 pro
749 2760 850 2822 diruto
865 2779 967 2820 murus
982 2757 1192 2840 objiciebatur,

150 2855 184 2906 et
199 2845 319 2923 amati,
333 2845 427 2906 ruinis
442 2856 659 2928 superstantes,
675 2847 770 2908 instar
786 2845 967 2908 munimenti
983 2856 1079 2908 erant.
1128 2843 1192 2906 lta·

151 2951 222 3012 que,
236 2951 328 3014 quum
350 2943 459 3015 aperta
477 2933 506 2993 vi
528 2953 634 3015 parurn
655 2932 833 3016 procederet
855 2931 971 2996 consuli
991 2953 1049 3009 res,
1068 2931 1191 2992 cunicu-
1205 2953 1319 3006 cuniculo

151 3016 217 3078 lum
232 3017 396 3096 occultum,
411 3018 505 3080 vineis
528 3031 599 3082 ante
619 3031 764 3082 contecto
787 3018 867 3096 loco,
888 3037 977 3102 agere
998 3017 1139 3081 instituit.
1159 3033 1191 3080 et
1205 3020 1273 3100 nour.
1286 3024 1346 3072 Aru·

151 3103 349 3185 aliquamdiu,
365 3125 457 3186 quum
473 3104 537 3166 dies
557 3117 721 3186 noctesque
735 3105 767 3166 in
782 3125 872 3187 opere
887 3116 1000 3180 essent,
1016 3124 1076 3166 non
1093 3105 1190 3166 solum
1204 3086 1301 3202 ἓξὲξ

152 3191 209 3251 sub
223 3201 303 3253 terra
316 3191 476 3269 fodientes,
488 3192 541 3253 sed
554 3203 710 3273 egerentes
723 3191 817 3253 etiam
829 3191 963 3268 humum,
976 3189 1109 3254 fefellere
1120 3190 1190 3252 bos·
1295 3187 1301 3202 '

151 3287 227 3338 tem.
263 3277 409 3340 Cumulus
424 3290 548 3360 repente
559 3289 645 3340 terrac
660 3277 795 3340 eminens
811 3276 903 3338 index
918 3276 1016 3359 operis
1031 3276 1190 3359 oppidania

151 3361 220 3424 fuit.
235 3364 406 3446 pavidique,
427 3385 464 3426 ne
486 3363 563 3446 jam,
583 3365 714 3427 subrutis
735 3363 838 3440 muris,
862 3363 943 3426 facts
963 3363 994 3426 in
1017 3365 1121 3445 urbem
1142 3365 1191 3426 via

152 3463 243 3526 esset,
259 3439 371 3512 fossam
387 3451 466 3512 intra
481 3471 597 3514 murum
611 3473 636 3512 e
659 3451 782 3533 regione
796 3448 860 3531 ejus
874 3449 984 3532 operis,
1000 3451 1082 3531 quod
1096 3449 1190 3512 vineis

150 3547 325 3598 contectum
348 3549 424 3615 erat,
446 3537 555 3600 ducere
569 3537 742 3600 instituunt.
759 3535 842 3619 cujus
857 3537 914 3598 ubi·
927 3537 967 3598 nd
981 3547 1097 3598 tantam
1119 3537 1189 3600 alti-

151 3621 302 3701 tudinem,
317 3637 436 3705 quantae
457 3645 522 3686 esse
545 3625 643 3686 sulum
666 3623 802 3686 infimum
824 3623 956 3688 cuniculi
972 3635 1105 3704 poterut,
1119 3643 1190 3706 per·

151 3721 311 3788 venerunt,
333 3709 454 3772 silentio
475 3712 568 3790 facto,
583 3711 718 3794 pluribus
739 3709 813 3772 locis
830 3712 854 3748 ¹⁸
864 3731 934 3772 aure
957 3709 1091 3789 admota,
1107 3711 1189 3772 soni-

521 3814 533 3848 *
544 3819 678 3882 Ampln'luer'a
688 3818 761 3866 Grou.
772 3809 840 3869 Creu.

188 3897 318 3961 ¹⁷'Pmpe
333 3897 503 3966 certasosebent
520 3902 567 3966 epe]
585 3901 657 3950 Fore·
688 3904 779 3950 dionem
800 3889 1043 3957 Ambmeieneern,‘et
1065 3898 1114 3948 brer
1145 3901 1191 3962 iper

151 3962 210 4012 benc
239 3977 373 4028 pugnantes,
397 3968 546 4030 pugnantium
569 3967 657 4014 animos
689 3983 740 4030 quse
762 3983 775 4015 a
797 3967 862 4015 livio
887 3965 932 4014 hoc
953 3966 1004 4014 loco
1028 3979 1191 4014 memorentur.

151 4025 306 4078 incendebant
322 4047 392 4096 prope
410 4043 472 4097 seru
489 4048 529 4096 epe
548 4033 657 4080 euxiliia
689 4034 727 4082 Ex
752 4033 791 4080 illo
812 4033 920 4081 discimus
941 4031 1117 4080 Ambracienses
1144 4045 1191 4080 nou

150 4091 269 4143 Nicandro
279 4097 424 4147 mvenmtis.
688 4098 756 4146 modo
784 4113 840 4146 eure
864 4098 951 4146 educta
975 4107 1077 4160 mptesee
1102 4095 1191 4143 fodien-

188 4159 209 4192 ¹⁸
231 4163 293 4208 Aure
312 4163 408 4226 mrum]
443 4162 523 4215 Exstat
542 4161 656 4222 fragmen·
688 4163 746 4211 tium
768 4177 858 4221 sonum,
880 4164 920 4211 sed
938 4163 1044 4225 ammitte
1063 4161 1191 4210 aeramentis

98 4249 100 4252 ·
152 4231 204 4272 tuur
226 4225 382 4290 ·Polybianum
410 4229 438 4275 ab
462 4229 542 4290 llenr.
565 4227 657 4276 Valerio
688 4229 837 4288 tenuissimis,
855 4241 881 4277 ut
899 4227 991 4292 patinis,
1007 4239 1052 4276 etc.
1071 4243 1122 4290 quse
1138 4225 1191 4274 rub-

150 4292 344 4340 communicemur
361 4292 409 4342 Jrc.
429 4293 555 4352 Gronovio,
571 4303 598 4342 et
614 4309 656 4357 per
688 4294 796 4342 errltrntie
826 4293 851 4342 et
877 4294 1006 4340 resonantia
1035 4292 1063 4340 ad
1092 4291 1191 4340 exterio-⁸

151 4355 216 4405 hunc
233 4357 316 4468 publici
329 4359 387 4422 juris
397 4360 484 4408 facturn
495 4359 518 4407 irr
529 4360 653 4408 Dieeerret.
687 4374 736 4408 rem
751 4375 833 4408 tonum
850 4360 975 4408 indicerent
991 4358 1082 4406 ubinam
1100 4358 1190 4405 fodere·

152 4421 249 4484 Episto.
272 4423 299 4470 ad
320 4423 357 4471 lo.
377 4419 500 4486 Georgium
521 4425 654 4474 Graculum:
688 4437 733 4473 tur.
774 4425 827 4472 ldeo
847 4425 897 4472 lac.
917 4424 1051 4472 Gronovius⁴
1066 4423 1191 4486 strepicetur

154 4487 316 4553 quodquideru
326 4487 479 4552 fragmentum
490 4503 578 4556 spectat
595 4491 655 4540 cbi-
688 4489 788 4540 Livium
799 4491 837 4540 bie
856 4491 945 4540 dedisse
965 4504 1020 4538 aure
1037 4491 1076 4538 uri
1094 4489 1181 4536 admotu
