3100 5194
478 377 833 440 trausiricam
1037 409 1039 418 ·
1087 367 1115 382 ·’
1159 393 1176 446 s

140 532 295 616 aliquanto
309 531 426 618 minore
440 554 534 618 regno
544 549 624 600 essct
633 557 643 614 3
670 536 733 598 haec
748 535 855 620 eadem
873 538 1004 602 scribere
1019 538 1174 607 Aurelium
1190 560 1222 613 u.
1234 562 1263 614 c.
1274 563 1330 613 551.

140 619 313 688 consulibus
329 633 360 682 et
374 623 491 684 senatui
506 622 630 704 placuit.
1187 631 1220 678 A·
1230 627 1327 680 &2⁰1-

183 703 238 768 lV.
256 705 349 768 Exitu
373 705 461 789 hujus
485 710 557 770 anni
582 729 673 791 quum
701 713 727 749 ¹⁴
738 711 777 772 de
795 712 875 794 agris
894 697 1027 775 veterum
1043 715 1175 780 militum

140 791 268 854 relatum
293 805 383 872 esset,
407 795 457 875 qui
484 795 577 858 ductu
602 807 694 878 atque
721 799 855 880 auspicio
883 796 953 859 ¹⁸P.
976 797 1126 882 Scipionis
1143 804 1175 865 in

138 877 245 942 Africa
264 878 376 940 bellum
398 879 593 962 perfecissent
599 904 609 959 3
642 884 837 946 decreverunt
860 882 977 964 Patres,
996 899 1031 949 ut
1050 885 1098 948 M.
1115 886 1175 950 Ju-

139 965 207 1027 uius
223 977 334 1048 prator
349 967 440 1044 urbis,
456 968 481 1028 si
502 968 529 1029 ei
548 969 710 1049 videretur,
735 970 919 1034 decemviros
944 993 1017 1054 agro
1043 969 1174 1037 Samniti

137 1051 330 1135 Appuloque,
353 1054 434 1134 quod
458 1053 522 1136 ejus
544 1057 697 1138 publicum
723 1057 828 1139 populi
853 1056 983 1120 Romani
1003 1071 1092 1138 esset,
1108 1081 1173 1122 me-

138 1138 246 1200 tiendo
270 1137 490 1221 dividendoque
513 1155 642 1210 crearet.
686 1141 788 1205 Creati
809 1142 843 1206 P.
859 1141 1010 1222 Servilius,
1026 1145 1063 1216 Q.
1079 1144 1173 1209 Caci·

140 1224 197 1286 lius
220 1223 377 1303 Metellus,
402 1225 437 1288 C.
459 1243 491 1290 et
505 1225 552 1288 Μ.
567 1226 695 1306 Servilii,
722 1227 869 1308 (Geminis
894 1231 1039 1293 ambobus
1061 1254 1176 1314 cogno-¹

138 1331 210 1373 men
237 1312 315 1391 erat)
341 1310 377 1373 L.
401 1323 433 1373 et
454 1313 492 1374 A.
515 1311 639 1378 Hostilii
663 1315 805 1394 Catones,
827 1313 860 1375 P.
880 1313 987 1377 Villius
1005 1314 1174 1400 Tappulus,

140 1396 188 1459 M.
213 1396 333 1459 Fulvius
358 1397 494 1478 Flaccus,
517 1399 550 1462 P.
574 1399 672 1462 AElius
703 1399 810 1479 Paetus,
836 1399 875 1471 Q.
899 1399 1072 1464 Flaminius.
1118 1405 1175 1466 Per

139 1498 192 1546 eos
208 1484 284 1562 dies,
301 1487 325 1524 ¹⁶
336 1483 369 1546 P.
384 1483 469 1549 AElio
484 1487 605 1548 consule
620 1487 745 1548 comitia
766 1487 907 1564 habente,
924 1489 948 1533 ¹⁷
958 1489 1050 1550 creati
1065 1511 1174 1572 cousu-

138 1571 180 1632 les
211 1569 244 1632 P.
271 1567 422 1654 Sulpicius
450 1570 559 1650 Galba,
583 1571 619 1634 C.
642 1572 780 1634 Aurelius
807 1571 909 1636 Cotta.
952 1573 1095 1637 Praetores
1120 1598 1175 1639 ex·
1276 1635 1279 1642 .

139 1655 210 1718 inde
239 1656 323 1734 lacti,
353 1657 390 1728 Q.
419 1657 573 1721 Minucius
602 1658 708 1739 Rufus,
737 1658 773 1722 L.
803 1657 908 1722 Furius
940 1659 1104 1744 Purpureo,
1135 1663 1174 1733 Q.

139 1741 260 1805 Fuluius
283 1742 373 1824 Gillo,
398 1744 454 1806 Cn.
474 1743 596 1827 Sergius
621 1745 760 1808 Plancus.
803 1744 881 1808 Ludi
906 1745 1037 1808 Romani
1063 1750 1174 1812 scenici

139 1831 702 1988 titt‘ssitidtttlltlttit
718 1832 1174 1984 siiibllridffiiidlilibil'

139 2013 307 2065 stauratum
323 2015 378 2066 est.
417 2007 440 2044 ¹⁹
455 2005 657 2086 frumentique
672 2007 732 2066 vim
742 2006 907 2087 ingentem,
923 2005 1004 2087 quod
1018 2028 1056 2068 ex
1070 2006 1175 2070 Africa

141 2088 173 2151 P.
189 2087 294 2171 Scipio
317 2090 451 2167 miserat,
473 2092 626 2172 quaternis
650 2092 715 2154 aeris
739 2092 851 2175 populo
877 2112 946 2152 cum
972 2113 1089 2154 summa
1114 2094 1174 2156 lide

141 2189 173 2239 et
187 2175 287 2256 gratia
307 2176 479 2239 diviserunt.
521 2176 563 2240 Et
584 2178 694 2260 plebeii
721 2177 782 2238 ludi
805 2189 852 2240 ter
872 2179 930 2240 toti
952 2178 1110 2241 instaurati
1136 2179 1175 2240 ab

140 2263 276 2326 aedilibu's
301 2263 409 2344 plebis,
433 2262 469 2325 L.
490 2262 619 2347 Apustio
642 2262 768 2325 Fullone
792 2277 824 2326 et
848 2262 886 2334 Q.
910 2260 1047 2326 Minucio
1074 2264 1173 2326 Rufo:

140 2349 247 2429 quiex
261 2349 405 2412 aedilitate
418 2362 528 2433 praetor
547 2360 664 2412 creatus
684 2362 758 2413 erat.
781 2362 813 2412 et
835 2347 954 2430 'tinus
978 2351 1098 2433 epulum
1119 2351 1193 2413 luit·

142 2435 281 2497 ludorum
296 2456 412 2498 caussa.

184 2518 223 2582 V.
239 2525 263 2560 ²¹
276 2521 367 2584 Anno
383 2523 626 2605 quingentesimo
646 2524 894 2606 quiuquagesimo
918 2525 956 2584 ab
975 2525 1048 2584 urbe
1067 2523 1173 2586 condi·
1187 2547 1220 2599 u,
1231 2547 1260 2600 c,
1272 2553 1330 2600 552.

140 2621 182 2686 ta,
209 2605 242 2668 P.
267 2605 401 2691 Sulpicio
424 2607 531 2686 Galba,
556 2610 591 2672 C.
614 2609 737 2672 Aurelio
763 2611 945 2688 consulibus,
971 2611 1081 2674 bellum
1105 2633 1174 2673 curn
1186 2615 1323 2666 Adi-²⁰⁰·

140 2716 210 2776 rege
246 2691 386 2778 Philippo
424 2697 532 2758 initum
567 2707 623 2775 est,
656 2697 758 2778 paucis
788 2696 940 2758 mensibus
968 2709 1038 2778 post
1066 2719 1173 2780 pacem
1186 2679 1337 2797 5⁵6³}ssss-

141 2779 444 2862 Karthaginiensibus
468 2784 581 2844 datam.
630 2781 773 2844 Omnium
809 2783 977 2866 ²²primum
1015 2803 1082 2844 earn
1110 2805 1292 2868 rernp0cffl,

138 2865 241 2928 ldibus
267 2865 398 2948 lllartiis,
423 2890 483 2950 quo
507 2869 556 2932 die
580 2879 644 2932 tum
671 2870 842 2932 consulatus
863 2869 1004 2947 inibatur,
1020 2869 1053 2931 P.
1070 2867 1172 2952 Sulpi·
1188 2875 1337 2988 pellitam·

1204 2957 1317 2989 onrcrrm-

1187 3007 1254 3055 tium.

170 3066 189 3098 ¹⁴
199 3063 234 3112 Dr
243 3069 400 3130 agniculorum
406 3066 511 3133 militnm]
526 3069 564 3118 De
572 3069 640 3129 auig-
671 3069 762 3117 biduum
772 3072 926 3118 instauratam.

138 3133 213 3178 ruodo
223 3147 286 3192 agros
299 3132 412 3180 veteribus
430 3133 546 3184 militibus.
582 3135 639 3182 Haec
706 3131 1172 3198 ¹⁰meenti...vimt'ngentm..qrm.
1236 3161 1239 3169 s

137 3196 209 3258 prima
231 3197 289 3259 apud
309 3196 400 3246 Livium
429 3199 515 3245 mentio
541 3200 639 3247 occurrit
671 3201 738 3246 tomis
754 3197 812 3260 eris]
832 3197 955 3252 Quaternis
974 3197 1068 3253 assibus,
1085 3199 1108 3246 id
1127 3211 1172 3255 ear,

138 3257 244 3319 agrorrim
262 3271 324 3308 cetto
341 3261 426 3309 cuidam
443 3263 540 3310 militum
561 3263 638 3324 generi
672 3275 750 3324 quarta
770 3265 855 3312 denarii
877 3277 940 3325 purte
959 3264 982 3310 in
1004 3263 1098 3310 modios.
1120 3262 1174 3309 Vid.

98 3351 101 3357 ι
138 3324 263 3372 divirorum
276 3325 298 3372 in
309 3327 424 3389 praemium
435 3329 537 3376 emeritae
546 3329 640 3376 militias.
671 3341 719 3374 nor.
731 3329 759 3373 rd
769 3328 785 3374 l.
794 3341 859 3376 xxx.
870 3342 892 3373 c.
900 3329 940 3374 26.

137 3388 267 3437 llerentum
278 3391 322 3438 hoc
334 3392 459 3455 exemplum
472 3405 516 3450 est,
525 3407 549 3441 et
560 3393 640 3440 crebro
702 3390 755 3424 ⁹⁰¹*
773 3391 832 3438 Jmir
858 3387 956 3452 qulam]
989 3388 1042 3437 Vid.
1069 3400 1118 3438 not.
1144 3390 1173 3438 ad

138 3455 222 3502 deinde
244 3468 388 3518 usurpatum:
407 3454 432 3505 r'c
453 3459 494 3504 sub
512 3457 639 3506 Caesaribus
671 3467 734 3503 xxii.
751 3457 773 3504 9.

138 3519 360 3568 inconsuetudinem
368 3525 416 3585 jam
428 3523 545 3584 legemque
558 3523 621 3570 abiit.
670 3539 679 3569 r
702 3519 797 3568 2¹rlnno
810 3521 1172 3584 quingentesimoqur'nquogesimo]

172 3585 192 3616 ¹⁵
202 3583 231 3632 Ρ.
252 3583 367 3650 Scipionis]
394 3587 431 3634 sie
446 3585 516 3650 jussit
538 3589 581 3648 legi
601 3587 638 3634 Sl.
670 3585 736 3632 Adde
764 3586 862 3639 mcunrb,
883 3601 912 3632 en
933 3601 953 3632 c·
975 3587 994 3634 l.
1016 3583 1083 3648 hujus
1103 3585 1171 3635 libri:

139 3651 229 3708 goniut,
246 3665 291 3697 non
308 3653 437 3712 mactandis
451 3651 562 3712 Scipionis,
580 3653 639 3714 quod
671 3649 711 3696 ubi
729 3666 797 3711 quum
821 3649 903 3706 Livius,
931 3651 1042 3712 quomodo
1068 3651 1173 3710 legimus,

138 3729 209 3773 genus
236 3715 312 3762 mendi
342 3717 519 3775 vulgatissimum
547 3729 591 3777 eut,
614 3729 638 3764 et
670 3716 817 3792 πιιῑικζιιι187.1
829 3714 856 3761 ab
874 3731 897 3762 u.
910 3733 930 3762 c.
950 3717 977 3761 ad
994 3715 1084 3762 initium
1105 3717 1173 3780 primi

139 3781 537 3910 “utini‘wttf‘t...
562 3859 638 3892 ...-
669 3779 1172 3906 iustititututttuuitt?

139 3909 193 3956 lura.
226 3910 258 3958 At
270 3924 316 3956 non
326 3909 444 3958 consulum
464 3910 539 3964 modo,
558 3909 597 3955 sed
615 3920 639 3957 et
671 3919 755 3956 tratum
772 3912 905 3966 secundum,
923 3925 968 3956 nou
984 3909 1059 3956 habita
1076 3911 1178 3974 ratione,

138 3973 232 4022 aliorum
243 3975 414 4036 magistratuum
426 3977 515 4023 comitia
528 3974 552 4020 P.
564 3971 638 4020 AElius
671 3985 697 4022 ut
713 3977 761 4036 jorn
780 3974 815 4020 bis
831 3975 995 4028 annotavimus,
1015 3975 1090 4021 ultimi
1109 3973 1172 4030 anni,

138 4038 224 4088 babuit.
258 4039 338 4102 ltaque
358 4042 492 4088 emendabat
510 4040 639 4086 Gronovius
671 4039 754 4087 airnurn
779 4041 946 4100 pracedsntem
975 4037 1067 4100 proinde
1092 4037 1171 4083 habuit

138 4107 233 4150 ematis:
259 4106 318 4165 quod
346 4105 412 4167 plano
443 4117 514 4154 exstat
542 4104 565 4150 in
588 4106 638 4153 cod.
672 4121 717 4167 quo
727 4103 907 4164 quingentesimo
925 4103 1108 4165 quinquagesimo
1123 4102 1170 4164 pti·

140 4167 225 4216 Victor.
671 4185 709 4218 roo
719 4171 746 4216 ab
758 4184 782 4214 u.
796 4183 817 4216 c.
849 4167 1172 4215 Num487.ett·3.efficiunt

172 4233 191 4269 ¹⁷
203 4231 277 4279 crau
286 4234 388 4290 canaria,
401 4233 429 4298 P.¹
437 4233 546 4294 Sulpicius
557 4233 643 4292 Gutta,
671 4237 724 4282 550.
748 4234 827 4294 ltaque
838 4232 876 4280 hic
894 4231 964 4280 antius
984 4232 1023 4294 qui
1041 4231 1118 4295 incipit
1135 4242 1172 4278 est

141 4297 236 4347 lterum.¹
262 4297 314 4346 laur
336 4299 398 4346 euim
427 4298 537 4361 Stipicius
561 4313 629 4346 tonsu
672 4298 864 4360 quingentesimus
879 4295 1074 4360 quinquagesimus
1091 4311 1172 4344 secun·

138 4360 210 4409 suerat
222 4375 283 4409 anno
291 4363 346 4410 541.
363 4367 366 4374 '
672 4366 721 4412 dus.

173 4427 193 4460 ¹⁸
207 4425 305 4474 Biduum
323 4429 471 4476 iacturarum
492 4429 532 4492 at]
559 4429 597 4477 sic
614 4439 639 4477 et
702 4430 837 4479 ”Primum
863 4443 909 4478 eam
934 4424 991 4489 tem]
1029 4427 1099 4477 Forte
1126 4425 1173 4486 pri·

137 4489 156 4540 l.
181 4503 267 4545 xxru.
293 4507 316 4543 c.
337 4494 378 4545 36.
414 4491 445 4542 Et
469 4493 555 4556 praeta
582 4494 640 4544 tadu
669 4507 733 4543 nam.
