3038 5200
342 375 397 431 1⁶4
486 313 489 321 Δ
771 363 857 426 ΤΙΤΙ
876 361 976 424 mvn

175 552 207 600 υ,
218 539 320 600 c‚557,·
342 523 490 606 paratoria
513 521 632 584 animus
654 520 696 582 ad
720 539 829 602 pacem
854 518 1027 583 inclinatior
1052 530 1127 582 erat.
1146 519 1271 582 videbat
1293 517 1396 594 eninr,

174 617 243 692 loy·
255 616 308 664 195.
343 609 593 692 compulsointra
606 607 720 670 moenia
735 606 834 684 hoste,
848 606 925 668 nihil
940 619 1048 688 prater
1057 606 1250 668 obsidionem
1261 615 1395 666 restare:

175 678 311 792 mide
343 694 421 758 llam
447 705 550 756 auteur
575 692 639 756 lore
664 692 847 754 diuturnam.
891 689 985 755 ‘Non
1013 693 1094 754 eninr
1119 690 1278 778 Gythiunr‚
1305 690 1395 772 quod

175 761 258 862 {ff
312 767 466 866 “ipsum
489 793 592 842 tarmen
615 777 770 856 traditum,
792 798 853 840 nou
876 791 1085 863 expugnatum
1107 790 1199 857 esset,
1218 777 1275 840 sed
1290 775 1395 838 Lace-

343 869 545 944 ‘daemon'erm
568 865 783 928 validissimam
807 865 913 927 urbem
939 866 1010 927 viris
1036 866 1197 949 srrnisque,
1227 865 1395 948 obpugna-

344 958 458 1018 ‘turos
502 950 605 1036 Unam
627 963 713 1033 spem
736 951 837 1029 luisse,
857 952 881 1012 si
897 971 958 1033 qua
973 952 1204 1015 admoventibus
1220 951 1394 1014 exercitum

344 1021 514 1102 “dissensio
528 1039 607 1100 inter
621 1038 703 1120 ipsos
719 1058 755 1099 ac
770 1037 881 1100 seditio
899 1039 1024 1100 excitari
1047 1051 1161 1121 posset.
1183 1036 1281 1120 quum
1300 1038 1394 1119 signa

343 1127 461 1208 ‘portis
476 1145 571 1207 prope
587 1124 689 1188 inferri
705 1137 876 1202 cernerent,
894 1126 1047 1188 neminem
1070 1147 1103 1188 se
1126 1121 1277 1186 movisse!
1321 1124 1392 1186 Ad-

337 1210 813 1366 l-“n‘a‘muhlm
975 1210 1393 1360 „m

366 1320 398 1360 m
421 1320 440 1360 e
464 1321 478 1360 r
826 1319 834 1360 r
1021 1320 1040 1360 a
1381 1342 1394 1376 ,

342 1384 554 1454 ‘terrestribus
569 1384 783 1467 navalibusque
798 1385 896 1466 copiis
918 1385 949 1446 in
964 1320 1119 1468 Eurdpam
1140 1320 1211 1447 clud
1233 1384 1391 1447 transisse.

342 1469 398 1532 ‘Si
414 1481 594 1552 occupasset
608 1470 727 1534 obsidio
742 1470 968 1533 lacedaemonis
987 1472 1166 1550 exercitum,
1188 1472 1298 1554 quibus
1322 1470 1390 1533 eliis

342 1558 462 1640 ‘copiis
483 1558 623 1620 adversus
647 1578 751 1640 regem
776 1569 841 1620 tam
866 1558 1001 1620 validum
1026 1579 1062 1620 uc
1088 1568 1246 1640 potentem
1274 1558 1391 1619 bellurn

342 1644 503 1726 ‘gesturos
514 1642 538 1706 ?'
561 1642 635 1710 Haec
651 1645 810 1727 propalam
827 1643 962 1708 dicebat:
987 1645 1040 1705 illa
1054 1645 1150 1707 tacita
1165 1645 1290 1706 suberat
1303 1663 1389 1722 cura,

341 1751 381 1792 ne
396 1752 490 1796 novus
505 1731 608 1794 consul
624 1729 772 1794 Graeciam
795 1731 981 1813 provinciam
1004 1731 1172 1810 sortiretur,
1195 1742 1227 1793 et
1249 1731 1386 1794 inchoati

342 1817 414 1880 belli
428 1818 556 1880 victoria
569 1819 734 1880 successori
750 1817 901 1880 tradenda
914 1828 1003 1880 essct.

383 1902 532 1966 XXXIV.
554 1904 656 1975 Quum
679 1905 820 1968 adversus
843 1904 998 1972 tendendo
1020 1903 1097 1966 nihil
1119 1918 1256 1967 moveret
1276 1904 1386 1982 socios,

340 1988 513 2054 simulando
532 2011 565 2054 se
584 1991 712 2054 transire
735 1992 766 2053 in
793 2011 898 2053 eorum
924 1991 1119 2070 sententiam,
1145 2011 1251 2055 omnes
1275 1993 1307 2054 in
1331 1992 1386 2054 ad-

340 2097 463 2141 sensum
478 2077 596 2140 consilii
611 2078 658 2140 sui
673 2077 818 2141 traduxit.
862 2074 966 2140 ‘Bene
979 2076 1099 2156 vertat,'
1115 2078 1226 2161 inquit,
1242 2078 1387 2162 ‘quando

340 2164 406 2226 ‘ita
430 2165 542 2248 placet,
571 2164 765 2226 obsideamus
794 2162 1073 2226 lacedaemonem.
1118 2163 1197 2228 lllud
1225 2164 1316 2228 modo
1344 2183 1388 2226 ne

340 2243 731 2333 ‘fallat‘cetemimquum
747 2261 873 2314 restam
897 2250 993 2327 lenta,
1019 2271 1110 2332 quarn
1130 2253 1189 2334 ipsi
1211 2252 1305 2329 scitis,
1326 2253 1386 2313 ob-

341 2337 510 2422 ‘pugnatio
540 2337 658 2399 urbium
687 2338 738 2417 sit,
767 2347 800 2400 et
825 2337 1035 2399 obsidentibus
1064 2338 1146 2420 prius
1177 2359 1267 2422 saepe,
1293 2359 1387 2419 quarn

341 2424 505 2500 ‘obsessis
520 2423 643 2486 taedium
659 2424 789 2502 adferat,
807 2422 874 2504 jam
896 2443 977 2485 nrmc
1000 2423 1059 2486 hoc
1081 2425 1126 2486 ita
1147 2445 1319 2508 proponere
1333 2445 1387 2488 vos

341 2509 474 2572 ‘animis
483 2520 615 2592 oportet,
625 2509 846 2571 hibernandum
857 2509 939 2572 circa
948 2508 1175 2573 lacedemonis
1185 2512 1300 2573 moenia
1309 2531 1389 2573 esse.

339 2595 438 2668 ‘Quae
452 2617 539 2658 mora
553 2595 579 2656 ai
594 2596 730 2658 laborem
745 2606 865 2665 tanturn
889 2617 924 2658 ac
947 2597 1113 2679 periculum
1136 2597 1273 2676 haberet,
1296 2609 1332 2659 ut
1353 2609 1389 2659 et

340 2681 483 2760 ‘animis
495 2693 527 2743 et
538 2682 715 2764 corporibus
726 2682 768 2743 ad
778 2683 956 2745 sustinenda
964 2684 1109 2767 caparati
1122 2685 1234 2761 caetis,
1246 2685 1390 2746 hortarer

229 2817 234 2825 ,
340 2769 426 2832 “vos
469 2767 835 2852 Nuncinpenssquoque
856 2789 969 2850 magna
990 2783 1061 2852 eget
1083 2771 1234 2853 inopere,
1258 2771 1289 2830 in
1312 2790 1387 2832 ma·

339 2855 564 2934 ‘chinationes,
580 2867 613 2918 et
627 2866 791 2934 tormenta,
806 2856 914 2940 quibus
927 2867 1013 2919 tanta
1024 2859 1094 2920 urbs
1106 2857 1308 2940 obpugnanda
1317 2849 1387 2933 est}

340 2943 393 3004 ‘in
405 2953 594 3004 commeatus
605 2940 690 3004 vobis
701 2942 869 3024 nobisque¹¹
881 2943 913 3003 in
926 2943 1058 3006 hiemem
1071 2943 1287 3026 expediendos.
1318 2941 1388 3004 lta·

341 3030 432 3111 ‘que,
448 3049 487 3090 ne
503 3041 554 3092 aut
569 3039 693 3110 repente
709 3029 879 3113 trepidetis,
902 3040 955 3091 aut
977 3050 1040 3091 rem
1063 3031 1240 3092 inchoatam
1255 3029 1388 3111 turpiter

340 3115 546 3194 ‘destitistis
569 3115 760 3178 scribendum
777 3125 847 3176 ante
861 3115 967 3178 vestris
990 3116 1163 3178 civitatibus
1185 3136 1309 3192 censeo,
1331 3135 1387 3176 ex-

339 3203 613 3285 ‘plorandumque,
642 3202 717 3283 quid
747 3221 871 3292 quaeque
901 3201 1006 3280 animi,
1033 3200 1106 3283 quid
1129 3202 1236 3264 viriam
1263 3202 1388 3264 habeat.
1497 3261 1503 3280 ,

339 3289 553 3353 ‘Auxiliorum
577 3288 651 3350 satis
676 3308 823 3370 superque
847 3287 966 3350 habeo:
990 3287 1056 3366 sed,
1071 3309 1132 3369 quo
1147 3287 1248 3370 plures
1270 3307 1385 3366 sumus,

338 3376 496 3459 ‘pluribus
511 3376 600 3437 rebus
614 3374 779 3455 egebimus.
822 3371 908 3435 Nihil
928 3372 994 3455 jam
1018 3386 1126 3456 prater
1147 3373 1264 3436 nudum
1287 3375 1385 3437 solum

338 3461 433 3542 “ager
459 3461 593 3522 hostium
623 3459 725 3520 habet.
776 3457 827 3522 Ad
857 3459 915 3522 hoc
946 3461 1042 3522 hiems
1073 3461 1202 3539 accedit,
1232 3461 1272 3525 ad
1298 3481 1384 3524 corn-

308 3551 312 3558 '
338 3546 544 3626 ‘portandum
571 3565 610 3607 ex
636 3544 801 3627 longinquo
828 3545 980 3608 difficilis!
1025 3545 1098 3610 Hac
1123 3549 1221 3610 oratio
1251 3548 1382 3630 primum

339 3631 457 3694 animos
476 3631 612 3693 omnium
635 3631 674 3692 ad
697 3632 887 3712 respicienda
901 3633 1010 3716 cuique
1027 3633 1197 3698 domestica
1210 3635 1294 3696 mala
1308 3655 1385 3696 cou-

337 3719 450 3797 vertit3
481 3718 655 3798 segnitiam,
685 3718 830 3780 invidiam
859 3732 891 3780 ct
919 3720 1174 3783 obtrectationem
1206 3721 1289 3783 domi
1316 3741 1385 3783 rna-

336 3805 476 3868 nentium
491 3804 632 3866 adversus
647 3804 822 3883 militantes,
837 3805 1042 3868 ¹⁰lihertatem
1066 3807 1218 3887 difficilem
1242 3808 1282 3869 ad
1305 3829 1383 3871 con-

337 3911 470 3971 sensum,
500 3891 636 3974 inopiam
666 3891 830 3974 publicam,
855 3892 1112 3974 ”malignitatem
1136 3894 1313 3957 conferendi
1344 3915 1384 3958 ex

368 4037 811 4103 ⁸0bidemaa1acedaemomn‚quando
826 4041 859 4088 im
874 4040 953 4101 placet.
968 4039 1042 4091 Grau.
1060 4041 1129 4094 Cres.
1228 4042 1309 4094 ‘Illud
1324 4045 1385 4094 noro

335 4107 438 4172 aesallot
449 4106 494 4158 del.
505 4106 571 4156 Eud.
669 4113 680 4138 ¹¹
691 4107 750 4154 ambis
760 4105 857 4168 vobisque
866 4106 931 4154 aad.

344 4235 431 4364 ,3¹23
452 4235 589 4350 mn
607 4235 718 4352 dlffisslsl‘m
740 4239 769 4286 ad
790 4253 842 4286 aaa·
875 4236 1216 4315 celcripereonriliurncapltun
1231 4257 1384 4305 quemquam

335 4317 381 4414 ἴοι
397 4319 533 4444 iucprnrnodl
542 4318 658 4426 rb‘dllrrnddll:
669 4317 844 4440 ulmddtdl’faqcll:
876 4318 936 4401 null.
945 4316 1138 4436 Xffifflm,
1152 4370 1278 4436 amfmudi
1293 4387 1320 4419 er
1336 4372 1387 4432 pri·

336 4433 761 4508 oonsparueturuunumconsilium.
796 4433 843 4480 Lbi
876 4431 934 4494 mlo]
950 4433 1054 4484 Privatos
1065 4436 1172 4498 maligne,
1187 4433 1388 4500 percantabitur.

336 4493 626 4556 perlustrassem
643 4510 691 4548 ura
713 4497 778 4549 belle
799 4513 843 4550 arc
876 4500 1238 4568 usuooebruunapubtroe
1247 4510 1361 4568 nuptm
