3044 5194
349 335 389 395 42
758 329 844 393 'rm
862 331 963 393 LIVII

182 503 324 560 mm,
345 480 459 544 'diversi
492 481 624 546 Romani
658 502 690 548 at
721 505 776 548 rex
801 483 923 546 Attalus
955 485 1192 568 obpugnabant:
1225 483 1403 548 Romania

181 569 320 625 ahc-2⁰0·
349 570 504 632 maritima
525 591 606 649 arce,
640 572 715 654 regii
738 571 881 632 adversus
910 571 1019 634 vallem
1042 574 1121 634 inter
1145 572 1219 636 duas
1241 571 1399 654 jacentem

350 675 444 734 arces,
460 677 521 738 qna
540 668 572 718 et
591 677 679 720 muro
699 659 866 739 intersepta
890 659 961 720 urbs
981 670 1038 721 est.
1060 669 1092 720 et
1104 669 1150 720 ut
1173 660 1242 721 loca
1268 658 1398 736 diversa,

350 743 394 804 sic
409 743 522 825 dispari
543 745 637 805 modo
652 745 744 806 etiam
759 745 995 825 obpugnabant:
1027 744 1159 807 Romani
1183 744 1398 822 testudinibus,

349 842 381 891 et
403 830 508 910 vineis,
535 841 568 892 et
593 831 680 893 arieti
708 830 901 892 admovendo
926 831 1039 893 muris:
1062 832 1136 913 regii
1157 831 1296 910 ballistis,
1313 841 1398 892 eata-

349 916 513 998 pultisque,
535 927 568 978 et
586 917 647 978 alio
662 916 744 978 omni
760 936 872 997 genere
893 927 1117 980 tormentorum
1133 918 1197 980 tela
1213 918 1399 999 ingerentes.

350 1011 382 1062 et
397 1002 531 1082 pondere
551 1004 669 1084 ingenti
692 1021 766 1063 saxa
784 1001 953 1084 jaciebant,
977 1007 1004 1044 ⁸⁵
1014 1015 1046 1066 et
1067 1005 1233 1081 cuniculos,
1254 1015 1286 1066 et
1309 1002 1399 1085 quid·

348 1089 423 1170 quid
437 1089 519 1150 aliud
535 1091 560 1128 ⁸⁸
571 1089 671 1171 priore
692 1090 920 1171 obpugnatione
943 1098 1103 1172 expertum
1126 1091 1290 1174 profuerat.
1336 1087 1397 1152 Ce-

348 1184 447 1236 terum
462 1197 525 1238 non
540 1175 641 1258 plures
661 1187 782 1238 tantum
802 1174 1001 1254 Macedones,
1025 1196 1116 1258 quam
1137 1185 1219 1256 onte,
1234 1177 1398 1240 tuebantur

348 1261 452 1322 urbem
469 1283 624 1344 arcesque,
639 1262 693 1324 sed
708 1261 802 1324 etiam
822 1263 1064 1344 praesentioribus
1087 1264 1206 1342 animis,
1233 1266 1259 1310 ⁶⁷
1270 1275 1314 1342 et,
1329 1285 1398 1325 cas·

348 1347 546 1428 tigationibus
562 1349 641 1430 regis
662 1350 693 1410 in
709 1349 843 1410 admissa
857 1349 957 1432 culpa,
981 1349 1096 1410 simois
1121 1351 1283 1428 minarum,
1307 1349 1397 1412 simul

347 1435 582 1515 promissionum
606 1435 638 1494 in
658 1435 791 1497 futurum
807 1455 969 1513 memores,
994 1436 1039 1497 ita
1052 1445 1088 1497 ut
1103 1455 1210 1518 parum
1232 1437 1264 1496 in
1279 1453 1398 1518 expug-

348 1520 475 1580 natione
487 1521 577 1582 celeri
592 1521 657 1602 spei
681 1535 771 1583 esset.
820 1519 947 1582 Interim
968 1536 1000 1584 et
1024 1523 1107 1584 aliud
1127 1523 1176 1604 agi
1200 1541 1289 1603 posse
1315 1533 1398 1584 ratis

349 1603 481 1684 legatus,
495 1606 621 1683 relictis,
637 1608 663 1647 ⁶⁸
672 1619 748 1688 quot
762 1608 836 1669 satis
853 1607 1029 1686 videbantur
1045 1608 1085 1669 ad
1095 1629 1190 1691 opera
1199 1608 1396 1689 perficienda,

349 1689 509 1769 militibus,
527 1690 641 1773 trajicit
656 1694 687 1754 in
703 1693 844 1775 proxima
863 1695 1067 1755 continentis:
1089 1691 1303 1775 Larissamque
1321 1691 1397 1772 (non

349 1775 434 1837 illam
458 1779 490 1838 in
514 1775 675 1840 Thessalia
695 1778 829 1841 nobilem
849 1781 966 1857 urbem,
982 1780 1034 1841 aed
1051 1781 1190 1860 alteram,
1205 1799 1297 1862 quarn
1322 1777 1398 1842 Cre·

349 1874 469 1926 masten
491 1865 615 1945 vocant)
644 1867 749 1927 subito
772 1866 914 1944 adventu,
938 1879 1046 1948 prater
1066 1887 1178 1944 arcem,
1199 1867 1292 1950 cepit.
1337 1864 1398 1928 At-

350 1950 429 2011 talus
444 1971 563 2032 quoque
587 1947 788 2033 ⁰⁹AEgeleon,
809 1951 885 2013 nihil
909 1953 1007 2020 minus
1030 1973 1123 2033 quam
1148 1953 1210 2014 tale
1232 1952 1399 2033 quidquam

349 2035 379 2096 in
397 2037 522 2099 alterius
537 2039 765 2120 obpugnatione
780 2039 862 2100 urbis
878 2039 1067 2116 timentibus,
1082 2039 1241 2121 obpressit.
1284 2037 1398 2120 Etjam

350 2141 442 2203 quum
462 2143 557 2206 opera
579 2125 611 2185 in
634 2125 745 2187 effectu
769 2135 857 2186 erant
881 2125 962 2186 circa
982 2123 1107 2203 Orcum,
1133 2137 1198 2187 tum
1223 2125 1398 2208 presidium

351 2211 432 2290 quod
447 2211 528 2272 intus
543 2222 619 2289 erat,
636 2211 739 2273 labore
761 2211 892 2288 assiduo,
914 2211 1024 2292 vigiliis
1049 2211 1164 2272 diurnis
1185 2212 1300 2293 pariter
1323 2229 1397 2274 noc-

349 2297 516 2381 turnisque,
553 2308 585 2359 et
619 2297 792 2358 vulneribus
820 2297 1005 2358 confectum.
1052 2296 1134 2358 Muri
1166 2315 1286 2378 quoque
1315 2317 1398 2379 pars,

350 2382 444 2444 ariete
467 2385 588 2444 incusso
613 2384 748 2460 subruta,
768 2383 872 2444 multis
891 2382 957 2465 jam
972 2384 1048 2445 locis
1064 2384 1258 2464 prociderat:
1282 2403 1399 2466 perque

349 2481 488 2549 apertum
510 2468 597 2529 ruina
618 2470 675 2530 iter
697 2481 789 2530 nocte
810 2468 954 2547 Romani,
978 2471 1004 2515 ⁷⁰
1015 2471 1157 2552 quodque
1172 2490 1261 2552 super
1277 2479 1401 2552 portum

350 2565 408 2629 est,
432 2555 464 2615 in
490 2573 591 2615 arcem
616 2566 827 2637 perruperunt.
869 2555 992 2617 Attalus
1019 2557 1085 2617 luce
1111 2557 1220 2638 prima,
1244 2557 1331 2636 signo
1358 2575 1399 2618 ex

352 2657 420 2701 aree
436 2641 509 2702 dato
524 2641 563 2701 ah
578 2640 736 2718 Romanis,
752 2653 784 2702 et
799 2641 863 2722 ipse
884 2643 989 2703 urbem
1013 2643 1133 2721 invasit,
1159 2642 1259 2704 stratis
1282 2659 1399 2722 magna

348 2743 391 2786 ex
415 2737 500 2808 parte
524 2727 638 2788 usuris:
665 2726 838 2808 presidium
863 2729 1069 2810 oppidanique
1093 2730 1125 2790 in
1146 2729 1270 2790 alteram
1291 2745 1396 2788 arcem

351 2812 521 2894 perfugere,
541 2814 622 2874 unde
645 2813 739 2874 biduo
761 2823 832 2896 post
852 2814 967 2876 deditio
991 2815 1083 2877 lacta.
1103 2816 1173 2877 urbs
1189 2815 1262 2897 regi,
1277 2814 1400 2897 captiva

350 2917 482 2980 corpora
495 2899 641 2962 Romanis
656 2918 785 2962 cessere.
1137 2929 1138 2932 ¹

394 2983 524 3048 XLVII.
545 2985 616 3047 Jam
647 2985 824 3048 autumnale
859 2987 1068 3068 equinoctium
1104 2987 1259 3049 instabat:
1292 2997 1326 3048 et
1351 2997 1399 3049 est

351 3071 436 3132 sinus
451 3070 616 3150 Euboicus,
637 3074 663 3118 ⁷¹
675 3092 764 3153 quem
781 3071 869 3134 Coela
882 3085 1005 3151 vocant,
1028 3083 1185 3155 suspectus
1204 3070 1316 3134 nautis.
1337 3073 1398 3135 ita·

351 3177 423 3239 (pre,
440 3172 511 3221 ante
537 3159 682 3220 hiemales
703 3170 805 3220 motus
827 3159 956 3220 evadere
971 3159 1042 3220 iude
1057 3160 1227 3240 cupientes,
1243 3157 1400 3237 Piraeum,

351 3245 431 3306 unde
447 3245 576 3328 profecti
592 3245 632 3306 ad
646 3245 759 3306 bellum
783 3257 881 3326 erant,
909 3255 1063 3328 repetunt.
1106 3244 1263 3328 Apustius,
1288 3243 1398 3326 trigin-

729 3391 771 3432 ιιι
782 3385 850 3432 amul
862 3383 936 3433 Gron.
947 3385 1016 3435 Creu.

382 3485 404 3523 ⁶⁵
419 3487 447 3535 Et
468 3487 592 3549 motolo]
627 3487 722 3552 supple,
751 3488 857 3549 agebant.
890 3488 1007 3546 montilio,
1027 3487 1138 3551 oppressit]
1171 3489 1236 3540 Male
1257 3501 1345 3540 strom
1363 3490 1398 3542 lo·

347 3551 407 3600 vu.
415 3563 464 3600 not.
477 3555 516 3600 at.
525 3555 552 3600 ad
563 3552 581 3601 1.
594 3565 634 3601 ιιι.
645 3568 667 3600 c.
678 3554 717 3602 ⁰7.
892 3555 963 3602 cutio.
998 3553 1104 3614 Legimus
1115 3555 1217 3602 timentes.
1249 3555 1344 3605 Dixerit
1360 3557 1398 3606 u·

382 3615 520 3664 ⁶⁶*Pn'oro
534 3617 705 3680 oppugnatione]
727 3615 782 3665 Vid.
793 3631 859 3680 snpra
893 3617 942 3665 vius
971 3615 1075 3682 AEgeieors
1088 3620 1209 3683 ‚timentea
1237 3631 1265 3668 ut
1289 3637 1356 3686 supra
1380 3621 1399 3674 l.

350 3693 448 3730 xxvrn.
461 3681 484 3728 6.
894 3694 993 3731 ιιιιιιιι.
1008 3699 1030 3731 c.
1050 3685 1088 3733 19.
1101 3683 1191 3732 Gaetulo
1209 3701 1277 3748 quuos
1288 3719 1295 3735 .
1307 3721 1314 3736 .
1328 3720 1335 3736 .
1348 3689 1400 3737 sotii

383 3743 506 3794 auimo·
544 3746 693 3808 ioruhuregs's
723 3743 857 3794 Haemon·
880 3744 987 3810 „subrent

348 3809 476 3858 dosasunt.
529 3809 583 3858 ossis
600 3811 676 3869 legere
691 3824 744 3858 cum
763 3811 858 3876 Dujatio
922 3810 946 3846 ⁷⁰
954 3809 1059 3873 Quodque
1067 3827 1132 3873 supa
1145 3819 1233 3874 portum
1249 3813 1290 3880 ot]
1312 3813 1400 3880 Fstpst

349 3889 377 3923 er
390 3875 568 3941 melguriensibus
582 3875 771 3938 regiss'oodnisss
780 3879 857 3937 crstpu:
891 3876 944 3932 iter,
953 3877 1013 3937 quod
1024 3888 1061 3926 est
1071 3892 1140 3942 super
1147 3889 1249 3939 portum

351 3939 396 3998 vol,
421 3942 441 3988 si
467 3939 538 4002 magis
561 3939 646 3988 arridet
673 3939 783 3988 Grooouii
805 3957 860 3989 con·
925 3940 947 3976 ⁷¹
961 3939 1031 3992 Quem
1044 3940 1198 4005 Caluuoouut]
1224 3941 1272 3992 Hic
1279 3943 1346 4006 justat
1356 3941 1399 3992 su·

349 4007 449 4069 jectum,
461 4015 483 4053 et
493 4005 641 4069 castigationis
650 4006 716 4068 regio
726 4009 751 4053 iu
767 4007 860 4054 admissu
890 4004 990 4064 scribere
1010 4005 1127 4056 Strabonis
1146 4021 1159 4053 e
1174 4006 1191 4054 l.
1203 4020 1230 4056 x.
1242 4007 1310 4056 verba
1320 4022 1334 4054 s
1343 4005 1399 4055 Du·

351 4071 417 4134 culpo
425 4071 490 4118 suoul
497 4069 609 4118 missorum
623 4071 690 4117 sanat
698 4071 861 4132 promissionum
889 4070 950 4132 jstio
960 4069 1035 4128 alluta,
1046 4071 1242 4134 quibushiclocus
1252 4070 1401 4122 describitur.

351 4134 493 4197 infuturum
503 4150 609 4183 mensores.
640 4133 679 4184 De
690 4135 830 4200 ipsareuid.
842 4135 860 4184 l.
890 4133 961 4191 Ὸιιικι,
978 4135 1067 4184 Graecis
1083 4137 1164 4194 otuu,
1183 4135 1269 4186 suo«
1284 4145 1402 4192 war.

353 4211 450 4248 xxvrtr.
463 4216 484 4247 c.
496 4201 520 4248 Β.
892 4214 939 4260 quc
948 4202 1006 4248 luter
1015 4201 1118 4249 Aulidem
1128 4210 1149 4249 et
1158 4203 1204 4249 loeo
1211 4206 1272 4251 oua
1279 4201 1403 4251 Gerasus»

383 4259 408 4295 ⁶⁸
419 4261 477 4315 Quot
487 4265 539 4310 sotis
547 4261 687 4328 uidebantur]
706 4265 738 4314 Et
750 4265 789 4313 hic
800 4279 858 4327 quo·
891 4265 1026 4326 interjacent.
1059 4265 1096 4312 lii
1114 4267 1171 4315 euius
1190 4282 1228 4313 osu
1243 4269 1357 4315 moritum
1373 4267 1401 4316 us

351 4341 397 4390 que
424 4328 495 4375 habes
527 4327 710 4378 emendationem
738 4329 859 4378 Grooosii.
890 4330 963 4376 sinum
976 4330 1094 4391 flectitur:
1120 4333 1150 4379 od
1177 4330 1301 4400 Cluioidfm
1326 4340 1402 4380 osum

352 4389 425 4448 Libri,
433 4391 491 4453 qaod
500 4393 553 4439 sotis
561 4392 682 4444 υἰόὠαιιιν.
890 4394 1000 4453 medon,
1018 4411 1107 4446 sursum
1121 4411 1194 4446 sersus
1204 4399 1348 4448 coutinentem
1362 4397 1403 4448 ts·

382 4453 530 4522 ⁶⁹AEgstsoo,
559 4457 617 4506 uuit
640 4460 714 4509 missus
732 4493 738 4510 .
755 4491 763 4508 .
779 4491 786 4507 .
804 4493 812 4511 .
829 4459 858 4508 o·-
889 4466 1005 4510 sumatur.
