3080 5196
431 287 507 350 ma.
522 283 664 348 xxxvi.
686 281 823 348 olax.
1094 291 1152 372 ars

111 442 200 524 menti
230 443 361 508 laturam
391 463 443 508 rex
473 445 512 508 ad
549 444 755 522 conciliandos
792 441 1002 508 larissaorum
1032 442 1150 506 animos
1164 455 1300 507 mesen

110 531 259 594 credebat.
994 575 1002 585 -
1161 519 1302 575 &0³9¹-

146 615 186 680 X.
208 617 295 681 Intra
309 619 459 682 decimum
487 621 577 698 diem,
599 641 691 703 quam
714 619 826 682 Pheras
850 630 984 697 venerat,
1005 619 1053 680 his
1075 639 1146 702 per-

109 705 201 784 fectis,
227 704 411 784 Crenonem,
437 705 590 788 profectus
614 728 683 769 cum
708 717 775 768 toto
802 707 945 786 exercitu,
966 706 1066 788 primo
1088 706 1145 769 ad·

106 803 193 870 ventu
215 793 306 874 cepit.
331 793 401 854 inde
427 791 584 877 Cyparam
610 803 642 870 et
665 790 875 876 Metropolim,
902 804 932 855 et
957 793 993 855 iis
1016 793 1145 856 circum-

102 878 182 962 jecta
205 880 329 941 castella
354 880 488 962 recepit3
521 881 684 962 omniaque
706 878 774 962 jam
790 880 929 961 regiones
943 877 1019 960 ejus,
1041 893 1148 963 preter

104 965 244 1028 Atracem
271 979 303 1029 et
325 962 504 1048 Gyrtonem,
531 969 563 1029 in
587 979 740 1051 potestate
767 977 863 1028 eraut.
917 963 996 1028 'sum
1022 965 1148 1048 adgredi

105 1051 253 1116 Larissam
268 1053 447 1116 constituit:
481 1065 565 1116 ratus
588 1053 634 1116 vel
657 1065 769 1117 terrore
796 1065 965 1116 ceterarum
991 1073 1148 1136 expugna*

104 1151 210 1218 mum,
225 1140 273 1203 vel
297 1140 446 1202 beneficio
468 1141 598 1223 praesidii
623 1141 750 1216 dimissi,
765 1140 812 1202 rel
838 1139 979 1221 exemplo
1006 1149 1055 1201 tot
1075 1138 1149 1201 civi·

105 1227 212 1289 tatium
237 1228 413 1290 dedentium
440 1249 517 1306 sese,
541 1249 603 1290 non
628 1228 707 1291 ultra
732 1228 764 1290 in
789 1225 958 1310 pertinacia
981 1245 1150 1288 mansuros.

102 1311 281 1396 Fdephantis
307 1315 356 1397 agi
384 1324 455 1378 ante
480 1315 567 1398 signa
593 1315 713 1377 terroris
743 1333 851 1374 caussa
875 1311 977 1394 jussis,
1000 1311 1150 1393 quadrato

102 1401 223 1481 agmine
251 1401 289 1463 ad
314 1402 419 1464 urbem
442 1402 585 1465 incessit:
617 1413 652 1463 ut
677 1400 795 1463 incerti·
811 1399 1027 1461 fluctuarentur
1056 1399 1148 1462 animi

102 1507 217 1568 msgnae
243 1485 339 1570 partis
363 1486 574 1556 larissaeorum
597 1487 678 1551 inter
701 1489 856 1549 ”metum
870 1495 1049 1570 presentem
1076 1485 1149 1547 hos·

103 1575 177 1636 tium
207 1585 240 1636 et
272 1575 481 1638 verecundiam
518 1575 688 1638 absentium
720 1573 887 1642 ,sociorum
931 1569 989 1634 Per
1025 1572 1148 1634 eosdem

103 1658 468 1746 diesAmynandercum
494 1661 703 1728 Athamanum
723 1659 883 1743 juventute
907 1669 1038 1742 occupet
1058 1657 1149 1720 Pelli-

101 1767 217 1810 naeumr
252 1759 284 1811 et
298 1745 473 1833 Menippus,
500 1770 570 1812 curn
591 1750 687 1812 tribus
710 1749 843 1810 millibus
863 1747 1002 1832 peditum
1025 1742 1149 1808 AEtolo·

50 1843 54 1858 '
102 1855 166 1896 rrun
192 1845 225 1897 et
251 1835 387 1898 ducentis
415 1836 565 1918 equitibus
591 1837 622 1898 in
649 1835 849 1898 Perrhaebiam
875 1833 1041 1916 profectus,
1067 1829 1150 1893 Mal-

101 1921 191 1984 loeam
216 1933 250 1986 et
273 1917 411 2006 Cyretias
430 1923 459 1984 vi
483 1924 576 2006 cepit,
598 1923 859 2007 depopulatusque
883 1931 931 1982 est
951 1939 1057 2000 agrum
1078 1914 1150 1980 Tri·

101 2007 283 2091 politanum.
327 2008 386 2071 His
411 2010 682 2094 raptim'peractis,
696 2007 847 2071 larissam
874 2007 914 2069 ad
935 2023 1038 2090 regem
1062 2004 1151 2067 rede·

101 2107 172 2156 unt:
196 2096 394 2174 consultanti,
417 2097 561 2177 quidnam
577 2096 728 2179 egendum
751 2107 831 2158 esset
846 2094 885 2156 de
900 2091 1031 2170 Larissa,
1045 2111 1150 2176 super-

99 2195 257 2246 venerunt.
301 2181 347 2244 lbi
374 2183 406 2244 in
421 2183 571 2245 divorsum
593 2183 752 2246 sententiae
771 2182 962 2244 tendebant:
991 2180 1067 2258 aliis,
1089 2179 1151 2241 uim

99 2267 317 2349 adlubendam,
333 2281 365 2332 et
386 2291 448 2332 non
462 2267 666 2333 differendum
692 2269 895 2347 censentibus,
915 2267 988 2352 quin
1010 2267 1151 2349 operibus

99 2377 134 2417 ac
150 2358 305 2419 machinis
319 2356 408 2419 simul
423 2357 557 2438 undique
572 2357 687 2420 moenia
707 2356 944 2441 adgrederentur
959 2354 1071 2416 ³⁹urbis
1086 2355 1152 2416 sitae

97 2444 129 2504 in
146 2442 252 2524 plano,
276 2455 398 2526 apertae,
413 2445 576 2528 campestri
603 2445 735 2526 undique
758 2445 844 2508 aditu
857 2453 887 2504 ε·
921 2441 987 2504 aliis
1001 2461 1081 2504 nunc
1104 2439 1149 2502 vi·

100 2551 146 2612 res
177 2530 272 2608 urbis,
303 2527 494 2612 nequaquam
525 2530 628 2594 Pheris
644 2532 860 2610 conserenda,
889 2527 1149 2592 memorantibus:

99 2637 180 2678 nunc
197 2617 329 2678 hiemem
346 2629 377 2678 et
399 2628 518 2701 tempus
533 2620 604 2681 anni
617 2618 823 2681 nulli‘bellicae
846 2618 899 2696 rei,
915 2617 1040 2678 minime
1065 2613 1151 2676 obst

98 2703 181 2765 dioni
213 2714 306 2784 atque
335 2704 554 2787 obpugnationi
587 2706 717 2783 urbium,
748 2717 863 2788 aptum.
923 2701 1046 2766 Incerto
1083 2701 1147 2783 regi

98 2789 176 2852 inter
191 2811 278 2872 spem
304 2803 481 2873 metumque
505 2793 597 2874 legati
620 2814 639 2853 a
660 2789 816 2868 Pharsalo,
839 2790 890 2872 qui
911 2790 951 2852 ad
977 2787 1148 2850 dedendam

96 2877 204 2938 urbem
228 2897 314 2939 suam
337 2878 416 2940 forte
437 2891 592 2955 venerant,
618 2877 736 2940 animos
760 2886 918 2939 auxerunt.
962 2873 1010 2936 M.
1029 2872 1148 2936 Baebius

97 2949 234 3042 interim,
247 2965 317 3025 cum
343 2963 483 3049 Philippo
504 2967 534 3026 in
557 2962 947 3045 Dassaretiis'congressus,
970 2959 1030 3041 np.
1054 2958 1148 3021 Cleu-

96 3050 179 3113 dium
196 3072 237 3112 ex
253 3052 407 3112 communi
435 3051 562 3112 consilio
587 3051 627 3112 ad
642 3049 812 3133 praesidium
833 3047 959 3110 Larissa
980 3044 1074 3124 misit,
1097 3044 1148 3127 qui

97 3133 150 3220 per
165 3136 520 3218 Macedoniam-magnis
536 3138 691 3200 itineribus
707 3138 738 3198 in
757 3136 866 3219 jugum
881 3133 1043 3209 montium,
1066 3131 1148 3212 quod

96 3246 185 3308 super
201 3222 330 3286 Gonnos
357 3235 415 3302 est,
436 3224 582 3306 pervenit.
626 3223 783 3306 Oppidum
807 3220 908 3284 Gonni
922 3217 1030 3299 viginti
1053 3217 1148 3280 millia

96 3313 132 3372 ab
148 3310 276 3374 Larissa
296 3311 394 3388 abest,
409 3311 441 3371 in
456 3311 529 3392 ipsis
553 3309 688 3372 saucibus
702 3309 807 3387 saltus,
822 3328 888 3389 quae
908 3303 1027 3385 Tempe
1042 3301 1147 3386 adpel-

96 3397 208 3476 lantur,
226 3397 329 3458 situm.
375 3395 421 3458 lbi
446 3405 697 3458 castrametatus
721 3396 820 3473 latius,
844 3412 935 3477 quam
957 3412 1013 3477 pro
1039 3390 1147 3474 copiis,

97 3497 125 3550 et
140 3485 257 3570 plures,
282 3503 374 3566 quam
389 3495 466 3568 quot
488 3484 561 3546 satis
585 3483 617 3546 in
640 3502 734 3546 usum¹
754 3491 850 3574 crant,
873 3481 959 3564 ignes
981 3499 1072 3566 quum
1094 3498 1146 3542 ac-

359 3619 403 3665 ⁰in
410 3617 487 3682 plone,
498 3635 512 3666 e
520 3625 584 3680 porta
594 3632 614 3667 e.
625 3615 733 3681 assellis
742 3617 806 3666 editu
813 3614 887 3665 Gran.

126 3727 255 3794 ”balatum
274 3734 400 3789 prasonem
423 3723 527 3787 hostium]
552 3725 608 3774 Mu-
641 3725 719 3773 Primo
737 3725 807 3782 cuim,
825 3726 863 3786 qui
881 3723 988 3785 distingad
1006 3733 1080 3788 potest
1096 3737 1148 3788 pers

96 3793 325 3855 innammabant:
335 3805 415 3841 reete:
427 3789 528 3854 sequitur
537 3791 608 3854 enim,
642 3791 776 3856 campestris
786 3791 850 3838 inea
860 3789 917 3838 urbs
929 3805 980 3852 que
990 3789 1094 3838 abolute
1111 3789 1147 3836 di-

97 3859 216 3908 ob'rentimn
226 3860 340 3906 acimum.
640 3869 705 3905 catur
723 3858 765 3903 rita
784 3859 808 3902 in
819 3856 903 3916 plone?
917 3855 1010 3904 Deinde
1024 3853 1147 3904 levero-

129 3927 150 3961 ἔ)
169 3923 240 3971 Urbis·
253 3925 298 3971 rite
314 3926 339 3970 in
355 3923 429 3984 plano,
444 3931 533 3983 opertam
548 3938 608 3970 com-
641 3923 723 3972 novius
740 3922 840 3969 affirmat
850 3934 929 3968 vocem
940 3921 1020 3984 ,thedis
1034 3920 1058 3966 in
1072 3918 1148 3966 MSS.

96 3991 161 4049 peuri
176 3991 277 4051 aridique
295 3987 370 4048 adua]
390 3987 454 4035 Urbs
472 3997 549 4049 amno
566 3999 610 4044 est,
640 4003 687 4036 non
699 3999 812 4036 exuare·
831 3985 896 4033 ldem
915 3986 944 4032 de
959 3999 1004 4032 uno
1015 4000 1028 4032 e
1039 3984 1085 4032 ruia
1099 3995 1148 4032 tes·

98 4070 164 4116 quam
175 4055 247 4102 facile
257 4053 331 4116 quiris
342 4053 426 4102 intrare
436 4064 518 4118 potest.
547 4053 608 4099 Urbs
640 4065 702 4102 tatur
725 4052 859 4100 Heamius:
885 4061 912 4097 ut
933 4049 1027 4097 dubium
1049 4064 1095 4097 non
1119 4049 1149 4096 sit

98 4122 211 4182 empturi
229 4120 347 4177 editurae·
367 4131 403 4167 est
422 4135 474 4182 quas
489 4133 518 4166 er
535 4117 611 4182 pleno,
642 4119 704 4166 illem
722 4133 801 4167 uocem
823 4118 934 4180 adjectam
944 4129 994 4162 esse
1011 4115 1038 4160 ab
1057 4117 1085 4162 iis
1103 4115 1152 4177 qui,

98 4200 126 4232 ex
161 4185 285 4250 campestri
319 4185 401 4236 aditur.
451 4183 608 4248 Expressimus
642 4201 738 4246 quumo
753 4193 817 4244 pom
834 4183 947 4243 campestri
963 4181 986 4227 iu
1002 4179 1067 4227 libris
1085 4180 1150 4228 iare·

99 4247 610 4377 struente·aasumensi·
642 4248 868 4371 enitente
886 4244 1151 4373 ‘stituerunt

100 4380 167 4431 lerari
180 4381 345 4446 nonpossint:
363 4383 424 4428 sartis
437 4383 482 4430 rita
495 4383 521 4428 in
535 4379 616 4443 plano,
643 4394 706 4433 ruat.
766 4347 774 4377 ι
870 4345 878 4380 ²

100 4464 115 4495 a
130 4457 196 4511 parte
212 4449 326 4511 campestri
339 4447 435 4512 undique
444 4446 524 4514 facilis
539 4447 612 4499 editu.
708 4475 713 4486 ·
