3080 5196
346 378 405 446 aas
702 349 707 364 “
754 361 837 444 cru
856 379 957 442 mvn
990 355 999 410 ’-

179 559 212 610 tt.
223 559 252 608 c.
264 545 318 613 t'tt.
346 539 521 620 Tichiunta,
536 538 686 605 Catonem
702 541 734 603 in
760 539 980 604 Callidromum
995 539 1100 602 mittit·
1128 538 1204 620 ipse,
1218 533 1393 620 priusquam

178 623 250 676 AC·
265 625 318 682 ¹9¹·
347 629 387 691 ad
402 630 522 691 hostem
538 629 641 712 copias
664 629 849 708 admoveret,
865 639 991 690 vocatos
1014 629 1045 689 in
1069 625 1260 702 concionem,
1284 620 1397 682 milites

179 690 235 738 Cos.
245 704 298 738 asos

178 753 289 804 hortatur.

346 717 452 798 paucis
464 727 511 778 est
521 715 698 778 adlocutus:
722 716 766 756 θ’(
782 715 944 798 Plerosque
957 715 1094 776 omnium
1109 712 1261 786 ordinum,
1274 707 1397 783 militas,

344 802 453 865 ‘inter
467 824 519 865 vos
535 824 601 864 esse
615 804 716 881 video,
729 803 780 884 qui
795 803 827 864 in
842 803 900 864 hac
916 802 1023 863 cadem
1039 800 1195 884 provincia
1207 796 1248 860 T.
1261 795 1398 865 Qttirrctii

344 889 465 952 ‘ductu
492 890 685 973 auspicioque
710 889 945 951 militaveritis.‘
974 886 1180 950 Macedonico
1201 883 1285 946 bello
1310 882 1397 942 inex-

347 976 550 1059 ‘superabilis
574 977 670 1058 magis
695 977 789 1038 saltus
816 976 855 1037 ad
870 995 993 1037 amnem
1014 975 1114 1036 Aoum
1138 972 1207 1049 fuit,
1222 991 1317 1052 quarn
1339 967 1400 1029 hic.

348 1063 494 1146 ‘Quippe
503 1076 598 1146 portae
609 1074 681 1125 sunt
690 1065 746 1142 hae,
759 1074 793 1125 et
802 1083 890 1142 uirus,
903 1065 983 1125 inter
996 1062 1056 1124 duo
1067 1061 1164 1122 muria
1175 1057 1287 1120 clausis
1298 1054 1400 1118 omui-

349 1149 360 1184 ‘
378 1151 444 1228 bus,
453 1149 535 1212 velut
545 1147 692 1214 naturalis
704 1151 848 1214 transitus
857 1161 915 1212 est.
928 1153 955 1189 ⁶³
961 1149 1144 1211 munitiones
1155 1157 1187 1208 et
1197 1145 1275 1207 locis
1283 1163 1398 1225 oppor-

347 1236 359 1269 ‘
375 1237 542 1300 trinioribus
553 1249 627 1300 tuuc
637 1237 767 1315 fuerunt,
777 1237 978 1300 etvalidiores
989 1235 1143 1318 inposita:
1160 1232 1314 1295 exercitus
1326 1230 1399 1291 hos·

347 1323 449 1386 ‘tium
464 1322 515 1385 ille
531 1335 563 1386 et
573 1345 704 1386 numero
719 1323 828 1406 major,
840 1334 872 1385 et
886 1323 1017 1386 militum
1032 1342 1143 1405 genere
1158 1320 1318 1400 aliquanto
1334 1337 1399 1378 me·

345 1410 441 1472 ‘llor.
486 1411 608 1493 Quippe
630 1411 691 1472 illic
708 1409 898 1473 Macedones
922 1407 1117 1490 Thracesque
1136 1419 1169 1471 et
1190 1405 1285 1490 lllyrii
1301 1414 1400 1482 erant,

344 1497 357 1528 ‘
374 1497 567 1559 ferocissimae
582 1518 687 1559 omnes
702 1509 829 1580 gentes:
854 1498 904 1563 hic
921 1495 990 1582 Syri
1006 1509 1039 1559 et
1058 1494 1186 1558 Asiatici
1203 1491 1303 1555 Graeci
1318 1504 1401 1568 sunt,

347 1584 358 1616 ‘
374 1583 527 1648 levissima
539 1605 652 1666 genera
666 1586 826 1647 hominum
842 1598 874 1646 et
888 1584 1023 1646 servituti
1038 1595 1120 1644 nata.
1161 1579 1228 1643 Rex
1244 1580 1296 1642 ille
1311 1578 1401 1640 belli-

348 1671 558 1749 ‘cosissimus,
575 1673 760 1734 exercitatus
771 1671 836 1754 jam
853 1672 925 1733 inde
948 1672 986 1733 ab
997 1668 1125 1752 juventa
1139 1667 1277 1730 finitimis
1299 1664 1401 1727 ’Πιτα-

349 1757 444 1818 ‘cum
469 1769 561 1838 atque
583 1755 764 1842 lllyriorum,
787 1771 820 1821 et
833 1759 915 1821 circa
930 1758 1066 1820 omnium
1088 1755 1264 1820 adcolarum
1288 1751 1377 1814 bellis
1389 1774 1399 1829 ;

349 1844 360 1876 ‘
375 1843 435 1922 hic,
447 1855 482 1906 ut
494 1845 585 1906 aliam
597 1866 719 1907 omnem
728 1847 823 1907 vitam
836 1846 1003 1922 omittam,⁰
1014 1846 1040 1906 is
1051 1855 1108 1922 est,
1120 1843 1182 1925 qui,
1193 1861 1288 1922 quum
1302 1839 1344 1902 ad
1353 1840 1400 1900 in·

302 1965 303 1970 κ
348 1931 360 1966 ‘
375 1929 533 1993 ferendum
548 1932 662 2014 populo
679 1931 820 1994 Romano
832 1932 946 1994 bellum
962 1953 1000 1993 ex
1011 1931 1086 1993 Asia
1101 1931 1132 1992 in
1148 1929 1304 2010 Europam
1315 1938 1401 1988 uan-

347 2018 360 2052 ‘
373 2017 472 2096 sisset,
487 2018 563 2080 nihil
578 2020 803 2082 memorabilius
817 2031 885 2083 toto
900 2035 1039 2102 tempore
1051 2018 1246 2080 hibernorum
1261 2013 1399 2098 gesserit,

347 2105 359 2138 ‘
374 2124 464 2186 quam
481 2106 561 2188 quod
578 2107 688 2168 amoris
700 2127 808 2168 caussa
822 2128 860 2169 ex
872 2105 964 2168 domo
978 2106 1106 2189 privata,
1122 2112 1155 2167 et
1168 2101 1290 2166 obscuri
1305 2101 1400 2162 etiam

346 2193 359 2224 ‘
374 2191 622 2275 interpopulures
631 2195 759 2275 generis,
768 2215 894 2256 uxorem
903 2194 1008 2256 duxit:
1025 2187 1401 2266 etuovusmaritus,uelut

346 2281 359 2312 ‘
374 2280 529 2360 saginatus
544 2281 734 2366 nuptialibus
744 2282 850 2359 coenis,
865 2281 903 2342 ad
920 2300 1054 2362 pugnam
1069 2277 1239 2362 processit·
1272 2273 1401 2336 Summa

348 2366 358 2398 ‘
373 2367 619 2450 viriumspeiquc
632 2366 695 2449 ejus
710 2368 740 2429 in
751 2365 864 2431 AEtolis
876 2367 935 2429 fuit
940 2389 950 2445 3
973 2379 1065 2449 gente
1076 2365 1240 2428 vanissima
1255 2362 1398 2444 ctingra·

349 2454 358 2484 ‘
374 2452 501 2530 tissima,
513 2463 547 2514 ut
560 2475 614 2515 vos
629 2454 711 2535 prius
726 2455 844 2537 experti
859 2455 943 2532 estis,
954 2475 1034 2516 nunc
1050 2452 1222 2514 Antiochus
1234 2449 1401 2532 experitur.

348 2536 456 2598 ‘Nom
482 2559 539 2600 uec
554 2553 761 2602 convenerunt
786 2541 968 2622 frequentes,
984 2562 1040 2602 nec
1065 2539 1213 2602 contineri
1236 2538 1268 2599 in
1292 2536 1400 2599 castris

348 2626 358 2658 ‘
375 2627 626 2706 potuerunt,etiu
638 2626 786 2689 seditione
795 2628 852 2710 ipsi
863 2629 942 2690 inter
952 2649 985 2689 se
995 2639 1082 2690 sunt:
1099 2637 1229 2710 etquum
1241 2623 1400 2707 Hypatam

348 2712 358 2744 ‘
374 2711 520 2773 tuendam
528 2709 768 2794 Heracleamque
780 2715 1039 2798 depoposcissentq
1048 2717 1191 2775 neutram
1202 2712 1303 2788 tutati,
1313 2707 1398 2770 refu-

348 2799 360 2830 ‘
373 2809 483 2878 gerunt
495 2799 524 2858 in
533 2796 609 2880 'juga
619 2801 781 2879 montium,
792 2822 863 2884 pars
875 2800 1032 2863 Heracleae
1044 2801 1226 2862 incluserunt
1234 2817 1308 2858 sese.
1324 2794 1399 2858 Rex

348 2886 359 2917 ‘
375 2883 438 2967 ipse
450 2885 617 2964 confessus,
632 2907 780 2970 nusquam
797 2909 882 2970 aequo
898 2909 1009 2971 campo
1020 2909 1083 2950 non
1098 2887 1192 2949 modo
1203 2883 1351 2966 congredi
1366 2903 1399 2944 se

347 2971 359 3004 ‘
374 2971 415 3032 ad
430 2992 563 3054 pugnam
581 2975 704 3053 audere,
720 2975 772 3038 scd
789 2995 827 3037 ne
843 2988 944 3038 castra
958 2976 1081 3057 quidem
1104 2976 1136 3036 in
1152 2984 1258 3056 aperto
1272 2990 1399 3054 ponere,

348 3060 359 3091 ‘
372 3059 479 3121 relicta
488 3061 571 3121 omni
581 3071 652 3122 ante
661 3082 693 3122 se
704 3062 882 3142 regioheea,
889 3084 982 3145 quam
992 3083 1024 3124 se
1033 3062 1121 3124 nobis
1131 3083 1167 3123 ae
1174 3060 1316 3142 Philippo
1326 3057 1397 3118 ade-

347 3147 358 3178 ‘
373 3146 463 3208 misse
474 3147 816 3228 gloriabatur,condidit
825 3172 857 3212 se
870 3151 951 3212 intra
962 3170 1067 3232 rupes:
1085 3169 1123 3210 ne
1133 3159 1206 3210 ante
1217 3147 1322 3208 fauces
1332 3145 1397 3226 qui-

346 3235 357 3266 ‘
373 3233 442 3294 dem
458 3235 564 3312 saltus,
579 3247 614 3296 ut
629 3236 795 3316 quondam·
805 3234 1054 3300 Lacedaemonios
1077 3236 1160 3296 fama
1174 3246 1233 3310 est,
1249 3233 1305 3294 sed
1321 3233 1398 3293 intra

345 3321 356 3354 ‘
371 3319 489 3402 penitus
502 3323 640 3385 retractis
651 3323 772 3386 castris:
789 3325 902 3406 fl‘quod
913 3334 1060 3406 quantum
1069 3323 1198 3388 interest
1206 3321 1247 3382 ad
1258 3321 1396 3382 timorem

740 3433 837 3481 ⁰sileom
848 3434 921 3481 Gron.
934 3433 1002 3480 Creu.

376 3518 399 3555 ³2
416 3519 530 3585 Plerosque
540 3524 636 3570 omnium
652 3525 762 3581 ordinum,
771 3525 857 3582 militer,
888 3526 911 3573 in
923 3539 1021 3573 numero
1031 3525 1129 3588 primum
1141 3523 1305 3580 multitudinis,
1319 3521 1397 3569 deinde

344 3587 402 3633 inter
426 3585 471 3646 us]
502 3588 639 3648 Adjuvimus
672 3589 855 3653 interpunctione
887 3591 912 3638 iu
928 3591 1044 3653 singulari,
1054 3605 1124 3654 quum
1141 3589 1266 3651 utrobique
1281 3591 1311 3635 de
1322 3587 1398 3635 iisdem

344 3649 405 3698 hunt
422 3650 508 3707 locum,
518 3665 545 3700 ut
560 3665 666 3717 appareat
683 3671 764 3704 vocem
779 3657 857 3707 milites
888 3657 958 3720 copiis
968 3670 1056 3718 agatur,
1075 3659 1151 3714 idest,
1168 3657 1196 3702 de
1216 3653 1315 3717 Philippi
1332 3667 1398 3700 erer-

344 3717 435 3764 seorsim
447 3718 661 3783 legendam‚quippe
674 3737 719 3783 qus
727 3721 854 3768 consultos
886 3723 943 3770 citu.
987 3722 1076 3770 Victor.
1099 3722 1186 3769 omittit
1208 3719 1323 3784 posterius
1344 3718 1401 3765 illud

345 3783 383 3844 qui
395 3783 490 3837 audiunt
502 3783 640 3848 compellet:
656 3787 765 3849 pler-nsque
777 3799 854 3833 autem
887 3789 998 3835 exercitus.
1031 3789 1077 3835 Sed
1093 3788 1236 3842 sicelatus,
1253 3784 1341 3833 nullum
1352 3783 1400 3848 jans

343 3851 549 3897 omniumorrlimrm
566 3851 723 3911 intelligendos
741 3868 790 3900 esse
808 3867 854 3899 non
887 3867 971 3900 nomeu
993 3851 1108 3916 reliquum
1130 3865 1173 3908 est,
1191 3853 1220 3899 ad
1240 3852 1301 3914 quod
1319 3849 1401 3897 reterri

343 3914 427 3962 milites
438 3916 521 3975 solum,
531 3918 569 3964 sed
579 3917 757 3979 doceamusque,
766 3931 789 3964 et
799 3933 854 3970 cen-
887 3919 957 3980 possit
972 3917 1002 3965 rb
1020 3920 1065 3967 illo.
1098 3918 1333 3981 Exspectcmusrdum
1352 3929 1402 3962 me-

344 3980 454 4038 toriones,
463 3993 486 4028 et
498 3982 626 4044 proescotos,
636 3995 682 4030 etc.
886 3983 954 4030 liores
965 3983 1055 4032 codices
1064 3986 1217 4048 reperiuntur.
1240 3983 1326 4044 Neque
1338 3984 1401 4029 enim

374 4043 397 4078 ⁶³
414 4045 551 4096 hlonitioues
567 4057 587 4095 et
603 4049 653 4096 iocis
669 4047 855 4109 opportunioribus
888 4047 996 4096 Gronovil
1023 4048 1162 4112 conjecturas
1193 4047 1259 4096 nobis
1291 4047 1400 4095 satisfaci-

344 4112 509 4174 tracesiorum,
523 4113 669 4162 stculirliores
678 4115 792 4173 immite:
816 4129 852 4160 er·
886 4127 937 4162 unt.
971 4115 1035 4174 Legit
1053 4116 1108 4172 ille:
1136 4113 1295 4162 blandioribus
1309 4123 1332 4160 et
1346 4122 1402 4160 tuno

343 4177 776 4240 orcituslsoctiumilleetuumeromty'or]
788 4177 854 4227 Vett.
878 4180 988 4242 suerunt,
1005 4189 1026 4226 et
1045 4181 1159 4229 validiores
1179 4181 1273 4240 impuniti
1295 4181 1402 4226 exercitiis

344 4239 456 4288 editorum
475 4242 723 4308 lectio,uqusputum
743 4259 782 4292 sut
797 4243 854 4292 nihil
886 4245 978 4300 hostium
997 4246 1060 4294 locis:
1087 4247 1126 4292 illo
1151 4255 1173 4294 et
1197 4258 1302 4291 stramem
1320 4245 1406 4305 ssojrsr:

345 4305 854 4370 obeurrtscripri,tcsteGronosio‚tolisest=
886 4311 1020 4374 compositio
1042 4313 1136 4376 abrupta
1160 4323 1184 4358 et
1211 4309 1353 4365 subrubeus,
1378 4319 1405 4356 et

345 4367 503 4417 blandioribus
513 4375 669 4438 tosrcjirernut
684 4375 857 4424 etoulr'dimibus
888 4377 916 4424 ab
937 4375 988 4424 hiso
1010 4376 1048 4424 illo
1067 4376 1217 4439 aequabiliter¹
1227 4374 1324 4424 lisiaro
1341 4376 1406 4440 stylo

344 4436 438 4495 impositi
448 4439 552 4484 extruitur
568 4439 659 4486 bostium
670 4441 736 4488 locis:
751 4444 857 4490 exereitus
887 4441 1019 4491 abhorrens.
1172 4491 1175 4496 Δ

343 4500 509 4548 theatrorum
519 4503 595 4563 maior.
628 4503 674 4552 Ubi
687 4505 742 4552 illud
751 4506 855 4568 offendit,
919 4506 942 4542 ⁶⁴
959 4507 1023 4561 Quod
1060 4517 1167 4572 quorrtrun
1200 4505 1305 4572 interest]
1338 4504 1405 4552 osio

345 4566 403 4629 equod
414 4567 543 4630 geminatur
554 4583 596 4617 vor
606 4571 718 4630 exercitio,
728 4582 751 4622 et
764 4572 854 4636 quidem
887 4574 983 4626 interest
1000 4574 1026 4623 ad
1038 4573 1145 4628 timoren
1162 4572 1342 4637 ostendendum,
1357 4573 1407 4628 hoe
