3038 5200
488 593 493 603 “
535 618 594 721 T.
633 618 807 722 [ΝΠ
856 612 1201 720 PATAVINI

666 843 867 922 LIBER
907 845 1074 924 XXXV.

178 1179 212 1231 U.
221 1182 249 1232 c.
260 1183 316 1233 559.
389 1176 601 1242 PRINCIPIO
616 1180 699 1258 anni,
712 1175 782 1263 'quo
797 1181 861 1242 haec
876 1189 963 1262 gesta
978 1189 1059 1257 sunt,
1078 1175 1150 1240 Sex.
1165 1175 1302 1259 Digitius
1318 1197 1395 1260 prae·

177 1247 320 1376 afhlffi
345 1276 394 1328 tor
408 1267 439 1328 in
455 1265 609 1351 Hispania
623 1267 763 1329 citeriore
780 1287 849 1328 cum
874 1265 1045 1328 civitatibus
1069 1265 1116 1342 iis,
1141 1285 1207 1347 quae
1232 1274 1304 1346 post
1324 1285 1394 1346 pro·

176 1375 230 1424 nia.
345 1352 508 1416 sectionem
532 1351 580 1415 M.
595 1351 723 1416 Catonis
745 1353 902 1436 permultae
917 1353 1145 1430 rebellaverant,
1164 1353 1271 1414 crebra
1286 1351 1394 1434 magis,

345 1459 436 1523 quam
452 1440 548 1522 digna
562 1439 655 1518 dictu,
674 1440 782 1523 proelia
796 1439 880 1518 fecit,
904 1449 936 1501 et
950 1437 1028 1500 adeo
1043 1437 1187 1522 pleraque
1202 1437 1342 1516 adversa,
1362 1451 1397 1500 ut

342 1525 394 1588 vix
422 1525 604 1588 ¹dimidium
634 1519 778 1605 militum,
801 1545 892 1610 quam
919 1525 1002 1607 quod
1028 1535 1200 1608 acceperat,
1228 1523 1395 1586 successori

344 1611 514 1676 tradiderit.
557 1609 625 1675 Nec
641 1610 766 1676 dubium
782 1621 838 1692 est,
862 1612 935 1695 quin
957 1612 1056 1676 omnis
1072 1607 1225 1694 Hispania
1240 1610 1396 1672 sublatura

345 1699 462 1760 animos
489 1695 589 1779 luerit,
611 1700 642 1762 ni
669 1699 746 1762 alter
772 1711 882 1782 praetor
909 1697 943 1761 P.
969 1695 1128 1760 Comelius
1154 1695 1211 1759 Cri.
1235 1695 1270 1760 F.
1291 1694 1396 1780 Scipio

344 1797 428 1847 trans
444 1780 563 1849 iberum
579 1785 675 1847 multa
689 1787 822 1848 secunda
835 1785 942 1870 proelia
957 1783 1097 1847 iecisset:
1125 1805 1185 1868 quo
1201 1795 1317 1846 terrore
1333 1805 1396 1846 non

343 1869 442 1934 minus
466 1871 687 1955 quinquaginta
701 1873 816 1956 oppida
830 1872 871 1934 ad
885 1893 955 1935 eum
970 1869 1157 1938 deiecerunt.
1201 1865 1317 1933 Praetor
1333 1869 1397 1932 laaec

342 1967 478 2040 gesserat
503 1953 618 2042 Scipio.
672 1955 760 2020 Idem
785 1979 840 2042 pro
865 1969 1005 2042 pretore,
1028 1957 1200 2037 Lusitanos,
1222 1965 1396 2042 pervastata

341 2043 478 2107 ulteriori
493 2045 660 2129 provincia,
683 2067 752 2108 cum
768 2044 884 2128 ingenti
899 2045 1001 2128 praeda
1022 2043 1147 2107 domum
1167 2043 1342 2122 redeuntes,
1364 2043 1395 2105 ia

341 2131 409 2214 ipso
424 2129 532 2194 itinere
548 2131 708 2214 adgressus
722 2133 761 2196 ab
776 2134 853 2195 hora
867 2132 959 2195 tertia
973 2129 1033 2194 diei
1049 2131 1088 2194 ad
1112 2141 1254 2195 octavam
1278 2131 1394 2194 incerto

342 2228 452 2280 eventu
467 2219 623 2301 pugnavit,
645 2239 773 2282 numero
788 2217 919 2281 militum
935 2217 1033 2302 inpar,
1056 2219 1192 2302 superior
1209 2215 1299 2279 allisa
1323 2239 1393 2280 nam

342 2315 374 2367 et
389 2303 454 2366 acie
469 2305 619 2388 frequenti
637 2305 761 2368 armatis
777 2305 918 2368 adversus
934 2305 1059 2390 longum
1071 2315 1104 2368 et
1118 2305 1292 2388 inpeditum
1309 2305 1395 2368 turba

342 2411 487 2473 pecorum
504 2399 625 2473 agmen,
653 2401 685 2456 et
707 2393 823 2454 recenti
843 2392 942 2456 milite
964 2391 1104 2454 adversus
1120 2389 1217 2453 Iessos
1232 2389 1326 2474 longo
1343 2391 1392 2454 iti-

340 2497 412 2539 nere
439 2489 644 2540 concurrerat.
687 2473 794 2540 Tertia
818 2499 950 2561 namque
979 2478 1083 2560 vIgilia
1108 2478 1246 2540 exierant
1270 2479 1391 2540 hostes:

344 2563 413 2625 huic
428 2575 580 2625 nocturno
596 2563 697 2626 itineri
713 2576 773 2626 tres
790 2564 902 2626 diurnae
917 2565 998 2629 hora
1014 2568 1228 2628 accesserant:
1253 2585 1310 2628 nec
1332 2563 1394 2626 ulla

344 2649 444 2729 quiete
460 2647 543 2728 data,
566 2646 701 2713 laborem
720 2651 775 2713 viae
800 2649 940 2734 proelium
966 2657 1139 2734 exceperat.
1184 2649 1291 2733 Itaque
1307 2651 1392 2734 prio·

344 2734 425 2816 cipio
462 2756 573 2818 pugnas
608 2736 718 2818 vigoris
765 2735 881 2819 aliquid
926 2738 959 2800 ln
1005 2737 1182 2822 corporibus
1218 2739 1392 2820 animisque

343 2816 411 2900 fuit,
449 2833 481 2884 et
526 2822 719 2912 turbaverant
749 2823 854 2907 'primo
891 2821 1073 2888 Romanosr
1126 2823 1233 2888 deiude
1269 2835 1392 2905 aequata
1447 2881 1452 2892 .

343 2907 507 2991 paullisper
531 2930 634 2992 pugna
656 2916 712 2972 est.
767 2907 802 2973 In
825 2912 884 2976 hoc
912 2911 1085 2973 discrimine
1114 2911 1203 2974 ludos
1229 2909 1310 2990 Iovi,
1336 2909 1392 2973 ’si

341 2993 370 3056 vi
396 2993 525 3058 fudisset
548 2995 767 3080 cecidissetque
791 2998 906 3078 hostes,
934 3004 1100 3082 propraetor
1118 2999 1209 3061 vovit.
1251 2995 1390 3062 Tandem

341 3082 471 3164 gradum
487 3083 585 3144 acrius
600 3082 729 3146 intulere
745 3083 888 3164 Romarii,
911 3083 1060 3166 cessitque
1085 3081 1259 3148 Lusitanus.
1282 3083 1399 3146 deinde

341 3190 463 3252 prorsus
478 3171 566 3252 t'erga
580 3167 675 3232 dedit.
690 3181 733 3249 et,
749 3192 841 3252 quum
856 3171 1037 3235 institissent
1052 3171 1237 3252 fugientibus
1252 3171 1390 3249 victores,

342 3255 382 3317 ad
397 3255 558 3319 duodecim
575 3255 672 3319 millia
685 3255 820 3322 hostium
835 3267 906 3322 sunt
921 3279 1016 3321 caesa:
1046 3258 1127 3340 capti
1144 3255 1304 3342 quingenti
1320 3277 1391 3338 qua·

341 3341 494 3425 draginta,
518 3364 625 3406 omnes
640 3341 726 3407 fere·
740 3345 877 3426 equites:
901 3355 932 3408 et
951 3346 1040 3428 signa
1054 3344 1199 3407 militaria
1213 3355 1307 3428 capta
1322 3365 1390 3406 cen·

340 3441 407 3491 tum
424 3429 551 3512 trigInta
565 3442 704 3512 quatuor.
716 3429 754 3494 de
769 3432 903 3494 exercitu
919 3427 1059 3494 liomano
1073 3441 1162 3514 septu
1205 3431 1272 3494 inta
1286 3441 1320 3493 et
1334 3443 1390 3494 tres

342 3514 454 3576 amissi.
498 3514 669 3597 Pugnatum
685 3517 768 3579 haud
783 3518 889 3600 procul
906 3515 984 3601 ilipa
998 3520 1070 3581 urbe
1086 3525 1141 3580 est.
1164 3453 1232 3580 Ἒο
1246 3517 1389 3582 victorem

342 3599 521 3681 opulentum
544 3602 651 3685 praedae
676 3605 844 3666 exercitum
866 3603 899 3666 P.
920 3601 1078 3667 Cornelius
1093 3605 1225 3667 reduxit.
1240 3625 1280 3666 ca
1293 3603 1388 3666 omnis

343 3696 414 3750 anta
428 3685 536 3750 urbem
550 3689 690 3771 exposita
703 3701 769 3752 cst:
793 3699 987 3773 potestasque
1003 3691 1133 3756 dominia
1157 3711 1226 3756 aues
1248 3711 1296 3754 rea
1318 3709 1389 3771 cog·

342 3772 488 3836 noscendi
514 3772 605 3838 facta.
626 3787 728 3838 cetera
749 3777 910 3841 vendenda
924 3779 1064 3862 quaestori
1080 3777 1173 3842 datar
1192 3782 1209 3824 =⁸
1222 3777 1306 3860 quad
1321 3775 1396 3839 inda·

342 3858 489 3923 resectum
505 3873 562 3941 est,
584 3862 673 3925 militi
689 3863 827 3928 divisum.

732 4053 744 4078 ⁸
749 4045 826 4126 [aaa
836 4043 910 4096 Gran.
921 4045 990 4100 cm.

376 4179 384 4212 ¹
402 4176 526 4240 Diraidiaar
535 4183 639 4240 addara,
648 4199 713 4246 pianr
724 4183 781 4246 quad
790 4197 850 4232 aare·
882 4195 919 4234 tar
929 4183 1061 4234 Victorinus
1071 4184 1205 4252 a'sudr'arrt:
1220 4197 1294 4235 recte.

341 4245 417 4307 pent]
434 4245 490 4294 Non
510 4249 609 4307 agnoscit
627 4263 686 4295 unua
704 4264 718 4297 a
738 4246 851 4296 Gmncrii
915 4249 926 4284 ³
943 4249 1007 4304 Qaad
1023 4252 1075 4298 inda
1092 4249 1198 4314 roseam
1214 4249 1257 4316 aaa]
1281 4249 1389 4298 Quodn

343 4307 416 4355 MSS.
435 4325 513 4359 vocem
524 4315 589 4374 qaod,
606 4327 658 4375 quaa
669 4328 712 4362 nec
724 4314 850 4363 natantia
883 4314 999 4363 divendita
1013 4316 1089 4379 praeda
1099 4315 1221 4364 collectrnu
1232 4317 1338 4378 peram:
1349 4327 1390 4362 aa.

342 4383 387 4420 aar.
420 4371 498 4423 Simila
515 4379 624 4426 mendum
644 4377 764 4443 irrepserat
781 4394 851 4444 supra
883 4379 923 4428 Sic
940 4383 1000 4446 apud
1015 4380 1065 4429 Cic.
1083 4381 1108 4428 ia
1129 4379 1258 4440 Paradorir,
1277 4390 1391 4444 catapan

344 4445 440 4487 xxxiv.
452 4441 492 4488 52.
508 4439 524 4468 ⁸
534 4441 588 4492 vu.
599 4442 631 4489 ibi
641 4445 742 4493 nociti.
883 4445 924 4495 ciat
933 4459 960 4493 aa
970 4447 1014 4494 trrr'a
1027 4447 1186 4508 manibus
1200 4454 1290 4496 marn
1306 4445 1390 4509 roisia-

256 4509 258 4518 ’
373 4500 573 4572 θεῐυίΙαάἰαη
589 4506 851 4570 Βὶςοαίῑῑὶὴοτ,εῑιια-
884 4517 1024 4575 tar,ur...
