3080 5196
440 377 519 440 Lln.
539 377 668 440 XXXV.
687 378 771 440 CAP.
793 377 843 439 LI.
1102 387 1161 444 28³

120 533 209 611 bello,
225 545 279 597 aut
293 533 338 597 ita
352 533 525 613 commisso,
539 545 575 598 ut
589 535 710 598 strictos
725 533 855 617 gladios
875 536 902 576 ⁸⁸
915 545 967 600 aut
980 535 1160 618 sangnnuem
1173 539 1207 594 U.
1220 543 1251 594 c,
1261 544 1318 598 tto.

118 639 243 700 inquam
258 621 372 683 metum
388 619 553 700 audissent,
578 641 669 702 quum
685 641 739 703 per
753 641 899 702 magnum
914 622 1011 684 otium
1032 622 1157 700 milites,
1172 607 1243 662 Μ·
1258 611 1314 662 ¹⁹²·

119 705 168 768 alii
185 706 224 766 ad
238 707 445 788 spectaculum
460 707 567 789 templi
584 707 705 788 lucique
719 707 809 784 versi,
833 706 885 768 alii
906 707 938 768 in
963 707 1053 772 litore
1078 708 1158 770 iner-

119 813 182 854 mes
196 805 387 874 vagarentur,
413 813 524 875 magna
542 813 611 876 pars
668 813 786 874 ragros
801 793 949 874 lignatum
963 794 1159 876 pabulatum·

119 897 175 957 que
200 877 319 960 dilapsa
349 891 448 955 esset3
480 891 605 962 repente
666 879 806 962 enippus,
829 879 947 962 palatos
968 881 1079 962 passim
1102 881 1159 942 ad·

118 984 246 1044 gressus,
261 967 288 1004 “
300 985 353 1028 eos
364 966 488 1044 cecidit,
503 966 543 1027 ad
559 965 779 1046 quinquaginta
797 965 880 1028 vivos
901 965 990 1048 cepit
1015 966 1158 1048 perpauci

118 1049 299 1130 effugerunt,
324 1053 356 1113 in
381 1052 489 1133 quibus
513 1049 626 1113 blictio
652 1071 746 1132 perna
759 1051 899 1113 oneraria
913 1072 988 1112 nave
1003 1063 1158 1134 exceptus.

116 1133 161 1195 Ea
186 1157 233 1196 res
259 1136 405 1208 Quinctio
435 1137 655 1218 Romanisque,
680 1137 760 1198 sicut
785 1136 907 1218 jactura
936 1137 1064 1198 militum
1092 1157 1157 1200 rno-

118 1221 203 1297 leste,
219 1222 263 1283 ite
279 1222 382 1306 adjus
398 1223 549 1286 inserendi
573 1221 729 1284 Antiocho
756 1222 826 1284 belli
849 1221 997 1304 adjecisse
1020 1223 1159 1304 aliquan·

116 1318 181 1368 tum
202 1307 373 1372 videbatur.
416 1308 598 1386 Antiochus,
630 1309 754 1370 admoto
777 1308 816 1370 sd
842 1307 985 1370 Aulidem
1015 1309 1160 1388 exercitu,

116 1413 210 1473 quum
223 1415 324 1456 rursus
345 1407 492 1474 oratores,
517 1393 629 1478 purtim
645 1413 682 1455 ex
697 1395 769 1472 suis,
784 1393 896 1475 partim
911 1391 1047 1472 AEtolos‚
1064 1393 1158 1456 Chal·
1171 1413 1307 1466 chettim-

114 1477 216 1540 eidem
233 1481 373 1560 misisset,
389 1483 440 1562 qui
455 1480 561 1542 eadem
577 1479 640 1557 illa,
666 1499 731 1560 ques
751 1500 857 1562 nuper,
877 1499 946 1542 curn
973 1480 1064 1558 minis
1087 1501 1157 1562 gra·
1169 1481 1299 1530 sunnio·

113 1563 246 1626 rioribus
262 1579 398 1648 agerent,
413 1566 616 1648 nequidquam
639 1575 746 1626 contra
771 1563 923 1627 blictione
938 1577 972 1628 et
986 1563 1156 1628 Xenoclide
1170 1547 1306 1622 ‘mm'

116 1650 321 1730 tendentibus,
343 1652 432 1713 facile
455 1653 564 1726 tenuit,
591 1661 626 1712 ut
648 1665 742 1736 portae
771 1651 827 1712 sibi
854 1651 1050 1733 aperirentur.
1094 1651 1155 1724 Qui
1181 1627 1228 1676 Μ
1269 1665 1274 1675 ·

113 1733 260 1798 Romanis
292 1739 385 1820 partis
408 1751 505 1814 erant,
526 1737 583 1798 sub
612 1737 774 1799 adventum
802 1737 882 1817 regis
910 1737 985 1798 urbe
1014 1749 1154 1801 excesse-

113 1835 192 1884 runt.
236 1822 417 1886 Achaeorum
447 1835 479 1886 et
503 1822 648 1884 Eumenis
678 1823 790 1884 milites
821 1821 972 1903 Salganea
1001 1825 1157 1887 tenebant.

111 1906 153 1970 [lt
174 1909 204 1970 in
231 1907 348 1992 Euripo
382 1909 540 1972 castellum
572 1907 703 1970 Romani
744 1909 857 1972 milites
883 1909 973 1990 pauci
1010 1911 1157 1972 custodies

114 2015 219 2056 caussa
242 1995 301 2057 loci
323 1996 582 2060 communiebant.
637 1992 790 2076 Salganea
817 1993 993 2077 Menippus,
1015 2015 1070 2056 rex
1092 1995 1157 2078 ipse

114 2081 271 2142 castellum
287 2081 392 2166 Euripi
407 2084 582 2166 obpugnare
607 2091 654 2142 est
672 2080 807 2142 adortus.
854 2079 973 2142 Priores
996 2079 1100 2142 Achaei
1125 2092 1159 2144 et

113 2163 260 2229 Frumenis
276 2169 387 2230 milites
402 2170 496 2250 pacti,
512 2177 546 2228 ut
561 2165 627 2227 sine
641 2164 747 2227 fraude
767 2166 873 2228 liceret
895 2166 990 2243 abire,
1015 2165 1158 2246 praesidio

115 2264 320 2316 excesserunt.
337 2251 520 2336 pertinacius
535 2250 667 2314 Romani
693 2255 720 2292 ⁶⁵
730 2249 877 2334 Euripum
896 2251 1069 2316 tuebantur.
1113 2249 1157 2312 lli

116 2359 235 2420 quoque
261 2349 377 2416 tamen,
403 2359 496 2420 quum
523 2349 604 2400 terra
630 2337 766 2417 marique
793 2337 1012 2414 obsiderentur,
1036 2349 1068 2400 ct
1089 2335 1157 2420 jem

113 2425 272 2486 machinas
287 2437 501 2506 tormentaque
527 2424 713 2505 comportari
738 2425 887 2502 viderent,
902 2445 964 2486 non
980 2423 1075 2486 tulere
1099 2424 1157 2485 ob-

113 2509 273 2572 sidionem.
321 2511 421 2582 Quum
435 2511 479 2589 id,
495 2509 578 2593 quod
592 2520 685 2591 eaput
699 2521 764 2571 erat
788 2509 921 2588 Euboeae,
948 2521 1066 2572 teneret
1091 2529 1157 2588 rex,

114 2588 152 2658 ne
173 2607 284 2658 ceteris
308 2597 430 2678 quidem
456 2596 521 2678 ejus
545 2594 646 2660 insulas
676 2596 764 2658 urbes
790 2597 950 2680 imperium
976 2596 1156 2658 abnuerunt.

114 2701 287 2764 magnoque
319 2683 469 2766 principio
503 2680 560 2744 sibi
593 2701 677 2743 orsus
715 2682 826 2744 bellum
861 2683 1031 2760 videbatur,
1073 2681 1155 2763 quod

115 2779 201 2832 tauta
225 2767 323 2832 insula
343 2781 375 2833 et
395 2781 442 2832 tot
468 2779 644 2854 opportuna
665 2767 753 2830 urbes
776 2770 807 2831 in
831 2789 917 2832 suam
939 2767 1088 2832 ditionem
1102 2788 1155 2828 ve·

114 2855 237 2918 meent

145 3011 167 3048 θ’
180 3011 394 3080 ’Autursgru'nen
411 3011 552 3078 ..suctim1
579 3013 617 3064 sle
649 3029 713 3064 mers
723 3013 819 3064 voluisse
829 3027 951 3062 numerum
962 3026 1042 3060 sonim
1054 3009 1157 3072 quiesesi

117 3076 132 3123 l.
145 3092 172 3128 ιι.
181 3096 202 3129 t.
210 3081 250 3130 30.
259 3078 316 3127 Plus
322 3081 436 3144 sanguinis
446 3111 453 3125 .
466 3113 472 3124 .
485 3077 593 3143 jactum.
649 3091 710 3127 sunt.

146 3145 167 3180 ⁸*
178 3143 222 3194 Eos
236 3143 326 3205 eseldit]
350 3145 378 3192 lu
396 3155 452 3190 roes
471 3157 504 3189 sss
519 3143 618 3207 resplen-
681 3141 704 3176 θ’
716 3139 837 3204 Barim]
862 3137 967 3198 intellige
977 3139 1097 3194 tunellum
1105 3137 1155 3188 Eu·

115 3221 165 3260 mer
175 3211 251 3264 latere
263 3209 388 3260 mendum
406 3221 431 3260 et
444 3204 535 3258 livium
546 3209 619 3272 expri·
652 3206 703 3272 sipi,
713 3205 772 3268 quod
784 3205 851 3254 mede
861 3207 1004 3256 nominatum
1015 3216 1060 3254 est.
1187 3216 1191 3226 ·
