3080 5196
351 372 410 430 212
458 383 461 390 ’
743 364 828 428 ΤΙΤῙ
847 365 949 428 1.qu

186 539 327 592 momen.
354 521 438 586 dium
465 523 546 604 agris
576 522 723 602 mitteret,
753 523 903 586 discessit.
930 547 932 552 ·
958 520 1072 586 lllnde
1098 521 1235 607 Tegeam
1261 525 1399 589 exercitu

188 603 331 685 acgm.
354 619 524 688 manacta,
551 611 742 691 concilioque
766 610 875 671 eodem
901 618 934 672 et
955 608 1077 672 Achaeis
1099 621 1132 674 et
1155 611 1246 674 sociis
1271 611 1400 688 indicto,

354 697 387 759 in
402 715 463 776 quo
476 705 509 757 et
523 695 718 778 Epirotarum
732 706 765 758 et
778 694 974 757 Acamanum
990 696 1073 759 hiere
1093 697 1257 779 principes,
1281 698 1400 775 statuit,
1478 769 1483 788 .

355 782 500 864 quoniam
515 783 588 844 satis
602 792 636 844 et
651 801 773 844 suorum
792 801 811 841 a
829 781 945 864 pudore
967 783 1128 845 maritima
1152 782 1328 864 ignominiae
1355 803 1410 845 ra-·

355 869 455 932 stituti
470 869 575 947 animi,
593 878 626 930 et
640 868 775 930 hostium
791 867 949 930 conterriti
964 881 1076 946 essent,
1096 868 1136 930 ad
1152 866 1403 932 lacedemonenr

357 955 484 1016 ducere:
517 975 555 1016 eo
578 953 672 1016 modo
694 975 756 1015 uno
781 963 861 1016 ratus
886 954 926 1016 ab
955 955 1115 1016 obsidione
1142 954 1252 1039 Gythii
1280 956 1402 1018 hostem

358 1040 468 1104 abduci
487 1043 588 1123 posse.
632 1039 683 1102 Ad
698 1037 844 1123 ”Caryas
859 1041 991 1121 primum
1007 1041 1040 1102 in
1054 1042 1189 1104 hostium
1204 1053 1287 1104 tarra
1300 1043 1404 1125 posuit

358 1136 468 1188 castra.
511 1125 559 1189 Po
585 1126 651 1209 ipso
672 1125 722 1188 die
746 1123 895 1210 Gythium
921 1137 1128 1209 expugnatum
1154 1139 1212 1190 est.
1247 1127 1336 1210 cujus
1362 1129 1404 1189 rei

359 1213 480 1296 ignarus
504 1213 725 1297 Philopoemen,
756 1225 856 1274 castra
887 1212 927 1274 ad
951 1212 1194 1276 Barbosthenem
1226 1213 1331 1295 (mons
1359 1224 1405 1276 est

359 1301 465 1363 decern
482 1299 579 1363 millia
616 1319 736 1363 assuum
752 1300 790 1359 ab
812 1297 1044 1380 Lucedsmone)
1068 1302 1232 1382 promovit.
1276 1299 1319 1362 Et
1340 1299 1404 1362 Na-

358 1387 416 1465 bis,
431 1397 555 1470 recepto
569 1322 697 1534 {thim
720 1404 790 1446 cnm
814 1384 960 1468 expedito
978 1387 1114 1449 exercitu
1137 1386 1209 1448 inde
1236 1387 1404 1468 profectus,

358 1484 615 1641 &bittit
639 1472 844 1641 {tinnit
860 1471 1406 1641 illmdllll‘li'ffffl

358 1664 421 1706 non
438 1645 606 1708 dubitabat.
635 1645 707 1708 inde
731 1644 868 1706 hostibus
895 1645 1040 1707 obcurrit.
1084 1645 1276 1707 obtinebant
1301 1657 1405 1708 autem

359 1729 453 1812 longo
480 1731 601 1814 agmine
626 1740 750 1814 propter
775 1729 930 1811 angustias
955 1731 1022 1792 vite·
1037 1751 1133 1815 prope
1155 1733 1289 1814 quinque
1308 1733 1414 1795 millia¹

360 1833 513 1896 passuum.
557 1819 721 1899 cogebatur
745 1835 856 1898 agmen
880 1817 919 1877 ab
950 1817 1112 1898 equitibus,
1133 1821 1159 1859 ⁹³
1172 1829 1204 1880 et
1231 1819 1405 1882 maximea

359 1912 446 1982 parte
472 1905 673 1967 auxiliorum:
712 1902 795 1983 quod
821 1902 1017 1965 existimabat
1048 1902 1267 1987 Philopoemen,
1299 1917 1405 1990 tyran·

360 2005 433 2048 num
462 1991 656 2054 mercenariis
681 1989 838 2065 militibus,
867 1989 977 2071 quibus
1001 1989 1164 2072 plurimum
1195 1991 1317 2071 fideret,
1343 1991 1405 2054 ,bs

359 2083 448 2158 tergo
463 2097 533 2139 suos
548 2077 769 2160 adgressurum.
814 2073 891 2137 Due
916 2097 963 2136 res
989 2075 1077 2138 simul
1102 2077 1267 2159 inopinatae
1294 2097 1405 2161 percu·

361 2153 464 2226 lerunt
478 2183 567 2226 cum:
591 2183 663 2240 nna,
677 2173 916 2247 preoccupatus,
931 2182 1021 2243 quem
1043 2163 1177 2244 petebat,
1199 2163 1304 2226 locus:
1329 2165 1405 2226 altc-

361 2263 404 2328 ra,
442 2251 523 2332 quod
549 2251 648 2333 primo
674 2249 788 2330 agmini
814 2247 982 2310 obcurrisse
1009 2249 1130 2310 hostem
1156 2251 1313 2328 cernebat,
1343 2253 1406 2328 uhi,

361 2347 453 2410 quum
476 2358 529 2418 per
556 2337 626 2398 loca
647 2335 830 2416 confragosa
854 2335 913 2396 iter
938 2345 1030 2412 esset,
1056 2335 1121 2396 sine
1147 2335 1220 2396 levis
1246 2347 1406 2398 armaturas

193 2438 349 2518 Philopatore.
358 2423 499 2498 Presidio
514 2423 602 2504 signa
616 2422 687 2483 ferri
702 2441 764 2483 non
779 2420 902 2481 videbat
915 2440 1015 2502 posse.

192 2505 336 2568 caelenis,
405 2506 554 2570 XXVlll.
575 2507 651 2569 Erat
668 2517 770 2568 autem
795 2504 1006 2588 Philopoemen
1030 2509 1187 2589 praecipua
1210 2510 1413 2572 inducendo

192 2583 219 2621 et
229 2585 284 2619 urus
293 2577 318 2626 in

191 2634 250 2686 loci·
261 2644 322 2711 capi-

191 2702 266 2754 adhe

364 2595 484 2676 agmine
502 2594 643 2676 locisque
669 2591 825 2676 capiendis
850 2592 980 2654 solertiae'
1005 2595 1097 2673 atque
1122 2615 1216 2655 usus:
1251 2615 1309 2656 nec
1336 2597 1414 2657 belli·

362 2693 482 2745 tantum
507 2680 704 2762 temporibus,
729 2677 785 2739 sed
809 2678 902 2739 etiam
925 2679 956 2739 in
974 2699 1062 2760 pace,
1088 2679 1177 2741 adid
1192 2681 1324 2742 maxime
1340 2683 1409 2742 ani·

361 2779 445 2832 mum
461 2776 647 2830 exercuerat.
692 2762 755 2826 Ubi
769 2764 826 2825 iter
847 2765 990 2846 quopiam
1006 2764 1132 2842 faceret,
1147 2767 1231 2827 etad
1247 2766 1410 2829 difficilem

362 2854 490 2919 trarrsitu
514 2853 623 2914 saltum
644 2850 786 2928 venisset,
811 2850 1035 2930 contemplatus
1061 2852 1099 2912 ab
1124 2852 1205 2912 omni
1228 2863 1316 2933 parte
1344 2852 1411 2915 loci

361 2953 513 3019 naturam,
538 2943 663 3019 ⁹⁴quum
686 2937 768 2997 solus
792 2933 869 3012 iret,l
896 2955 998 2997 secum
1025 2936 1090 3018 ipse
1116 2938 1253 3019 agitabat
1279 2939 1409 3019 anim03

362 3049 453 3110 quum
471 3025 597 3088 comites
612 3023 748 3100 haberet,
775 3021 865 3082 abiis
880 3023 1041 3103 querebat,
1069 3020 1128 3083 ‘Si
1151 3023 1247 3085 hostis
1272 3045 1311 3086 eo
1337 3026 1413 3088 loco*

363 3117 373 3149 ‘
388 3115 588 3195 adparuisset,
602 3109 686 3191 quid,
700 3109 725 3170 si
741 3129 760 3168 a
774 3106 886 3185 fronte,
902 3109 985 3188 quid,
1000 3110 1026 3169 si
1042 3110 1080 3169 ab
1096 3109 1191 3171 latere
1205 3111 1264 3171 hoc
1276 3121 1331 3173 sut
1345 3112 1408 3190 illo,

362 3201 468 3283 ‘quid,
484 3200 508 3261 si
521 3199 559 3259 ab
572 3209 660 3277 tergo
672 3194 853 3271 adoriretur,
868 3194 1050 3275 capiendum
1062 3195 1181 3256 consilii
1193 3195 1291 3258 foret?
1317 3197 1410 3260 Posse

363 3289 549 3349 ‘instructos
566 3293 649 3345 recta
671 3282 748 3358 acie,
771 3300 859 3360 posse
882 3279 1071 3341 inconditum
1087 3301 1208 3362 agmen,
1223 3293 1256 3344 et
1271 3295 1408 3347 tanturn·

321 3443 325 3456 ¹
363 3373 483 3436 ‘modo
505 3381 610 3454 aptum
631 3368 696 3445 viae,
721 3367 890 3427 obcurrerc.
937 3365 1034 3435 Quem
1058 3367 1159 3429 locum
1181 3368 1246 3450 ipse
1267 3382 1409 3453 capturus

248 3531 253 3542 .
364 3457 489 3535 ‘essetf
506 3454 673 3536 cogitando
688 3463 742 3514 aut
753 3451 913 3532 quaerendo
925 3453 1145 3533 exsequebatur
1150 3476 1160 3532 3
1184 3456 1259 3517 ‘aut
1271 3469 1348 3537 quot
1358 3476 1408 3518 ar-

365 3545 491 3620 ‘matis,
512 3553 564 3602 aut
578 3561 640 3620 quo
654 3557 763 3620 genere
779 3557 929 3598 armorum
954 3536 1128 3620 (plurimum
1150 3541 1231 3601 enim
1248 3543 1404 3622 interesse)

366 3630 511 3704 ‘usums3
527 3648 587 3707 quo
598 3623 815 3705 inpedimenta,
830 3643 890 3703 quo
901 3625 1045 3701 sarcinas,
1059 3645 1119 3706 quo
1128 3627 1248 3687 turbam
1261 3629 1410 3690 inermem

368 3716 379 3752 ‘
394 3711 535 3796 rejiceret
540 3736 550 3792 3
567 3721 681 3792 quanto
693 3730 740 3786 ea,
752 3722 806 3771 aut
819 3710 900 3792 quali
915 3710 1054 3791 presidio
1065 3710 1249 3790 custodiret3
1265 3725 1410 3777 etutnrm

668 3838 706 3890 la
718 3841 869 3892 Gremcrev.
969 3841 1114 3892 'eratGrom

396 3972 421 4008 ⁰⁰
436 3969 493 4020 Inde
505 3966 607 4032 Tegeam]
629 3965 693 4014 Olim
705 3965 753 4014 cusi
764 3966 815 4012 inde
827 3964 869 4012 Te·
934 3965 956 4002 ω
979 3964 1009 4012 Et
1032 3967 1123 4014 nonme
1146 3977 1241 4029 oporte
1262 3971 1411 4035 auxiliorw]

367 4037 446 4098 legana
478 4034 573 4082 Nomen
589 4033 664 4096 oppidi
681 4031 781 4078 restituit
799 4027 871 4076 Gele·
903 4029 961 4090 Legi
971 4031 1037 4090 jubet
1050 4030 1191 4089 Perizonius,
1206 4042 1226 4082 et
1240 4037 1337 4082 marim
1349 4047 1414 4098 purte

367 4102 428 4148 nine.
461 4101 493 4148 At
513 4097 572 4146 male
592 4096 731 4147 recentiores
752 4094 809 4142 euti
830 4109 872 4155 pro
902 4095 1050 4142 artrilimrm:
1065 4107 1135 4145 recte.
1168 4095 1250 4150 Quum
1265 4100 1331 4147 enim
1346 4101 1415 4162 equi·

366 4167 419 4216 s'nde
433 4166 535 4212 iecerunt
550 4164 614 4210 iden.
647 4160 802 4216 Camerinus,
821 4175 871 4206 mo·
903 4167 1067 4224 tstnsetparr
1082 4161 1218 4211 auxdbrum
1238 4177 1306 4224 cogat
1324 4181 1416 4225 agmen,

367 4241 438 4280 trente
450 4229 574 4276 Gronovio.
904 4225 944 4286 qui
960 4237 1034 4287 potest
1045 4227 1140 4287 intelligi
1151 4229 1220 4288 magis
1231 4229 1255 4276 id
1269 4230 1298 4276 ab
1317 4232 1419 4289 auxum,

376 4327 379 4334 .
399 4294 420 4329 ⁹¹
433 4292 527 4356 Carpus]
551 4292 588 4339 Sic
607 4303 693 4338 nomen
706 4291 751 4338 hoc
770 4287 871 4338 scriben-
903 4303 972 4351 quant
983 4290 1010 4336 ab
1021 4291 1135 4354 equitibus
1145 4295 1271 4355 prestari?

368 4359 423 4407 dum
441 4369 492 4418 eat;
515 4371 562 4404 non
574 4355 659 4413 carim
674 4355 788 4416 quomodo
805 4353 871 4415 vulgo
935 4353 957 4390 ⁹⁴
982 4355 1056 4408 Quum
1077 4357 1133 4404 colus
1155 4357 1210 4420 iret]
1246 4357 1325 4420 Vulgo
1352 4371 1420 4410 wat:

367 4422 528 4474 edirihabenr.
582 4422 585 4432 ’
904 4419 980 4467 mium
998 4419 1121 4483 eleganter,
1138 4432 1163 4472 et
1177 4433 1257 4472 contra
1274 4426 1419 4490 scriptorum

399 4487 421 4524 ⁹⁸
432 4485 538 4552 Pyrrhi.
557 4519 564 4537 .
580 4518 588 4534 .
605 4485 693 4549 Conso]
709 4485 804 4536 Nomen
815 4484 870 4536 loci.
903 4483 979 4534 idem.
