3068 5186
439 377 516 438 LlB.
530 377 688 438 XXXVII.
709 378 792 438 CAP.
804 379 898 438 XLV.
1134 389 1194 452 ³17

152 535 200 608 hi,
216 534 299 617 prius
314 532 451 596 Eumene
472 543 633 607 convento,
648 554 739 615 quem
760 548 884 618 propter
903 545 1005 598 vetera
1027 537 1195 600 certamina
1206 537 1239 588 U·
1252 539 1283 590 C·
1293 541 1352 592 ⁸⁶²·

155 642 294 698 aversum
309 623 442 684 maxime
457 642 476 682 a
490 641 566 702 pace
582 621 747 682 credebant
765 642 841 699 esse,
867 631 898 684 et
917 622 1083 704 placatiore
1106 645 1145 686 eo
1164 635 1196 688 et
1207 605 1238 656 Α·
1248 603 1277 659 ⁰·
1291 605 1348 656 ¹⁹⁰*

154 727 213 770 sua
226 719 258 769 et
271 707 350 789 regie
365 728 417 790 spe
433 708 565 784 invento,
587 719 653 770 tum
669 706 703 768 P.
719 705 905 790 Scipionem,
920 721 953 771 et
967 730 1021 791 per
1036 729 1105 770 eum
1120 731 1195 772 con-

153 796 262 872 sulem,
284 794 444 856 adierunt:
465 795 651 878 praebitoque
666 793 703 854 iis
717 795 890 876 petentibus
904 794 1052 876 frequenti
1069 796 1195 859 consilio

155 882 197 942 sd
211 880 355 942 mandata
369 879 497 960 edenda,
512 878 605 942 ‘Non
621 893 696 958 tam,
711 880 785 961 quid
796 882 853 963 ipsi
866 881 1014 960 dicamus,
1029 881 1195 962 habemusss

154 968 257 1049 inquit
274 965 396 1044 Zeuxis,
418 967 535 1048 ‘quam
557 979 593 1028 ut
613 987 632 1028 a
652 967 737 1028 vobis
765 986 943 1047 queramus,
969 967 1109 1047 Romani,
1135 991 1195 1051 quo

155 1055 168 1087 ‘
183 1053 303 1137 piaculo
319 1054 441 1136 expiare
456 1073 588 1116 errorem
603 1053 692 1134 regis,
713 1073 820 1136 pacem
835 1055 1013 1136 veniamque
1035 1057 1196 1137 impetrare

155 1141 168 1173 ‘
183 1162 203 1202 a
216 1140 379 1203 victoribus
390 1140 551 1224 possimus.
582 1138 723 1202 Maximo
733 1161 853 1222 semper
864 1142 968 1203 animo
978 1142 1065 1204 victis
1076 1142 1195 1222 regibus

157 1227 169 1258 ‘
184 1227 364 1310 populisque
379 1227 545 1308 ignovistis.
560 1237 674 1308 quanto
690 1226 721 1288 id
736 1224 851 1308 majore
866 1239 898 1288 et
912 1227 1078 1309 placatiore
1093 1229 1196 1290 animo

157 1313 170 1346 ‘
183 1316 274 1376 decet
287 1335 340 1376 vos
354 1312 454 1376 facere
470 1315 501 1376 in
516 1314 573 1376 hac
590 1313 724 1391 victoria,
739 1332 804 1394 quae
818 1333 870 1374 vos
884 1313 1024 1376 dominos
1039 1315 1120 1377 orbis
1135 1325 1196 1376 tet·

153 1400 283 1462 ‘rarum
304 1400 401 1464 fecit?
447 1399 554 1474 Pultis
572 1399 637 1482 jam
656 1399 796 1461 adversus
816 1419 922 1460 omues
938 1401 1080 1464 mortales
1096 1415 1195 1466 certa·

154 1488 166 1519 ‘
183 1489 325 1564 nutribus,
348 1487 431 1548 haud
449 1507 534 1548 secus
550 1506 640 1568 quam
662 1486 755 1562 Deos,
769 1485 935 1548 'consulere
951 1498 983 1548 et
997 1507 1120 1568 parcere
1142 1507 1195 1550 vos

152 1574 283 1656 ‘generi
298 1575 432 1635 humano
446 1571 586 1655 oportet!
629 1569 806 1648 Jam'aute,
831 1591 921 1654 quam
942 1570 1034 1652 legati
1049 1573 1195 1650 venirent,
1249 1595 1255 1606 ¹

155 1660 312 1721 decretum
339 1671 414 1738 erat,
440 1659 514 1740 quid
540 1657 781 1741 responderetur.
814 1658 994 1740 respondere
1017 1657 1195 1720 Africanum

153 1746 280 1828 plac'uit.
325 1744 354 1806 Is
369 1746 400 1806 in
416 1746 496 1808 hunc
511 1745 636 1807 modum
652 1744 770 1806 locutus
786 1744 899 1807 fertur:
923 1744 1079 1808 ‘Romani
1094 1765 1133 1806 ex
1147 1745 1195 1822 iis,

155 1833 166 1864 ‘
183 1853 247 1914 quae
260 1833 291 1893 in
300 1829 402 1904 Deum
412 1831 616 1894 inmortalium
628 1841 783 1914 potestate
797 1844 893 1908 erant,
909 1853 946 1894 ea
960 1831 1118 1909 habemus,
1129 1851 1195 1913 quae
1207 1835 1354 1916 Repetam

88 1915 93 1923 ’
157 1918 234 1980 ‘Dii
250 1919 407 1982 dederuut.
451 1918 590 1997 Animos,
613 1919 664 2000 qui
680 1929 790 1981 nostra
804 1919 915 1980 mentis
930 1930 1010 1996 suut,
1025 1919 1148 1980 eosdem
1164 1919 1195 1980 in
1208 1903 1318 1954 Am·

157 2007 168 2040 ‘
183 2006 266 2068 omni
281 2004 404 2070 fortuna
415 2006 573 2088 gessimus,
586 2006 793 2087 gerimusquet
816 2025 913 2086 neque
929 2025 981 2068 eos
996 2005 1135 2068 secundae
1149 2025 1195 2067 res

155 2091 363 2169 ‘'extulerunt,
374 2113 430 2154 nec
443 2092 573 2154 adversas
582 2093 766 2154 minuerunt.
777 2091 841 2172 ejus
849 2091 903 2168 rei,
913 2101 948 2152 ut
956 2091 1034 2154 alios
1043 2093 1196 2170 omittam,

156 2179 167 2211 ‘
183 2177 388 2240 Hannibalem
403 2191 535 2240 vestrum
550 2179 635 2240 vobis
647 2178 750 2240 darem
762 2189 883 2254 testem,
898 2178 956 2238 nisi
967 2199 1020 2239 vos
1030 2178 1111 2260 ipsos
1122 2177 1195 2245 dare

158 2266 314 2348 ‘possem
367 2264 530 2346 Postquam
557 2263 788 2347 Hellespontum
814 2262 996 2344 trajecimus,
1022 2265 1195 2346 priusquam

154 2351 166 2384 ‘
182 2364 282 2414 castra
296 2352 390 2432 regia,
405 2353 578 2434 priusquam
595 2351 691 2412 aciem
706 2349 885 2427 videremus,
912 2370 1004 2432 quum
1026 2352 1195 2414 communis

154 2439 166 2472 ‘
182 2437 268 2500 Mars
283 2450 316 2500 et
329 2439 460 2500 incertus
471 2438 542 2500 belli
553 2449 677 2499 eventus
688 2450 778 2513 esset,
793 2437 831 2498 de
841 2457 917 2519 pace
928 2436 1013 2498 vobis
1025 2439 1195 2518 agentibus,

155 2525 166 2558 ‘
181 2545 255 2608 quas
270 2545 358 2606 pares
372 2525 493 2607 paribus
508 2524 677 2586 ferebamus
690 2523 889 2601 conditiones,
905 2523 1027 2586 easdem
1039 2538 1121 2584 nunc
1131 2525 1195 2586 vic-

154 2611 166 2642 ‘
182 2622 263 2673 tores
278 2612 365 2673 victis
380 2611 511 2672 serimus.
555 2608 678 2692 Europa
692 2609 852 2685 abstinete,
867 2607 999 2691 llsiaque
1014 2611 1108 2687 omni,
1130 2631 1196 2694 quoe
1208 2623 1271 2675 Pacis
1280 2639 1340 2674 aas.

155 2697 167 2729 ‘
183 2699 226 2757 cis
240 2695 374 2758 'laurum
389 2709 525 2758 montem
548 2707 604 2773 est,
627 2695 775 2758 decedite.
818 2693 876 2755 Pro
891 2696 1023 2777 inpensis
1038 2696 1147 2759 deinde
1163 2699 1194 2762 in
1207 2690 1313 2742 sidones.

155 2783 165 2815 ‘
181 2783 292 2844 bellum
306 2783 394 2846 lactis
404 2783 577 2864 quindecim
589 2781 686 2844 millia
699 2782 882 2850 ⁸⁴,talentllm
891 2780 1094 2854 Euboicorum
1107 2777 1193 2848 dabi-
1225 2835 1228 2844 ,

154 2871 165 2902 ‘
181 2870 236 2931 tis:
261 2869 424 2950 quingenta
433 2869 606 2951 prasentia3
631 2869 691 2931 duo
702 2868 797 2932 millia
807 2881 839 2930 et
851 2869 1027 2949 quingenta,
1041 2891 1132 2952 quum
1144 2893 1193 2934 se·

152 2955 164 2988 ‘
179 2967 269 3018 natus
285 2957 470 3038 populusque
483 2955 639 3017 Romanus
651 2976 758 3037 pacem
771 2955 1080 3036 ³³c0mpr0baverint3
1097 2959 1194 3020 millia

152 3043 163 3076 ‘
180 3043 290 3104 deinde
302 3043 452 3104 talentum
464 3063 517 3124 per
529 3041 691 3104 duodecim
704 3061 808 3104 minos.
830 3040 960 3102 Eumeni
972 3062 1092 3123 quoque
1107 3043 1192 3106 reddi

153 3129 164 3162 ‘
180 3129 400 3210 quadringenta
411 3128 535 3206 talenta,
551 3141 583 3190 et
594 3128 676 3210 quod
688 3127 830 3190 frumenti
842 3128 988 3208 reliquunt
1000 3149 1039 3190 ex
1047 3149 1095 3206 eo,
1111 3130 1193 3210 quod

152 3217 163 3248 ‘
180 3217 259 3297 patri
276 3215 412 3277 debiturn
424 3226 480 3293 est,
494 3215 606 3298 placet.
643 3212 717 3276 Haec
727 3233 818 3296 quum
830 3213 1043 3296 pepigerimus‚
1059 3214 1193 3278 facturos

152 3303 232 3364 ‘vos
253 3315 288 3365 ut
309 3322 366 3384 pro
385 3313 468 3364 cerm
490 3301 665 3377 habeamus,
688 3300 746 3362 erit
759 3301 880 3382 quidem
894 3300 1015 3380 aliquod
1030 3301 1149 3382 pignus,
1165 3303 1191 3364 si

152 3389 297 3450 ‘obsides
311 3388 418 3469 viginti
443 3399 547 3450 nostro
571 3389 718 3450 arbitratu
742 3387 870 3452 dabitis:
898 3387 951 3448 sed
973 3389 1191 3467 ³⁶numquam¹

152 3476 252 3538 ‘satis
273 3475 398 3557 liquebit
418 3475 517 3553 nobis,
543 3475 584 3536 ibi
605 3495 712 3558 pacem
737 3494 802 3536 esse
821 3473 936 3556 populo
961 3470 1114 3553 Romano,
1138 3475 1191 3536 ubi

560 3588 571 3616 ¹
585 3597 691 3645 nusquam
702 3582 776 3629 Gran.

184 3673 207 3707 ³⁴
224 3671 339 3722 Talentrlm
349 3671 505 3735 Erdoimrum]
531 3670 655 3718 Talentum
687 3669 882 3727 eminerammi,
899 3669 1023 3718 nobitnotr
1040 3672 1093 3718 satir
1110 3671 1191 3734 liquet.

152 3738 282 3788 Euboicum
298 3739 380 3789 Festus
396 3753 444 3786 este
455 3737 486 3786 ait
499 3749 595 3799 quatuor
603 3736 655 3784 mil·
687 3735 793 3784 Sufficiat
815 3737 915 3784 diversas
932 3737 1050 3784 multorum
1068 3737 1192 3784 sententiar

151 3804 209 3852 lium
220 3805 371 3852 denariorum.
405 3801 474 3856 Quod
486 3803 505 3849 ti
517 3803 657 3860 admittatur,
689 3803 828 3864 exposuisse.
872 3801 897 3848 Si
926 3801 1005 3850 Budoei
1033 3801 1191 3848 auctoritatem

46 3926 49 3930 Ι
147 3865 280 3917 Euboicum
291 3870 366 3916 mitius
378 3869 421 3916 erit
432 3867 513 3916 Attico
527 3883 571 3915 una
588 3867 655 3916 tertia
687 3882 817 3928 sequamur,
843 3867 956 3914 talentum
986 3866 1114 3915 Euboicum
1146 3867 1191 3914 erit

152 3946 227 3996 perte.
260 3934 365 3982 eurtum
384 3933 445 3982 enirn
464 3933 534 3980 millia
552 3934 656 3981 denario·
689 3947 815 3980 marcarum
828 3927 930 3991 'amenti
959 3931 1093 3980 nostratium
1121 3931 1191 3995 paulo

150 4013 204 4046 rum
216 3999 318 4050 efficiunt
336 3999 480 4063 qradraginta
500 4001 580 4059 rainae,
600 4013 656 4062 quas
688 3997 739 4060 plus
750 4001 788 4046 88.
820 3997 845 4045 st
857 3997 927 4056 teti,
943 4011 1069 4046 marterum
1080 3997 1118 4044 62.
1135 4012 1190 4044 cum

149 4065 256 4112 Atticum
267 4065 379 4114 talentum
390 4064 459 4112 habet
471 4065 591 4125 sexaginte.
623 4065 656 4112 At
689 4063 762 4111 unciis
772 4068 797 4112 t.

149 4129 260 4185 Budaeus,
270 4131 285 4178 l.
297 4143 332 4180 iv.
343 4133 372 4179 de
383 4131 450 4186 Arre,
464 4130 548 4190 colligit
558 4145 586 4178 ex
597 4127 652 4176 He·
718 4129 739 4163 ³⁵
756 4125 956 4190 comprobatamnt]
980 4125 1044 4175 Vict.
1065 4127 1146 4185 codex,
1162 4137 1189 4174 ut

149 4196 232 4243 rodoto
256 4195 367 4244 talentum
396 4195 523 4243 Euboicum
547 4195 653 4242 hahuisse
685 4209 709 4244 at
731 4194 815 4254 Sigonii
834 4193 892 4240 liber
910 4193 1103 4253 eoenprodcurint:
1128 4192 1189 4256 quod

149 4263 274 4309 minasset
286 4261 481 4323 etquinqutginta
498 4275 550 4308 tum
565 4259 653 4308 duabus
685 4263 779 4309 iortrsm
795 4257 987 4321 anteponendum.
1020 4257 1075 4306 Vitl.
1087 4269 1136 4305 not.
1147 4259 1189 4306 38.

149 4329 220 4374 ruinas
247 4327 362 4390 panibm:
387 4341 438 4388 quie
462 4341 550 4374 mmma
573 4325 652 4372 reduci
682 4324 860 4376 ad.l.r.c.58·
1143 4339 1146 4346 ’

147 4393 218 4440 debet
236 4393 265 4440 ad
280 4408 321 4440 tex
340 4403 363 4440 et
383 4391 497 4454 sexaginta
514 4406 583 4456 snpra
599 4406 650 4440 rex·
713 4387 736 4424 ³⁶
753 4387 882 4451 Nunquam]
911 4385 1188 4451 Repotuimutnurtqurrnt

147 4469 228 4506 centos
255 4470 279 4505 et
305 4459 425 4521 quinquies
450 4457 512 4506 mille
538 4459 651 4506 denarios.
683 4456 785 4504 exVitt.
796 4455 884 4511 codice,
892 4468 964 4516 quum
975 4452 1056 4512 raheri
1067 4451 1117 4500 libri
1127 4467 1185 4516 pra-

145 4523 208 4573 Utrt
234 4524 385 4573 aestimatione
406 4523 512 4572 standum
537 4525 576 4582 tit,
602 4523 651 4574 llu-
683 4522 756 4572 lerant
769 4535 889 4583 nuqtramt
906 4517 1107 4583 minmproprie„
1149 4545 1158 4566 υ
