3068 5186
328 361 413 433 aro
749 349 978 416 umauu·

163 526 309 582 U.c.5fit;.
330 512 481 578 indictum
507 518 564 586 est,
588 506 673 588 quod
699 507 730 570 in
750 506 900 572 Aventino
924 506 1076 591 lapidibus
1099 505 1238 590 pluisset.
1282 502 1378 568 Cam·

164 593 234 648 &03
245 597 300 648 ¹⁸8·
333 598 415 684 pani,
432 617 524 679 quum
538 616 591 657 eos
608 615 646 656 ex
657 597 938 674 senatusconsulto,
959 595 1042 676 quod
1063 593 1181 660 factum
1196 603 1264 656 erat
1277 593 1381 676 priore

334 694 452 762 annon,
476 703 617 746 censores
633 680 739 744 Romae
762 683 876 745 censeri
904 683 1086 765 coegissent,
1113 681 1198 762 (nam
1222 693 1318 743 antea
1332 679 1382 741 in-

333 784 450 838 certum
466 771 574 848 luerat,
596 769 648 830 ubi
664 769 868 850 censerenter)
896 771 1060 852 petierunt,
1081 781 1117 831 ut
1141 769 1198 834 sibi
1218 757 1301 832 cives
1316 766 1383 828 no-

334 881 439 923 manas
457 859 567 920 ducem
582 877 691 918 uxores
718 857 845 934 liceret3
874 869 916 936 et,
942 858 968 918 si
990 857 1041 938 qui
1057 856 1139 939 prius
1155 856 1327 933 duxissent,
1348 864 1386 916 ut

334 949 447 1010 habere
461 965 525 1021 eas,
541 955 659 1006 etanta
674 964 743 1006 eam
758 944 839 1006 diem
854 944 930 1022 nati,
955 945 1000 1006 uti
1008 941 1086 1024 justi
1100 943 1158 1005 sibi
1173 935 1261 1005 liberi
1285 943 1387 1003 narre-

335 1026 448 1114 desque
471 1040 581 1093 essent.
607 1043 734 1113 utraque
759 1052 806 1092 res
819 1032 1005 1114 impetrata.
1048 1028 1097 1092 Dc
1112 1027 1283 1094 Formianis
1300 1027 1389 1090 Fun·

336 1120 483 1201 danisque
513 1118 715 1202 municipibus
744 1129 775 1180 et
804 1119 1001 1201 Arpinatibus
1038 1114 1228 1182 Quatenus
1254 1115 1387 1198 'Pappns
1470 1141 1475 1154 ·

336 1207 475 1271 tribunus
503 1205 600 1288 plebis
630 1205 844 1288 promulgavit,
879 1206 923 1267 uti
954 1205 990 1266 iis
1016 1204 1150 1286 suffragii
1180 1205 1257 1270 latio
1298 1203 1387 1282 (nam

337 1303 411 1356 ante
433 1293 497 1356 sine
513 1292 656 1374 suffragio
671 1291 1031 1372 habuerantlcivitatem)
1060 1304 1150 1354 esset.
1194 1290 1278 1354 Huic
1293 1310 1388 1372 roga·

336 1381 414 1443 tioni
431 1389 560 1462 quatuor
575 1379 688 1441 tribuni
703 1379 810 1462 plebis,
835 1381 908 1461 quia
929 1401 992 1444 non
1007 1401 1047 1442 ex
1061 1378 1245 1442 auctoritate
1259 1389 1387 1440 senatus

337 1469 473 1546 ferrent,
496 1487 590 1548 quum
604 1467 839 1546 intercederent,
861 1468 974 1545 edocti,
997 1466 1102 1550 populi
1117 1487 1195 1544 esse,
1217 1469 1280 1528 n'on
1296 1484 1388 1526 sena-

337 1566 387 1616 tus
407 1553 458 1635 jus
484 1554 670 1634 suffragium,
697 1555 804 1634 quibus
835 1555 919 1632 velit,
948 1553 1098 1638 inpartiri,
1125 1553 1309 1616 destiterunt
1335 1551 1385 1612 in·

339 1654 441 1724 cepto.
486 1639 619 1722 Rogatio
645 1641 764 1722 perlata
790 1637 846 1719 es't,
873 1652 909 1703 ut
933 1642 966 1703 in
980 1637 1109 1702 AEmilia
1132 1641 1214 1702 tribu
1228 1637 1389 1704 Formiani

339 1739 373 1790 et
386 1725 537 1807 Fundani,
559 1727 590 1788 in
613 1725 758 1790 Cornelia
771 1727 937 1810 Arpinates
951 1727 1187 1808 ferrent-atque
1208 1726 1241 1788 in
1264 1727 1313 1788 his
1328 1726 1386 1787 tri-

338 1815 435 1876 bubus
459 1825 524 1876 tum
553 1814 685 1896 primum
708 1835 747 1876 ex
762 1813 886 1876 Valerio
911 1814 1072 1897 plebiscito
1098 1815 1182 1876 censi
1207 1825 1292 1876 sunt.
1336 1811 1387 1874 M.

340 1901 486 1964 Claudius
501 1899 666 1966 Marcellus
690 1921 807 1979 censor,
831 1913 914 1964 sorte
929 1912 1073 1983 superato
1087 1898 1126 1961 T.
1138 1900 1297 1978 Quinctio,
1323 1899 1386 1962 lus-

340 1999 421 2050 trum
438 1988 585 2054 condidit.
609 2009 700 2050 cense
714 1997 808 2050 sunt⁰
834 1979 943 2052 c'iviu'm
959 1987 1063 2068 capita
1087 1986 1220 2050 ducenta
1234 1988 1386 2069 quinqua·

338 2075 426 2156 ginta
440 2085 512 2137 octo
524 2075 623 2136 millia
635 2085 775 2136 trecenta
797 2074 903 2136 decem
915 2084 946 2134 et
961 2085 1032 2135 octo
1042 2084 1068 2134 Ρ.
1110 2070 1221 2138 hustro
1236 2073 1382 2157 perfecto,

338 2162 480 2224 consules
492 2162 523 2224 in
538 2161 709 2245 provincias
726 2159 854 2242 profecti
869 2170 951 2222 sunt.

312 2273 315 2278 ¹
382 2245 547 2312 XXXVII.
570 2245 683 2309 Hieme
716 2268 763 2326 ea,
800 2267 860 2328 qua
890 2247 955 2308 hac
980 2245 1086 2310 Roma
1115 2256 1205 2329 gesta
1231 2257 1313 2326 snat,
1348 2245 1388 2307 ad

340 2334 398 2399 Cn.
413 2335 578 2414 Manlium,
605 2335 760 2398 consulem
783 2335 926 2416 primum,
956 2333 1068 2395 deinde
1095 2335 1313 2416 proconsule,
1337 2333 1389 2394 hi·

243 2435 248 2448 ·
340 2425 520 2485 bernantem
541 2423 573 2484 in
588 2421 674 2499 Asia,
701 2420 869 2502 legationes
890 2419 1026 2502 undique
1045 2442 1083 2483 ex
1099 2423 1241 2485 omnibus
1254 2420 1390 2484 ciuitati-

340 2511 396 2572 bus
411 2510 624 2591 gentibnsque,
649 2528 714 2594 quae
738 2508 782 2569 cis
796 2506 932 2570 Taurum
946 2520 1085 2570 montem
1100 2509 1249 2588 incolunt,
1273 2529 1389 2571 conve·

341 2596 476 2658 niebant.
501 2607 534 2657 et
554 2606 590 2657 ut
611 2595 721 2656 clarior
736 2594 927 2678 nobiliorque
946 2595 1075 2657 victoria
1089 2594 1236 2660 Romanis
1259 2595 1297 2658 de
1312 2615 1388 2676 rege

341 2681 497 2744 Antiocho
523 2681 592 2760 fuit,
618 2681 772 2762 quamde
798 2679 915 2759 Gellis3
947 2682 993 2744 ita
1020 2682 1118 2744 laetior
1142 2683 1227 2745 sociis
1252 2693 1319 2744 erat
1342 2681 1385 2744 de

342 2767 450 2847 Gallis,
476 2789 569 2851 quam
584 2766 623 2836 de
637 2767 808 2830 Antiochus
845 2767 1047 2832 Tolerabilior
1071 2770 1158 2853 regia
1177 2770 1299 2832 servitus
1313 2769 1385 2830 fue-

342 2865 401 2935 rat,
417 2876 508 2938 quam
523 2855 626 2917 feritas
646 2853 813 2918 inmanium
835 2857 1042 2936 barbarorum,
1062 2857 1249 2939 incertisque
1269 2857 1302 2918 in
1318 2856 1388 2920 dies

343 2955 451 3020 terror,
477 2963 537 3025 qno
551 2942 634 3004 velut
648 2941 816 3025 tempestas
840 2963 892 3006 eos
907 2945 1090 3028 populantes
1114 2944 1248 3008 inferret.
1268 2944 1388 3028 itaque,
1409 3017 1414 3024 ,

342 3043 378 3094 ut
402 3030 511 3112 quibus
540 3030 675 3117 libertas,
704 3027 860 3092 Antiocho
890 3031 989 3114 pulso,
1020 3053 1093 3115 pax,
1120 3031 1218 3094 Gallis
1248 3031 1388 3110 domitis,

343 3118 420 3180 data
444 3128 535 3194 esset,
564 3137 627 3181 non
649 3115 843 3198 gratulatum
872 3119 966 3180 modo
995 3130 1151 3198 venerant,
1173 3120 1230 3181 sed
1259 3139 1390 3180 coronas

119 3231 122 3238 ·
203 3209 219 3294 .’
299 3221 302 3226 ·
343 3205 439 3273 etiam
455 3223 572 3283 aureas,
599 3225 654 3286 pro
668 3203 729 3265 suis
743 3223 869 3286 quaeque
893 3203 1099 3286 facultatibus,
1122 3206 1306 3268 adtulerunt.
1350 3203 1400 3268 Et·

216 3285 265 3298 ”’
344 3292 384 3354 ab
404 3290 561 3353 Antiocho
584 3291 689 3373 legati,
712 3302 747 3352 et
769 3292 809 3354 ab
830 3292 903 3374 ipsis
918 3291 1026 3372 Gallis,
1044 3307 1079 3356 ut
1100 3294 1185 3377 pacis
1201 3295 1284 3376 leges
1306 3293 1394 3356 dice-

346 3389 461 3457 rentur,
480 3390 512 3440 et
536 3379 575 3440 ab
589 3378 752 3440 Ariarathe
774 3399 844 3461 rege
861 3377 1079 3463 Cappadocum
1099 3394 1260 3460 venerunt,
1284 3380 1325 3442 ad
1339 3401 1394 3440 ve-

346 3465 430 3544 niam
446 3465 620 3548 petendam,
643 3466 785 3528 luendam
807 3485 844 3527 ue
869 3468 1001 3548 pecunia
1023 3489 1148 3549 noxam,
1171 3469 1256 3552 quod
1271 3467 1393 3532 auxiliis

346 3551 535 3617 Antiochum
545 3550 684 3633 juvisset.
728 3556 756 3592 ²⁵
767 3486 850 3616 illuit:
864 3565 1035 3618 sexcentas
1052 3555 1172 3618 talenta
1185 3556 1306 3638 argenti
1321 3566 1394 3618 suut

347 3639 507 3722 imperata.
550 3635 857 3722 Gallisresponsum
884 3661 975 3724 quum
999 3641 1152 3706 Eumenes
1172 3663 1229 3706 rex
1251 3643 1395 3722 venisset,

348 3738 415 3788 tum
431 3725 571 3790 daturum
598 3726 636 3794 iis,
658 3725 760 3808 leges.
778 3727 947 3792 civitatium
971 3729 1141 3813 legationes
1160 3751 1231 3793 cum
1251 3731 1395 3814 benignis

349 3813 512 3896 responsis,
525 3809 659 3887 laetiores
672 3813 874 3895 enumquam
890 3828 1044 3897 venerant,
1066 3817 1217 3884 dimissa·
1243 3817 1396 3880 Aritiocbi

347 3899 443 3982 legati
467 3899 626 3982 pecuniam
652 3900 685 3962 in
712 3898 932 3986 Pamphyliam,
960 3903 1207 3988 frumentumque
1232 3927 1272 3968 ex
1295 3917 1394 3990 pacto

347 4004 417 4053 eum
443 3984 479 4052 L.
489 3983 635 4072 Scipione
658 3987 772 4052 toedae
793 3987 870 4072 jussi
893 3991 1042 4055 advehere
1053 4015 1064 4072 3
1080 4005 1128 4055 ‘e'o
1153 4013 1186 4055 se
1209 4013 1281 4058 cum
1304 4014 1416 4066 exer·-

345 4113 394 4248 αὖ
402 4129 846 4256 fflmmfmtprffirun
855 4140 926 4210 ,Creu
990 4142 1125 4194 resudet
1135 4141 1202 4195 aad.
1264 4116 1400 4201 'ultrum

379 4313 403 4350 θ
419 4313 449 4364 Εἰ
464 4317 559 4374 dacaru
572 4318 668 4382 tumn]
690 4319 764 4382 Magis
779 4319 856 4386 placet
886 4321 958 4374 MSS.
983 4322 1032 4374 ruis
1058 4333 1147 4374 ennae
1176 4333 1258 4374 mona
1289 4321 1399 4374 Modiin.

347 4379 588 4456 indeffblucenim
597 4385 855 4449 penitioqurdrimern-
887 4387 990 4439 Ducenio
1008 4391 1092 4442 rubea
1117 4399 1174 4442 suut
1201 4405 1286 4442 mucre
1304 4387 1417 4453 menti.

347 4444 394 4493 bris
420 4445 513 4510 incipit:
539 4449 856 4512 Huic..Gattu;.aausram
885 4453 974 4508 istst.
1228 4495 1229 4498 =

348 4511 598 4577 mmeedmm
612 4515 693 4581 llgssllo‘
715 4518 855 4578 letemln
