3026 5164
475 399 553 464 ΜΒ.
578 397 643 464 Xb'.
666 402 747 464 CAP.
771 401 804 462 V.
1088 413 1152 478 nep

118 557 185 624 ruin
210 557 241 626 iu
267 559 425 625 adversum
438 562 562 626 v‘ent'um
586 563 790 646 nequidquam
805 582 867 626 eos·
879 565 1037 630 tendentes
1057 587 1153 651 prope
1166 564 1199 614 U·
1210 565 1239 615 0·
1251 565 1307 624 5l0·

118 659 229 710 terrain
245 649 297 711 lux
308 651 479 732 obpressit:
502 663 535 712 et
549 651 634 732 regii,
650 651 701 732 qui
717 663 864 732 preerant
879 653 1023 716 custodia
1038 665 1154 738 portus,
1167 631 1198 690 Α·
1209 633 1239 683 ⁰·
1252 632 1308 684 ¹⁸²·

118 735 251 799 lembum
276 747 426 798 armatum
451 737 491 798 sd
515 737 747 819 pertrahendam
773 757 840 799 eam
866 741 966 801 navim
996 740 1154 820 miserunt,

119 841 189 885 euru
209 823 291 905 gravi
308 823 420 902 edicto,
445 844 484 886 ne
499 837 716 886 reverterentur
729 824 794 886 sine
810 845 854 886 ea
898 823 1000 897 Quum
1017 825 1083 908 jam
1098 828 1154 890 ed-
1220 847 1225 860 ¹

117 911 371 993 propinquabant,
386 908 469 973 Poris
478 911 654 992 quidemad
664 910 870 974 hortationem
885 913 1032 996 remigum
1046 925 1153 978 nauta·

119 995 244 1080 rumque
258 997 394 1060 intentus
412 1008 499 1075 erat3
530 996 682 1060 interdurn
708 1017 814 1060 manus
841 997 886 1060 ad*
903 1001 1013 1062 coslum
1028 1001 1155 1064 tendens

118 1079 215 1162 Deos,
236 1094 272 1145 ut
296 1081 411 1146 ferrent
431 1105 533 1168 opem,
557 1086 665 1164 orabat
674 1094 698 1147 ⁰.
724 1084 809 1147 ferox
824 1085 945 1148 interim
971 1086 1096 1166 femina,
1117 1089 1157 1150 ad

118 1169 215 1231 multo
230 1179 301 1232 ante
326 1172 556 1254 precogitatum
580 1172 716 1235 revoluta
731 1170 859 1252 lacinus,
884 1193 1034 1240 venenum
1057 1174 1158 1253 diluit,

117 1255 288 1339 ferrumque
303 1259 438 1340 promit:
461 1270 503 1337 et,
519 1259 620 1342 posito
636 1260 667 1321 in
682 1271 848 1340 conspectu
864 1260 973 1342 poculo
985 1261 1158 1343 strictisque

117 1339 236 1423 gladiis,
256 1342 390 1424 ‘Mors,’
408 1346 516 1429 inquit,
535 1346 622 1407 ‘una
634 1345 771 1408 vindicta
784 1357 841 1408 est.
886 1344 951 1408 Vis
974 1347 1013 1408 ad
1027 1359 1158 1410 mortem

118 1429 191 1492 ‘lus
204 1441 294 1494 sunt:
321 1451 381 1514 qua
396 1453 544 1516 quemque
560 1434 676 1494 animus
691 1432 761 1509 lert,
783 1431 906 1514 effugite
922 1434 1094 1516 superbiam
1110 1453 1157 1495 re-

118 1515 235 1598 ‘giam
277 1517 380 1601 Agite,
401 1517 525 1601 juvenes
540 1521 612 1598 mei,
637 1520 780 1603 primum,
795 1520 846 1600 qui
862 1518 993 1600 majores
1008 1519 1091 1598 estis,
1106 1541 1159 1582 ca-

117 1603 206 1685 ‘pite
222 1603 354 1683 lerrum3
388 1616 440 1668 aut
454 1607 571 1668 haurite
591 1606 746 1688 poculum,
761 1606 786 1666 si
801 1606 921 1688 segnior
946 1627 1027 1668 mors
1049 1605 1159 1687 juvat?

116 1687 160 1752 Et
173 1691 276 1754 hostes
290 1692 429 1772 aderant,
444 1705 476 1756 et
492 1704 597 1756 auctor
620 1693 725 1754 mortis
740 1692 884 1756 instabat.
927 1691 989 1754 Alii
1015 1693 1074 1755 alio
1089 1693 1158 1754 leto

118 1778 250 1841 absumti
265 1779 456 1842 semianimes
472 1801 489 1841 e
504 1800 579 1841 nave
595 1780 830 1862 precipitantur.
843 1780 911 1862 ipsa
925 1778 1045 1857 deinde,
1060 1781 1158 1842 virum
1194 1812 1199 1823 .

117 1865 263 1927 comitem
279 1869 384 1929 mortis
399 1867 569 1951 complexa,
594 1867 626 1928 in
642 1886 725 1929 mare
750 1887 815 1930 sese
830 1865 952 1952 dejecit.
974 1887 1049 1930 uavs
1063 1886 1159 1931 vacua

30 2015 34 2022 ,
119 1950 251 2014 dominis
266 1953 342 2035 regii
356 1955 449 2037 potiti
463 1965 543 2017 sunt.

160 2036 200 2100 V.
230 2037 331 2121 Hujus
356 2041 499 2104 atrocitas
526 2040 668 2104 facinoris
692 2061 801 2104 novam
823 2041 907 2103 velut
931 2041 1085 2104 flammam
1109 2063 1156 2104 re-

116 2124 164 2206 gis
180 2125 298 2188 invidiae
313 2127 436 2211 adjecit,
460 2139 496 2190 ut
509 2130 600 2210 vulgo
627 2129 725 2212 ipsum
749 2129 917 2212 liberosque
938 2128 1001 2210 ejus
1018 2149 1157 2193 exsecra·

116 2223 229 2274 rentur.
255 2235 319 2296 quoe
346 2214 416 2277 dirae
442 2216 523 2280 brevi
545 2217 586 2278 ab
599 2216 738 2280 omnibus
754 2215 820 2278 Diis
839 2215 998 2295 exauditae,
1024 2227 1059 2278 ut
1073 2217 1158 2278 saeri·
1261 2263 1262 2268 η

119 2297 167 2361 ret
192 2299 255 2383 ipse
281 2302 312 2364 iu
345 2323 432 2364 suum
459 2303 649 2385 sanguinem,
684 2302 860 2365 effecerunt.
905 2300 1030 2366 Perseus
1065 2305 1156 2382 enirn,
1170 2313 1283 2366 Penetta

117 2405 211 2466 quum
226 2388 258 2448 in
282 2387 345 2450 dies
357 2390 457 2469 'magis
472 2401 608 2452 cerneret
632 2389 762 2452 favorem
779 2389 1018 2472 dignitatemque
1041 2388 1156 2454 Deme·
1168 2379 1263 2457 ‘'wll''

116 2472 168 2535 trii
183 2474 283 2538 fratris
298 2475 378 2558 apud
394 2474 599 2539 Macedonum
614 2476 840 2554 multitudinem
868 2497 1013 2554 crescere,
1040 2490 1072 2539 et
1086 2499 1156 2560 gra·
1170 2446 1273 2495 mmsis.

116 2559 193 2620 tiarn
209 2560 291 2644 apud
305 2561 471 2642 Romanos,
498 2565 555 2626 sibi
581 2585 664 2647 spem
680 2563 793 2626 nullam
808 2563 893 2645 regni
909 2583 1073 2646 superesse,
1098 2565 1156 2627 nisi

116 2645 151 2707 in
166 2648 288 2728 scelere,
315 2661 408 2728 ratus,
435 2644 522 2712 adid
541 2669 635 2713 unum
659 2671 775 2712 omnes·
791 2647 996 2732 cogitationes·
1016 2651 1157 2714 intendit.

117 2744 253 2796 ceterum
268 2756 359 2818 quum
386 2757 418 2799 se
432 2758 471 2799 ne
484 2737 523 2798 ad
537 2738 570 2799 id
585 2737 719 2820 quidem,
739 2736 821 2819 quod
846 2740 870 2776 ¹¹
882 2737 1022 2798 muliebri
1039 2739 1158 2821 cogita-

118 2819 173 2882 bat
188 2823 300 2903 animo,
315 2824 389 2886 satis
408 2845 462 2907 per
476 2845 508 2886 se
521 2824 654 2911 validum
670 2823 816 2902 crederet,
832 2823 965 2905 singulos
991 2825 1158 2894 amicorum

116 2907 213 2989 patris
239 2919 357 2972 tentare
376 2911 563 2973 sermonibus
589 2912 741 2994 perplexis
766 2910 889 2972 institit.
915 2921 946 2972 et
970 2911 1069 2993 primo
1090 2913 1157 2992 qui-

117 2993 191 3055 dam
204 3015 243 3056 ex
258 2996 305 3057 his
319 2997 567 3078 adspernantium
593 2998 654 3058 tale
680 2997 843 3078 quidquam
870 2997 1003 3078 speciem
1023 2999 1157 3078 prebue-

116 3091 200 3158 runt,
227 3081 299 3162 quia
324 3083 391 3165 plus
416 3084 448 3144 in
467 3083 627 3148 Demetrio
654 3084 718 3166 spei
744 3083 909 3164 ponebant.
936 3083 1056 3161 deinde,
1075 3105 1158 3145 cres·

117 3177 208 3228 cente
233 3169 262 3229 in
279 3169 343 3232 dies
359 3169 489 3253 Philippi
515 3171 587 3231 odio
602 3171 634 3232 in
660 3169 826 3247 Romanos,
853 3170 901 3230 cui
917 3167 1042 3231 Perseus
1057 3171 1159 3231 indulss

117 3265 214 3335 geret,
249 3253 421 3318 Demetrius
447 3275 565 3319 summa
599 3277 657 3340 ope
683 3256 901 3334 adversaretur,
939 3257 1159 3339 prospicientes

119 3340 223 3402 animo
248 3341 365 3404 exitum
390 3343 503 3405 incauti
531 3364 549 3405 a
573 3343 676 3406 fraude
703 3343 837 3405 fraterna
858 3341 988 3424 juvenis,
1013 3343 1158 3426 adjuvan·

119 3426 204 3503 dum,
230 3428 312 3509 quod
327 3429 460 3492 futurum
476 3443 552 3509 erat,
575 3431 644 3509 rati,
667 3430 889 3512 fovendamque
904 3450 987 3513 spem
1004 3431 1159 3514 potentio-

117 3512 171 3591 ris,
186 3511 341 3578 Perseose
367 3515 546 3600 adjungunt.
569 3521 594 3556 ¹¹
606 3528 707 3580 cetera
725 3517 757 3579 in
783 3537 870 3579 suum
892 3537 1016 3599 quaeque
1041 3529 1160 3601 tempus
1210 3533 1215 3542 '

117 3601 238 3682 agenda
252 3601 403 3666 differunt.
426 3604 632 3686 inpraesentia
646 3603 757 3687 placet,
778 3605 862 3666 omni
878 3624 936 3688 ope
951 3605 983 3666 in
1006 3603 1160 3668 Romanos

118 3687 244 3748 accendi
274 3709 387 3771 regem,
418 3691 581 3773 inpellique
607 3691 647 3753 ad
677 3691 803 3755 consilia
829 3691 910 3770 belli,
940 3692 980 3754 ad
1005 3691 1160 3776 quaejam

118 3795 175 3834 sua
204 3786 311 3858 sponte
343 3771 476 3839 animum
507 3777 692 3842 inclinasset.
737 3775 845 3856 Simul,
870 3789 905 3841 ut
931 3777 1103 3842 Demetrius
1130 3780 1161 3842 in
1173 3793 1307 3844 Demetrius

121 3860 186 3922 dies
215 3864 382 3946 suspectior
405 3875 495 3943 esset,
529 3885 566 3926 ex
590 3867 760 3949 composito
785 3887 938 3928 sermones
963 3869 988 3906 ¹³
1002 3866 1044 3933 ‚ad
1077 3887 1160 3948 spre·
1173 3861 1305 3927 transpec-

118 3948 236 4020 tionem
261 3947 468 4013 Romanorum
496 3952 668 4016 trabebant.
689 3953 730 4014 ibi
756 3971 848 4034 quum
865 3954 917 4016 alii
940 3973 1040 4018 mores
1056 3965 1087 4015 et
1114 3938 1218 4016 in·¹¹¹⁵
1311 4003 1316 4010 .

118 4034 226 4098 stituta
239 4055 353 4117 eorum,
378 4038 429 4100 alii
444 4059 491 4100 res
505 4050 618 4120 gestas,
645 4039 696 4102 alii
711 4040 841 4122 speciem
858 4040 952 4123 ipsius
967 4041 1060 4119 urbis,
1083 4060 1162 4104 non-

323 4187 333 4213 Ε
344 4182 441 4240 tendens,
450 4196 509 4242 opem
517 4189 544 4228 nt
555 4179 596 4230 Dii
598 4180 697 4246 ser-reru,
706 4181 789 4231 orabat.
801 4183 875 4230 Gron.
887 4182 957 4232 Creu.

152 4283 172 4319 ¹¹
186 4285 200 4316 ¹
216 4283 322 4336 Muliebri
339 4321 384 4340 ...
402 4284 484 4354 minu]
500 4287 578 4351 Molli,
596 4289 625 4336 ti·
701 4289 722 4324 ¹³
753 4289 790 4337 Aa
829 4287 959 4350 Spretionem
1003 4285 1164 4352 Romanorum]

118 4350 191 4411 mido,
210 4353 385 4414 ignoscamus,
400 4355 440 4417 qui
451 4369 497 4401 non
507 4369 561 4403 vera
577 4355 624 4402 vir·
658 4351 742 4415 Spretis
760 4367 850 4419 perrara
867 4369 910 4402 ror
925 4366 971 4416 ear,
989 4369 1092 4418 qunque·
1102 4355 1165 4403 haud

116 4419 397 4474 incendendisque
408 4425 554 4482 mauretus.
658 4417 753 4468 fortasse
771 4421 823 4469 alibi
839 4419 907 4470 acite
924 4421 1059 4484 reperiatur.
1093 4421 1118 4469 si
1137 4436 1165 4468 ea

70 4479 74 4494 ¹
152 4481 300 4549 ¹³·cnero]
315 4483 501 4548 Proetmeaquoe
512 4499 626 4542 monme-
658 4483 795 4550 displicebit,
820 4487 870 4547 lege
893 4501 946 4534 cum
969 4485 1086 4540 Gronotio
1111 4501 1165 4535 mr·

118 4551 548 4617 mormtmirprasmnapengerda.
660 4553 851 4615 tnnptionnn‚rut
863 4553 997 4608 menturnis.
