3068 5186
364 379 429 436 aso
682 433 685 440 ¹
770 347 1027 438 ,uturum
1103 379 1110 390 ·

196 540 274 674 iffi
282 543 339 660 ig}
366 515 517 612 habitum,
531 534 564 587 et
577 523 677 586 oratio
691 522 751 584 fuit
763 523 912 623 submissa
924 533 957 584 et
971 521 1113 600 infracta,
1127 520 1325 621 extenuantis
1316 539 1423 672 [iffi

281 791 286 800 '
363 787 551 870 adpelnma
562 803 603 850 ea
616 785 674 862 his,
689 795 724 845 ut
738 804 771 844 se
785 802 914 863 suosque
935 783 1091 865 spoliaret,
1105 783 1237 864 quinque
1256 794 1290 848 et
1304 781 1412 863 viginti

360 868 1412 1038 llari?”fi‘lml'llinl‘jrllffillll'all'i‘d'lli

359 1048 505 1214 ἶῖἓὲὲ
528 1042 1412 1210 demittit&,tlttdt‘tmtdttttf

358 1219 491 1281 ‘dentis
511 1219 647 1301 persistis
655 1227 679 1280 θ.
723 1216 864 1296 Quinque
890 1225 922 1276 et
945 1150 1078 1297 viginth
1077 1215 1193 1278 talenta
1213 1215 1406 1298 tyrannidem

357 1307 469 1368 ‘trram
489 1303 706 1368 exhaurirent?
743 1307 768 1343 ⁵¹
782 1301 957 1384 Quingenta
982 1323 1055 1384 ergo
1080 1303 1199 1364 talenta
1223 1303 1281 1364 nisi
1305 1302 1408 1364 triduo

357 1393 536 1472 ‘numeram
556 1391 787 1474 populationem
811 1389 841 1449 in
866 1388 957 1468 agris,
983 1389 1173 1452 obsidionem
1198 1389 1229 1450 in
1252 1389 1328 1449 urbe
1350 1409 1408 1450 err·

357 1476 512 1562 ‘specta’
557 1476 626 1538 Hae
641 1475 875 1538 denunciatione
895 1477 1085 1552 conterritus,
1100 1487 1234 1558 perstare
1249 1490 1355 1537 tamen
1374 1475 1405 1537 in

358 1565 509 1647 pertinaci
529 1563 723 1626 simulatione
749 1562 870 1644 inopia.
895 1573 927 1624 et
951 1563 1111 1644 paullatim
1130 1562 1280 1626 inliberali
1304 1559 1406 1642 adjee

360 1652 458 1730 tione,
481 1672 563 1712 nunc
584 1654 612 1691 ⁵⁸
624 1672 678 1732 per
692 1650 926 1726 cavillationem,
949 1670 1030 1710 nunc
1045 1649 1184 1732 precibus
1204 1661 1237 1712 et
1256 1649 1405 1710 simulatis

360 1738 514 1822 lacrymis,
534 1736 576 1800 ad
593 1748 717 1800 eentum
735 1737 853 1798 talenta
877 1746 923 1796 est
949 1737 1125 1816 perductus.
1149 1735 1275 1817 adjecta
1300 1735 1406 1796 desem

358 1824 457 1886 millis
482 1824 671 1886 medimnllm
694 1823 849 1888 frumenti.
898 1819 974 1884 Haec
1004 1823 1109 1886 omnia
1141 1823 1221 1886 mtra
1254 1841 1310 1884 sex
1343 1821 1405 1884 dies

359 1910 497 1974 exactas.
975 1969 978 1976 ⁴

400 1994 472 2060 XV.
495 1996 524 2058 A
550 1995 662 2081 Cibyra
686 2017 740 2080 per
767 2018 856 2078 agros
883 1996 1078 2062 Sindensium
1106 1996 1259 2058 exereitus
1286 1995 1403 2072 drsebn,

357 2097 621 2166 transgressusque
636 2082 797 2146 Caularem
812 2103 944 2164 amnem,
960 2083 1063 2167 posuit
1077 2096 1189 2146 eastra.
1215 2081 1341 2144 Postero
1355 2082 1404 2144 die

358 2182 407 2232 est
421 2181 528 2253 praeter
545 2169 693 2232 Caralitin
709 2171 852 2253 paludem
869 2191 980 2255 agmen
1003 2170 1138 2232 ductum.
1160 2172 1187 2209 ⁵³
1199 2169 1239 2230 ad
1256 2168 1404 2231 Mandro·

355 2259 452 2340 polim
472 2269 657 2319 manserunt.
672 2258 743 2318 inde
757 2259 1019 2339 progredientibus
1035 2257 1074 2318 ad
1090 2253 1209 2338 Lagon,
1232 2256 1404 2338 proximam

357 2346 476 2422 urbem,
491 2354 574 2406 metu
585 2344 692 2406 incolae
700 2344 850 2426 fugerunt.
873 2343 1012 2410 Vacuum
1024 2343 1208 2422 hominibus,
1220 2354 1253 2404 et
1262 2342 1404 2405 referum

354 2452 455 2494 rerum
480 2431 618 2492 omnium
640 2432 741 2512 copia,
763 2431 910 2512 oppidum
937 2432 1136 2512 diripuerunt.
1157 2429 1230 2491 inde
1254 2430 1294 2490 ab
1320 2427 1405 2513 lysia

336 2517 488 2602 'fluminis
507 2516 603 2595 fonte,
626 2528 749 2598 postero
762 2516 812 2578 die
828 2519 867 2579 ad
890 2517 1074 2579 Cobulatum
1098 2537 1218 2578 amnem
1241 2517 1405 2599 progressi.

351 2599 581 2664 Termessenses
603 2624 641 2665 eo
665 2613 801 2685 tempore
824 2603 1047 2667 Isiondensium
1069 2624 1182 2680 meam,
1204 2603 1277 2664 urbe
1298 2614 1402 2684 capta,

352 2689 590 2770 obpugnabant:
623 2690 743 2767 inclusi,
773 2711 867 2771 quum
892 2692 951 2753 alia
975 2711 1044 2773 spes
1070 2690 1173 2750 auxilii
1198 2689 1278 2750 nulla
1304 2701 1397 2768 asset,

143 2771 147 2779 “
231 2813 233 2819 ·
357 2775 478 2857 legatos
504 2775 544 2836 ad
569 2777 737 2853 consulem,
759 2790 881 2839 orantes
896 2799 998 2860 opem,
1021 2777 1178 2837 miserunt.
1199 2777 1210 2809 ⁴
1229 2795 1297 2836 cunr
1321 2795 1399 2836 eon-

356 2862 370 2894 ‘
386 2861 510 2944 jugibus
525 2882 562 2923 ac
577 2861 678 2924 liberis
698 2863 730 2924 in
753 2883 822 2925 aree
837 2865 968 2926 inclusos
992 2885 1025 2926 se
1045 2875 1175 2926 mortem
1192 2863 1223 2922 in
1242 2862 1317 2936 dies,
1339 2873 1397 2924 aut

355 2948 470 3011 ‘ferro
501 2960 555 3010 aut
582 2949 663 3010 farne
696 2951 882 3032 patiendam,
915 2947 1113 3033 exspectare?
1170 2946 1291 3010 Volenti
1318 2967 1398 3009 eon·

353 3035 413 3097 suli
435 3055 543 3097 caussa
565 3036 597 3097 in
621 3034 830 3121 Pamphyliam
853 3037 1019 3100 divertendi
1039 3036 1143 3098 oblata
1158 3046 1215 3098 est.
1238 3033 1403 3095 adveniens

356 3123 518 3184 obsidione
550 3121 742 3185 Isiondenses
774 3125 898 3186 exemit.
955 3121 1117 3186 Termesso
1158 3141 1267 3206 pacem
1307 3119 1405 3198 dedit,

354 3213 383 3250 ³⁴
397 3209 621 3292 quinquaginta
649 3211 781 3272 talentis,
801 3212 919 3293 argenti
947 3211 1101 3292 atneptis:
1137 3210 1211 3270 item
1237 3208 1403 3290 Aspendiis

352 3297 524 3378 ceterisque
549 3295 735 3381 Pamphylia
756 3299 884 3381 populis.
937 3296 985 3359 Ex
1012 3295 1193 3380 Pamphylia
1216 3296 1339 3360 rediens
1362 3293 1401 3356 ad

355 3381 478 3444 fluvium
491 3381 628 3445 Taurum
653 3385 831 3466 primodie,
853 3396 975 3466 postero
999 3383 1038 3445 ad
1059 3382 1193 3466 Xylinen
1222 3382 1327 3466 (quarn
1348 3401 1402 3442 vo-

351 3469 438 3549 cant)
463 3489 573 3532 comen
596 3473 698 3553 posuit
721 3483 831 3533 eastra.
886 3470 1045 3533 Proiectus
1072 3470 1145 3531 inde
1172 3467 1402 3530 continentibus

352 3554 514 3617 itineribus
542 3557 583 3618 ad
608 3555 778 3619 Cormasa⁸
804 3558 908 3619 urbem
934 3557 1079 3640 pervenit.
1134 3554 1235 3617 Darsa
1263 3555 1403 3638 proxima

353 3641 426 3702 urbs
451 3653 529 3704 erat.
551 3663 631 3722 eam,
654 3655 738 3706 metu
753 3645 921 3706 incolarum
936 3645 1097 3722 desertam,
1119 3639 1403 3726 plenamornnium

353 3747 455 3790 rerum
488 3729 579 3812 copia
603 3731 727 3792 invenit.
782 3729 990 3812 Progredienti
1019 3741 1127 3812 prater
1152 3729 1278 3811 paludes
1307 3727 1400 3808 legati

353 3815 394 3876 ab
412 3813 556 3900 laysinoe,
578 3817 725 3880 dedentes
751 3818 917 3896 civitatem,
937 3827 1093 3878 venerunt.
1137 3813 1213 3877 Inde
1238 3817 1269 3876 in
1294 3833 1402 3896 agrum

352 3897 600 3985 Sagalassenum,
644 3905 768 3967 uberem
799 3904 988 3986 fertilemque
1014 3903 1097 3966 omni
1128 3923 1240 3985 genere
1269 3901 1407 3982 frugum,

240 4049 246 4066 ¹
376 4057 654 4108 ,sarcasmorum
750 4057 1021 4121 desperaremus&
1119 4059 1404 4119 ‘niripresrnrprssaa

354 4123 471 4184 permeat?
485 4125 552 4173 Fari.
747 4121 817 4171 ‘aera
828 4124 909 4174 Faus
1103 4131 1117 4168 s
1134 4123 1339 4174 CssmwflEoed..

392 4251 413 4285 ⁵¹
431 4251 559 4319 Quingenti:
568 4255 662 4320 talem]
673 4256 765 4306 Maroae
775 4261 863 4318 amanti
894 4259 982 4310 uariant
1003 4256 1087 4322 scripti,
1106 4269 1131 4306 st
1154 4265 1244 4304 veteres
1264 4253 1329 4302 editi.
1352 4251 1408 4328 lae.

355 4315 447 4411 ⁴⁶}st
461 4317 831 4448 gmmnlmprmra
894 4321 1333 4438 ,qmm'luss'ffilslssllffi-“m
1344 4317 1407 4366 r·-

266 4507 269 4510 .
355 4445 468 4504 agurius,
476 4463 531 4509 quas
540 4451 602 4497 Galli
611 4453 705 4500 dicimus
715 4403 864 4502 cmm
910 4389 1281 4518 ¹²⁵⁴medlnrlllrr'prtagintaPhtalsbtr's]
1316 4448 1412 4498 Manis

386 4509 411 4544 ω
433 4511 472 4560 Μ
497 4512 669 4581 Murranum]
696 4517 801 4570 Multum
824 4519 863 4570 bic
896 4521 968 4573 tter.
979 4535 1033 4570 oum
1044 4519 1116 4570 unciis
1125 4521 1150 4572 l.
1199 4521 1205 4544 ³
