3080 5196
402 381 481 443 ult.
499 379 661 442 xxxvii.
683 381 765 440 CAP.
786 379 838 439 IV.
1085 385 1142 442 281
1169 409 1173 422 ·

100 534 134 600 b
147 532 320 616 Apustium,
335 532 372 599 C.
386 535 559 598 Fabricium
578 535 751 614 lsrscinum,
774 535 825 617 qui
849 556 889 598 ex
914 555 968 598 ora
991 537 1146 600 maritima
1158 551 1192 602 U.
1203 549 1231 602 c.
1243 555 1299 606 sat.

101 620 231 701 undique
255 643 346 684 naves
361 619 558 686 Brundisium
582 623 819 685 contraherent:
852 634 894 699 et,
917 623 1056 685 omnibus
1078 621 1144 704 jam
1158 617 1229 730 22⁰,-
1242 619 1297 730 ab
1321 633 1327 642 '

100 707 223 792 paratis,
237 707 399 790 paludatus
414 709 454 771 ab
468 711 542 770 urbe
557 721 605 770 est
619 709 782 792 proiectus.
837 708 887 770 Ad
903 709 1035 790 quinque
1050 710 1146 772 millia
1158 699 1300 811 ὣς

100 793 336 856 voluntariorum
359 815 398 856 ex
413 794 562 858 Romanis
586 795 745 876 sociisque,
769 795 821 876 qui
844 795 971 857 emerita
995 796 1147 880 stipendia
1158 823 1205 863 tur.

99 882 153 946 sub
177 878 361 962 imperatore
382 879 415 941 Ρ.
430 881 577 949 Africano
601 882 766 959 habebant,
781 893 891 964 praeto
916 881 999 944 luere
1023 883 1146 944 exeunti

100 965 226 1045 consuli,
241 979 275 1029 et
294 967 419 1030 nomina
434 967 592 1030 dederuut.
652 965 710 1028 Per
732 988 784 1028 eos
800 968 875 1044 dies,
890 968 998 1048 quibus
1014 979 1060 1030 est
1075 990 1147 1050 pro-

99 1053 195 1115 iectus
223 1053 261 1114 ad
288 1054 400 1116 bellum
425 1055 541 1133 consul,
567 1057 591 1094 ¹³
605 1053 684 1116 ludis
703 1053 942 1135 Apollinaribus,
966 1065 1038 1116 ante
1065 1055 1148 1117 diem

100 1139 237 1219 quintum
268 1138 339 1202 ldus
368 1138 550 1218 Quinctiles,
576 1139 655 1202 coelo
689 1157 795 1201 sereno
824 1140 957 1202 interdiu
987 1147 1149 1204 obscurata

99 1225 152 1286 lux
166 1235 224 1303 est,
240 1246 334 1307 quum
349 1226 422 1288 luna
442 1227 499 1288 sub
521 1227 627 1288 orbem
649 1225 721 1288 solis
742 1227 883 1288 subisset.
940 1225 982 1288 El
996 1224 1032 1288 L.
1045 1225 1147 1288 AEmi·
1160 1246 1218 1296 solis
1230 1247 1286 1298 lsi-

98 1310 155 1372 lius
170 1309 321 1392 Regillus,
341 1313 390 1374 cui
413 1312 527 1374 navalis
542 1312 700 1395 provincia
720 1324 871 1388 evenerat,
887 1312 994 1374 eodem
1011 1324 1148 1395 tempore
1160 1314 1249 1376 qutun.

99 1395 254 1480 profectus
276 1409 333 1460 est.
377 1396 414 1460 ls.
433 1397 639 1461 Aurunculeio
661 1399 818 1478 negotium
845 1398 885 1458 ab
908 1409 1014 1460 senatu
1040 1399 1148 1460 datum

99 1494 156 1561 est,
178 1494 216 1544 ut
237 1484 363 1565 triginta
383 1485 624 1566 quinqueremes,
640 1483 747 1564 viginti
763 1485 899 1546 triremes
914 1482 1044 1560 faceret3
1076 1484 1149 1564 quia

97 1569 181 1630 fama
196 1583 275 1648 erat,
290 1569 476 1632 Antiochum
491 1582 562 1651 post
577 1569 717 1651 proelium
735 1569 841 1630 navale
858 1567 1004 1650 majorem
1019 1571 1147 1631 classem

98 1655 259 1736 aliquanto
271 1677 423 1738 reparare.
481 1659 505 1694 ¹⁴
518 1654 627 1732 AEsolt
642 1667 803 1738 postquam
819 1656 913 1736 legati
929 1655 968 1716 ab
984 1654 1084 1717 Roma
1098 1677 1145 1716 re·
1159 1674 1292 1726 &orm

98 1741 246 1819 tulerunt,
262 1742 377 1804 nullam
398 1763 484 1825 spem
500 1744 583 1824 pacis
604 1761 680 1819 esse,
696 1762 879 1824 quamquam
895 1741 994 1802 omnis
1011 1763 1065 1804 ora
1080 1763 1144 1803 ma·
1158 1753 1261 1790 ⁶⁰¹²³tu¹=
1291 1807 1296 1816 ,

96 1827 203 1888 citima
229 1848 343 1906 comm,
370 1849 436 1909 qua
461 1829 492 1890 in
513 1827 754 1910 Peloponnesum
778 1849 866 1890 versa
887 1839 942 1904 est,
961 1827 1147 1910 depopulata

98 1913 139 1974 ab
154 1913 279 1976 Achaeis
301 1926 377 1990 erat,
396 1918 420 1954 ¹⁶
431 1915 555 1997 periculi
571 1915 680 1994 magis,
695 1933 787 1994 quam
808 1913 923 1991 damni,
937 1933 1098 1991 memores,
1113 1926 1148 1976 ut

97 1997 251 2061 Romanis
266 2001 504 2063 intercluderent
516 2000 583 2076 iter,
595 1998 743 2062 Coracem
760 2012 896 2061 montem
913 2013 1148 2080 occupaverunt.

95 2105 201 2165 neque
228 2087 309 2148 enim
337 2087 528 2164 dubitabant,
558 2086 598 2147 ad
628 2086 888 2167 obpugnationem
914 2083 1065 2167 Naupacti
1095 2106 1148 2146 eos

94 2171 255 2254 principio
269 2174 345 2235 veris
359 2173 508 2236 redituros
524 2192 600 2234 esse.
640 2172 752 2248 Acilio,
769 2173 820 2252 qui
836 2172 868 2232 id
882 2173 1053 2252 exspectari
1069 2173 1147 2232 scie·

93 2257 163 2335 bat,
179 2259 278 2320 satius
297 2259 393 2322 visum
415 2271 472 2335 est,
488 2259 678 2334 inopinatam
695 2257 820 2338 adgredi
835 2278 910 2335 rem,
925 2269 958 2318 et
974 2260 997 2298 ¹⁸
1009 2256 1148 2318 Lamiam
1161 2272 1238 2322 Lsmis
1248 2273 1289 2322 cb-

93 2344 291 2425 obpugnare.
349 2344 430 2406 Nam
453 2357 486 2407 et
508 2364 527 2406 a
547 2343 688 2426 Philippo
705 2346 729 2388 ¹⁷
742 2364 836 2426 prope
858 2344 897 2405 ad
918 2343 1071 2404 excidium
1094 2344 1148 2406 ad-
1161 2339 1299 2454 ffi'w

92 2428 215 2492 ductos
230 2451 314 2506 esse3
344 2442 378 2494 et
399 2441 473 2493 tunc
493 2451 532 2492 eo
556 2431 633 2512 ipso,
649 2431 730 2512 quod
749 2430 825 2492 nihil
846 2431 907 2492 tale
924 2429 1078 2507 timerent,
1093 2431 1149 2492 oh·
1222 2419 1246 2456 ⁰·

90 2515 193 2596 primi
219 2517 358 2580 incautos
373 2538 472 2600 posse.
529 2516 685 2579 Profectus
707 2515 746 2576 ab
761 2515 862 2577 Elatia
876 2515 1007 2598 primum
1031 2517 1062 2578 in
1079 2516 1151 2578 hos·

92 2601 179 2663 tium
197 2613 281 2664 terra
295 2604 377 2666 circa
389 2601 570 2686 Sperchium
586 2621 707 2664 amnem
718 2602 819 2684 posuit
833 2614 949 2666 castra:
974 2602 1043 2664 inde
1059 2615 1152 2664 nocte

92 2687 196 2749 motis
213 2689 320 2770 signis,
335 2691 434 2772 prima
449 2690 516 2752 luce
531 2709 644 2770 corona
659 2689 773 2750 moenia
786 2699 834 2750 est
848 2688 1018 2770 adgressus.

136 2793 158 2828 ¹³
174 2793 253 2842 Ludis
276 2796 447 2858 Apollinaribus,
476 2813 499 2845 s.
528 2798 552 2846 d.
586 2796 612 2844 V.
645 2795 771 2850 brariad.
788 2809 827 2844 ιιι.
838 2795 928 2854 Nonas,
941 2795 1077 2844 finiebantur
1092 2813 1113 2844 s.
1130 2798 1155 2848 d.
1242 2827 1249 2844 .

95 2857 155 2907 Idus
179 2857 295 2912 Quintiles
310 2894 318 2910 .
336 2896 342 2910 .
359 2862 490 2910 .oltssrsrslo
511 2862 549 2910 lus
572 2861 613 2926 est]
646 2861 752 2912 suuldus.
785 2859 1020 2938 ltaqueisdiestpui
1040 2862 1155 2910 hocloco

94 2921 159 2970 Vide
177 2939 251 2988 super
266 2925 310 2974 bac
328 2941 353 2974 rs
374 2926 495 2989 epistolam
511 2928 614 2976 lsmselis
645 2937 746 2985 notatur,
767 2927 877 2990 septimus
902 2938 952 2975 erat
974 2929 1021 2974 dres
1045 2927 1153 2976 ludorum

95 2985 222 3045 Bullisldi,
237 3005 289 3052 quas
304 2989 406 3054 subjecta
426 3003 461 3040 est
482 2992 510 3039 sd
525 2993 613 3041 calcem
645 2989 823 3054 Apollinarium.

94 3053 162 3100 tertii
187 3055 250 3102 tomi
272 3054 363 3106 Liviani
389 3057 415 3105 la
442 3056 542 3105 editions
564 3057 613 3106 isc.
681 3055 791 3116 “Ml
806 3055 928 3118 imiimi
947 3055 997 3104 Hl⁰
1013 3055 1154 3104 “millii‘'

96 3117 227 3167 Gronovit.
272 3121 356 3169 l’rohat
371 3121 520 3185 peritissimus
531 3123 610 3170 Astro-
646 3117 707 3168 editi
721 3121 835 3170 habehant
851 3121 986 3182 priusqam,
1000 3133 1080 3168 contra
1095 3131 1153 3168 reta.

94 3197 185 3230 nonius
202 3186 268 3232 hauc
283 3185 395 3250 eclipsim,
410 3186 441 3234 de
458 3202 501 3248 qus
515 3186 553 3234 hic
570 3184 614 3246 rsit
647 3187 759 3234 editorum
775 3195 800 3233 et
816 3186 951 3246 scriptorum
963 3185 1039 3234 tidem.
1082 3184 1152 3231 Erro-

93 3245 193 3312 Lisius,
212 3265 262 3296 non
280 3251 380 3316 posuism
397 3249 497 3299 incidere
513 3250 536 3297 in
551 3267 573 3297 s.
590 3253 613 3300 d.
646 3264 696 3297 rem
708 3249 843 3297 monstrarit
855 3247 904 3296 lac.
916 3247 1056 3296 Gronoviust
1074 3261 1152 3298 sustu.

95 3313 211 3373 quintum
236 3313 292 3362 idus
314 3314 430 3369 anriles
454 3316 509 3364 soni
532 3316 615 3364 veteris
646 3313 673 3362 lis
685 3312 796 3363 Clericus

93 3376 213 3436 nonni,
232 3395 305 3442 quum
320 3395 350 3430 ex
368 3381 559 3430 Astrouomcrum
577 3391 615 3428 ts·
682 3379 702 3412 ¹⁵
714 3378 729 3408 ⁸
740 3379 839 3428 Periculi
853 3379 923 3441 surgis
936 3393 1002 3442 psum
1016 3378 1091 3426 dossrri
1108 3393 1154 3426 me-

91 3441 157 3490 brdis
174 3443 296 3493 referram
312 3446 339 3493 ad
362 3445 423 3493 diem
443 3447 479 3494 ll.
534 3445 615 3494 Martii
646 3443 725 3506 moras]
745 3443 784 3492 De
798 3443 899 3507 periculo
914 3443 1048 3490 imminente
1064 3444 1091 3490 sb
1104 3442 1152 3489 lio-

94 3508 154 3555 auui
165 3507 274 3557 iuliani:
297 3522 406 3573 putatque
417 3525 517 3559 errorem
528 3509 566 3558 vel
577 3510 616 3558 Li·
647 3507 727 3565 msais‚
737 3523 805 3570 quam
821 3510 849 3556 de
865 3509 949 3556 darona
964 3509 992 3555 sb
1007 3507 1100 3556 Arboris
1110 3521 1154 3572 per

93 3571 136 3630 sii,
145 3575 188 3622 sel
205 3571 262 3638 ejus
276 3591 345 3637 quern
360 3576 467 3640 excripsit
479 3576 564 3631 lirius,
573 3589 615 3623 na·
646 3573 802 3638 populationes
811 3573 884 3630 illato,
895 3573 965 3636 magis
975 3573 1075 3621 solliciti.

92 3648 148 3686 turn
169 3653 228 3688 ena
252 3655 282 3688 aa
302 3640 419 3690 sieiuitme
441 3641 535 3689 alterius
555 3641 614 3690 deli·
682 3635 959 3704 *thummim
985 3637 1154 3686 lsmobsersa·

95 3703 146 3764 quii
164 3703 266 3762 solaris,
281 3708 348 3770 cujus
366 3706 454 3754 mentio
470 3706 495 3754 flu
515 3705 614 3762 inira,l.
647 3703 720 3751 vimus
741 3705 768 3751 sd
791 3719 811 3753 c.
833 3705 873 3751 25.
894 3701 912 3751 l.
935 3714 1027 3751 xxxvl.
1047 3703 1153 3751 Lamiam

94 3779 224 3819 xxxviii.
241 3785 265 3818 c.
283 3773 323 3820 ³6.
342 3773 402 3834 quod
421 3786 499 3820 revers
514 3771 616 3820 incidere
646 3769 747 3818 deditam
769 3783 819 3816 esss
839 3766 957 3826 Romanis,
976 3779 1068 3816 auctora
1088 3767 1153 3814 Livio

91 3833 176 3895 poema
197 3835 224 3882 iss
247 3833 313 3883 ludos
334 3836 486 3899 Apollinares,
503 3847 529 3886 et
546 3836 571 3884 in
593 3851 615 3885 a.
647 3833 704 3882 inira
717 3833 735 3882 l.
752 3845 847 3882 xxxix.
864 3847 884 3882 c.
900 3835 940 3884 23.
953 3843 1072 3894 pmtqrram
1086 3831 1153 3880 abes

92 3897 118 3944 d.
135 3898 255 3960 quintum
272 3899 327 3948 ldus
336 3899 461 3954 Quintiles.
504 3900 615 3950 Ceterum
649 3897 765 3964 Philippus
775 3908 908 3946 recesserat.
939 3897 1021 3959 ltaque
1032 3914 1103 3960 quum
1114 3897 1153 3946 hic

91 3972 118 4009 et
143 3961 191 4010 slis
221 3965 308 4014 diversi
334 3967 424 4028 ‘meris
444 3965 481 4016 hic
503 3966 617 4029 reperitur
647 3965 727 4012 eadem
739 3963 792 4012 urbs
802 3977 879 4010 rursus
888 3975 1044 4026 oppugnatum
1058 3977 1153 4026 nepug·

92 4025 238 4090 difficultas,
249 4032 311 4093 quod
326 4046 409 4096 nempe
421 4031 460 4095 qui
475 4029 522 4079 ludi
535 4031 615 4080 dicun·
647 4040 688 4078 net
705 4043 783 4078 secum
796 4027 881 4086 Livius,
892 4027 996 4074 dicamus
1009 4043 1059 4076 eam
1075 4027 1153 4076 rebel-

92 4101 135 4140 tur
146 4092 188 4142 bic
206 4096 319 4146 incidisse
330 4097 353 4146 ia
365 4113 386 4146 a
397 4097 421 4148 d.
434 4095 463 4146 V.
475 4097 528 4146 lduss
540 4095 615 4144 Quin·
646 4093 713 4142 lasse.
756 4091 812 4141 Non
827 4107 879 4140 raro
894 4105 1018 4140 occurrunt
1029 4093 1088 4156 spud
1099 4107 1153 4140 nos·

91 4157 158 4216 tiles,
173 4176 219 4208 sos
236 4162 316 4210 lirim
329 4161 427 4228 supral.
443 4175 527 4211 xxvtt.
538 4178 559 4211 c.
575 4163 615 4210 Ἠ.
646 4171 709 4207 trum
728 4157 817 4207 himtes
835 4158 858 4204 iu
875 4155 938 4204 hunc
955 4159 1047 4206 modum
1063 4158 1154 4206 omissis

92 4225 194 4272 tradidit
216 4226 271 4276 lieri
289 4227 366 4278 ubios
385 4243 406 4275 a.
429 4229 453 4278 d.
472 4240 513 4278 ιιι.
532 4225 615 4275 Nosses
648 4225 729 4274 mediis
739 4223 887 4280 amnicum.
920 4221 1154 4274 Viduas-iliade·

93 4287 235 4342 errsites.
271 4293 317 4342 asi
333 4292 353 4341 si
368 4292 416 4342 ludi
425 4291 568 4356 Apollinares
579 4303 616 4342 to·
649 4289 765 4340 12.1.rx.

90 4365 146 4404 tum
159 4357 292 4408 octiduum
308 4369 413 4416 tenuere,
422 4369 448 4406 at
459 4373 488 4406 ss
498 4357 615 4407 ttslssls.
681 4353 702 4391 ¹⁷
714 4351 786 4414 Prope
798 4353 828 4402 sd
838 4353 954 4404 ssaidiurs
968 4351 1083 4416 adductos]
1100 4353 1152 4402 Aa.

90 4419 130 4468 rio
147 4421 231 4486 colligi
249 4425 348 4480 videtur,
361 4425 428 4472 iacils
442 4437 491 4470 rem
508 4423 615 4473 coseills.
647 4421 713 4470 dress
731 4418 817 4470 omittit
835 4415 866 4470 ‘rh
882 4418 924 4468 sslr
946 4427 972 4468 et
991 4418 1023 4468 sic
1039 4417 1099 4470 solet
1112 4419 1153 4467 Li·

92 4485 186 4543 bimus.
236 4485 615 4556 Incipisbamillislmisumcele·
647 4485 706 4538 rius.
