3026 5164
360 363 418 418 424
769 359 853 418 Tl'l'l
870 359 971 418 mvn

192 523 226 572 u.
237 524 267 574 c.
277 525 333 576 561.
359 509 434 573 ‘tia
471 509 601 574 Prouon
616 510 707 574 dubio
723 513 824 596 paullo
840 524 920 590 ante,
937 534 962 573 ιι
954 509 1041 573 Diis
1056 511 1167 594 placet,
1181 511 1277 592 legati
1293 507 1405 578 Eume·

194 591 266 640 Μ·
281 590 333 640 ¹⁸⁵·
359 596 370 628 ‘
386 599 431 658 nis
447 601 616 676 sumebant,
631 620 696 682 quse
710 599 855 661 Antiochi
872 599 1003 676 fuerunt,
1019 598 1184 660 Eumenem
1200 598 1317 678 aequius
1328 619 1403 674 esse,

359 681 474 766 ‘quam
489 707 549 763 me,
566 687 686 746 habere.
703 686 734 748 id
748 707 805 766 ego
818 687 905 747 aliter
920 687 1008 766 longe
1020 684 1125 785 judico
1141 705 1217 746 esse.
1250 681 1402 745 Eumenes

359 768 476 850 ‘enim,
493 793 554 832 non
570 773 626 832 nisi
641 773 784 834 vicissent
798 771 939 872 Romani,
955 772 1052 834 sed'
1023 793 1080 832 nisi
1072 771 1208 832 'bellum
1224 771 1403 852 gessissent,

359 855 505 920 ‘manere
517 860 548 920 in
558 879 713 940 regnosuo
724 879 783 920 non
795 860 905 940 potuit.
928 857 1033 940 Itaque
1049 859 1099 923 ille
1114 870 1246 919 vestrum
1260 858 1403 919 meritum

358 941 488 1023 ‘habet,
511 965 573 1006 non
593 966 645 1006 vos
661 945 757 1007 illius:
781 947 841 1006 mei
860 957 960 1007 autem
977 946 1073 1026 regni,
1096 957 1214 1006 tautum
1232 945 1355 1020 aberat,
1369 955 1403 1004 ut

358 1027 446 1091 ‘ulla
458 1052 528 1114 pars
544 1033 574 1092 in
594 1031 765 1093 discrimine
787 1032 886 1109 fuerit,
909 1044 944 1095 ut
961 1034 1043 1094 ⁷tria
1066 1032 1162 1092 millia
1180 1031 1350 1108 talentum,
1373 1041 1405 1091 et

357 1113 602 1234 ‘quinquaginta
613 1129 710 1180 tectas
725 1140 827 1198 naves,
852 1130 884 1180 et
894 1140 999 1180 omnes
1014 1117 1136 1180 Graeciae
1151 1117 1305 1194 civitates,
1329 1137 1403 1197 quas

358 1199 476 1267 ‘antee
489 1205 662 1282 tenuissem,
682 1205 875 1286 pollicentem
891 1205 970 1266 ultro
982 1203 1188 1266 Antiochum
1180 1225 1212 1264 m
1223 1203 1402 1266 mercedem

358 1287 536 1352 ‘societatis
548 1291 605 1352 sim
617 1291 824 1392 adspernatus.
834 1291 1050 1372 hostemque
1024 1313 1052 1352 er
1064 1312 1113 1352 me
1125 1311 1190 1352 esse
1200 1291 1282 1372 prius
1295 1290 1404 1366 etiam,

358 1371 474 1458 ‘quarn
490 1375 548 1439 Μ’.
564 1377 679 1441 Acilius
694 1380 860 1440 exercitum
881 1380 911 1439 in
926 1376 1074 1440 Graeciam
1095 1375 1260 1458 trajiceret,
1278 1398 1342 1458 pree
1354 1397 1404 1438 me

358 1459 370 1494 ‘
384 1464 456 1526 tuli.
480 1477 511 1526 et
526 1484 594 1525 cum
610 1485 647 1526 eo
661 1465 782 1526 consule
793 1464 864 1526 belli
877 1477 1006 1546 partem,
1022 1484 1243 1546 quamcumque
1257 1464 1336 1524 mihi
1348 1463 1403 1524 de-

357 1547 368 1578 ‘
384 1549 506 1631 legavit,
519 1551 608 1631 gessi
624 1562 656 1612 et
671 1553 840 1652 insequenti
861 1552 975 1613 consuli
991 1548 1028 1612 L.
1041 1549 1187 1633 Scipioni,
1208 1570 1306 1650 quum
1322 1561 1404 1611 terra

355 1632 649 1699 ‘statuissetducere
658 1639 824 1700 exereitum
834 1638 873 1699 ad
885 1635 1148 1738 Hellespontum,
1139 1658 1201 1699 non
1211 1637 1270 1698 iter
1279 1648 1401 1699 tanmm

319 1798 321 1802 .
355 1718 435 1838 ‘per
450 1743 575 1804 regnum
585 1736 720 1787 nostrum
733 1725 813 1802 dedi,
828 1724 919 1786 sed
892 1745 956 1786 vras
965 1726 1058 1786 etiam
1067 1723 1190 1802 munivi,
1206 1735 1320 1805 pontes
1332 1722 1401 1800 leci,

355 1805 568 1872 ‘commeatus
592 1811 721 1892 prebui:
743 1832 800 1873 nec
821 1832 874 1893 per
890 1809 1105 1872 Macedoniam
1125 1820 1257 1888 tantum,
1276 1810 1334 1870 sed
1348 1831 1403 1892 per

355 1893 543 1957 ‘Thraciam
555 1897 658 1973 etiam,
675 1898 774 1959 ubi¹²¹
766 1909 845 1960 inter
855 1899 980 1960 cetera⁸
987 1918 1047 1980 pax
1061 1916 1180 1980 quoque
1197 1897 1401 1996 praestandas

354 1981 367 2014 ⁶
383 1981 516 2044 barbaris
529 1995 604 2045 erat.
636 1982 692 2044 Pro
706 1985 765 2045 hoc
777 1983 877 2046 studio
889 2003 957 2044 meo
967 2005 1040 2065 erga
1046 2005 1109 2062 vos,
1118 2005 1156 2045 ne
1165 1983 1268 2045 dicam
1277 1984 1399 2061 merito,

355 2068 367 2102 ‘
381 2083 482 2134 utrum
495 2069 624 2152 adjicere
632 2093 695 2148 vos,
706 2069 848 2148 Romani,
864 2071 987 2154 aliquid,
1002 2084 1034 2133 et
1043 2069 1226 2153 amplificare
1241 2082 1277 2132 et
1288 2090 1396 2150 augere

355 2157 507 2239 ‘regnum
531 2179 632 2219 meum
648 2157 854 2219 munificentia
868 2170 969 2240 vestpa
987 2157 1159 2240 oportebat,
1184 2177 1235 2233 an,
1260 2177 1329 2238 quae
1343 2158 1397 2224 ha·

355 2242 482 2306 ‘berem
498 2257 551 2305 aut
565 2265 634 2305 meo
655 2241 733 2324 jure,
747 2255 809 2319 ¹aut
824 2243 972 2305 beneficio
987 2256 1096 2321 vestro,
1112 2243 1246 2324 eripere?
1273 2242 1305 2304 id
1317 2243 1398 2324 quod

355 2329 367 2360 ‘
381 2352 461 2394 nunc
471 2331 579 2394 facitis.
602 2328 807 2392 Macedonum
818 2331 1043 2412 civitates,quas
1053 2329 1135 2411 regni
1147 2331 1206 2392 mei
1216 2330 1309 2391 firisse
1320 2330 1397 2391 fate-

354 2419 364 2450 ‘
381 2419 466 2496 mini,
482 2439 543 2479 non
558 2418 762 2479 restituuntur.
805 2416 968 2494 Eumenes,
983 2429 1128 2497 tanquam
1143 2417 1182 2478 ad
1196 2416 1397 2494 Antiochum,

354 2504 365 2535 ‘
380 2504 439 2565 ad¹¹
455 2503 646 2586 spoliandum
658 2503 808 2581 mevenit,
821 2517 862 2580 et,
872 2505 896 2564 si
906 2503 969 2564 Diis
980 2504 1091 2585 placet,
1107 2503 1212 2564 decem
1225 2505 1395 2584 legatorum

354 2593 365 2624 ‘
380 2591 534 2653 decretum
551 2591 707 2652 calumniae
720 2591 976 2674 inpudentissimae
991 2591 1151 2672 praetendit
1160 2613 1170 2668 ;
1190 2611 1249 2672 quo
1262 2593 1395 2652 maxime

354 2678 412 2740 ‘et
427 2677 520 2739 refelli
537 2689 568 2740 et
580 2678 702 2758 coargui
713 2690 824 2759 potest.
848 2675 1052 2738 Disertissime
1064 2678 1145 2736 enim
1162 2677 1391 2759 planissimeque

354 2765 410 2826 ‘in
434 2785 472 2826 eo
496 2765 641 2845 scriptum
665 2775 722 2840 est,
743 2762 962 2826 Chersonesum
978 2776 1010 2825 et
1025 2761 1239 2846 Lysimachiam
1257 2762 1388 2826 Eumeni

354 2852 456 2914 ‘dari
500 2849 562 2912 Ubi
578 2850 702 2912 tandem
717 2848 827 2926 AEnus‚
843 2862 875 2912 et
889 2849 1047 2926 Maronea,
1063 2859 1096 2911 et
1105 2848 1237 2912 'lhracrae
1250 2851 1391 2914 civitates

353 2939 536 3021 ‘adscriptae
552 2937 643 3026 sunt?
669 2937 750 3018 quod
766 2938 804 2998 ab
817 2937 874 2997 illis
887 2956 924 2998 ne
936 2937 1086 3018 postulare
1102 2929 1222 3017 quidem
1234 2948 1281 2998 est
1290 2957 1394 3015 ausus,

354 3024 410 3086 ‘id
422 3023 503 3107 apud
517 3046 580 3103 vos,
595 3027 750 3104 tamquam
763 3025 800 3084 ah
816 3022 894 3084 illis'
887 3023 1102 3104 impetraverit,
1118 3023 1283 3085 obtinebit?
1325 3024 1396 3094 Quo

353 3112 409 3172 ‘in
425 3131 550 3172 numero
563 3131 610 3172 me
623 3111 705 3210 apud
715 3132 766 3171 vos
779 3131 842 3171 esse
855 3109 965 3186 velitis,
977 3108 1091 3170 ⁰refert.
1122 3106 1154 3169 Si
1168 3121 1324 3190 tamquam
1337 3111 1396 3172 ini·

353 3196 365 3231 ‘
379 3197 490 3259 micum
500 3208 532 3259 et
541 3197 677 3258 hostem
670 3197 810 3258 insectari
821 3196 1019 3294 propositum·
1017 3207 1073 3272 est,
1079 3196 1207 3277 pergite,
1218 3208 1252 3256 ut
1261 3198 1397 3280 coepistis

353 3284 489 3346 ‘facere
533 3279 596 3345 Sin
604 3283 712 3364 aliquis
728 3293 880 3365 respectus
898 3294 944 3343 est
962 3283 1032 3358 mei,
1056 3297 1091 3342 ut
1105 3282 1180 3342 socii
1197 3293 1289 3362 atque
1304 3285 1395 3346 amici

354 3370 469 3452 ‘regia
482 3370 637 3454 deprecor,
650 3392 688 3432 ne
701 3392 749 3430 me
764 3379 850 3430 tanta
865 3366 974 3468 injuria
989 3369 1114 3448 dignum
1125 3367 1291 3448 judicetis.'

396 3455 515 3519 XXIX.
537 3456 637 3520 Movit
647 3458 833 3539 aliquantum
846 3456 943 3516 oratio
954 3456 1031 3535 regis
1043 3454 1188 3534 legatos'
1181 3467 1284 3536 itaque
1295 3455 1396 3517 medio

193 3563 271 3625 1431
287 3578 337 3612 m.
355 3563 500 3626 responso
527 3565 589 3605 rem
610 3543 847 3625 suspenderunt:
871 3539 929 3601 ‘Si
954 3541 1059 3602 decern
1082 3541 1250 3622 legatorum
1272 3542 1397 3604 decreto

191 3632 230 3678 ⁶³⁰
252 3645 344 3694 ¹⁶⁸P⁰⁰·
355 3631 365 3664 ‘
377 3629 504 3692 Eumeni
516 3632 594 3711 datae
606 3631 743 3692 civitates
756 3651 796 3690 eae
809 3640 919 3706 essent,
935 3628 1008 3687 nihil
1020 3649 1052 3689 se
1064 3639 1191 3688 mutare..
1204 3629 1229 3688 si
1242 3627 1396 3712 Philippus

192 3711 342 3810 ’Ἤν
356 3721 366 3751 ‘
381 3717 462 3779 bello
476 3719 605 3798 cepisset
619 3737 679 3793 eas,
695 3718 848 3798 praemium
864 3714 995 3776 victoriae
1006 3714 1073 3795 jure
1089 3714 1160 3775 belli
1176 3715 1360 3777 habiturum.
1369 3717 1396 3778 si

193 3775 221 3825 P‘
297 3795 303 3812 ⁸
356 3805 367 3839 ‘
382 3815 519 3866 nentrum
533 3825 634 3864 corum
647 3803 736 3879 foret,
752 3804 869 3884 placere
881 3801 1084 3882 cognitionem
1100 3802 1217 3861 senatui
1232 3803 1398 3864 reservari:

356 3895 367 3925 ‘
382 3895 495 3969 et,¹⁰nt
504 3891 644 3950 omniain
656 3890 773 3970 integro
781 3900 945 3964 manerent,
956 3887 1103 3968 praesidia,
1110 3907 1175 3967 quae
1185 3887 1217 3947 in
1226 3887 1263 3947 iis
1272 3889 1398 3950 urbibus

356 3979 452 4056 ‘sint,
469 3975 597 4038 deduci.'
642 3975 699 4037 Hae
714 3997 824 4035 caussa
838 3973 968 4034 maxime
985 3973 1118 4050 aqimum
1135 3972 1267 4055 Philippi
1280 3975 1398 4036 aliena-

613 4085 751 4130 rhetiam
763 4084 836 4128 Gron.
851 4081 918 4128 Crev.
1016 4083 1068 4127 aad
1078 4081 1123 4128 del.
1134 4079 1199 4128 Erat.

389 4178 400 4214 7
419 4177 472 4224 Trio
490 4176 559 4222 millia
576 4173 693 4236 ratarum]
714 4173 805 4220 Merces
823 4187 858 4218 ar-
924 4173 936 4208 9
954 4169 1040 4232 Refert]
1061 4171 1087 4217 ld
1099 4171 1186 4230 agitur:
1205 4171 1228 4219 id
1244 4174 1400 4237 spectandum

358 4241 564 4305 geut'1281250.
893 4235 968 4284 venit:
987 4236 1212 4284 ineoresvenitur.

390 4308 433 4340 Β*
451 4305 535 4352 Ριιι..
546 4305 702 4365 ..praestando
729 4321 742 4350 u
766 4303 861 4349 brrlnris
926 4303 971 4334 ¹0¹
987 4299 1017 4346 Ut
1035 4303 1106 4348 omnia
1123 4303 1146 4348 ia
1166 4305 1253 4364 integre
1270 4304 1397 4364 moramur]

358 4372 416 4434 erut]
432 4371 514 4417 Denda
528 4380 666 4433 operuerat
685 4380 710 4415 ιιι
725 4382 860 4431 pacemtu-
893 4367 927 4414 Ur
948 4378 1053 4413 neutram
1078 4368 1100 4414 in
1123 4379 1210 4431 partem
1231 4383 1270 4417 res
1291 4369 1403 4417 inertum

359 4451 416 4492 ιιιιι,
430 4449 456 4483 ut
467 4435 581 4482 nullam*
562 4449 607 4480 ιιιιι
618 4451 631 4481 a
642 4433 738 4482 barbaris
750 4433 860 4484 transiens
892 4433 1014 4488 videretur,
1028 4433 1066 4482 sed
1076 4434 1159 4494 plane'
1153 4446 1215 4482 ouer
1225 4445 1339 4498 utrosque
1348 4451 1403 4482 sus-

358 4499 472 4553 exercitus
483 4501 631 4563 experiretur.
891 4513 966 4560 pensa.
