3038 5200
338 299 397 356 rsa
490 353 495 366 ,
752 285 837 350 rm
855 285 958 347 mvn

170 463 207 518 v.
218 463 314 518 utut.
340 469 379 512 ea
392 456 478 532 parte
493 445 660 530 inrumpat.
685 443 726 506 ad
749 443 902 506 sinistram
915 447 1046 524 'portam
1065 440 1396 526 infrequentcs'videt:

175 531 208 590 Α·
217 531 247 584 C·
258 530 313 586 ¹⁹⁶·
341 557 380 600 eo
394 533 534 598 secundae
547 531 678 614 legionis
693 529 847 613 principes
863 529 1061 608 hastatosque
1076 527 1204 592 inducit.
1237 528 1312 592 Non
1327 549 1395 592 nus-

340 622 434 684 tinuit
449 621 586 703 inpetum
610 635 714 678 eorum
738 615 842 691 statio,
861 633 926 694 quse
948 625 1043 697 portae
1068 614 1233 697 adpositas
1259 625 1339 695 erat,
1360 628 1394 681 et

341 706 446 785 ceteri,
472 719 635 788 postquam
661 704 742 763 intra
767 700 879 762 vallum
904 700 1008 762 hostes
1036 699 1152 779 vident,
1179 701 1251 784 ipsis
1281 704 1398 766 essens

341 793 436 871 exuti,
451 793 539 874 signa
552 807 698 869 armaque
723 784 882 868 abjiciunt.
905 786 1061 848 caeduntur
1080 787 1113 848 in
1138 787 1245 869 portis,
1272 801 1395 852 suomet

339 880 398 964 ipsi
411 951 413 956 ,
424 878 545 960 agmine
567 876 598 936 in
624 883 692 936 arto
706 873 873 935 haerentes:
897 871 1065 934 secundani
1079 883 1167 955 terga
1181 873 1318 937 bostium
1335 897 1395 938 cae·

340 965 428 1040 dunt,
443 963 536 1024 ceteri
551 970 653 1022 castra
666 959 822 1040 diripiunt.
867 955 1006 1020 Valerius
1019 956 1130 1022 Antias
1149 979 1240 1041 supra
1261 961 1396 1042 quadra·

341 1050 428 1132 ginta
442 1046 538 1108 millis
552 1045 687 1106 hostium
708 1064 785 1106 caesa
808 1063 846 1104 eo
872 1042 923 1104 die
946 1043 1061 1106 scribit.
1105 1042 1185 1108 Cato
1210 1045 1288 1128 ipae,
1311 1048 1395 1110 baud

340 1155 415 1198 sane
429 1133 638 1196 detractator¹
661 1129 786 1192 laudum
800 1149 932 1208 suarum,
956 1129 1069 1194 multos
1084 1151 1176 1194 cesos
1192 1132 1258 1212 ait3
1284 1153 1394 1196 nurne-

341 1241 408 1286 rum
423 1242 486 1285 non
502 1217 659 1282 adscribit.

384 1305 472 1372 XVI.
494 1303 569 1370 Tria
583 1327 621 1370 eo
637 1302 687 1368 die
700 1301 865 1369 laudabilia
884 1303 991 1367 secisse
1013 1317 1149 1390 putatur.
1169 1328 1276 1386 unum,
1299 1310 1398 1391 quod,

343 1396 552 1460 circumducto
587 1393 733 1472 exercitu,
770 1395 797 1432 ⁶⁹
819 1392 923 1475 procul
953 1393 1077 1455 navibus
1114 1395 1176 1456 suis
1214 1397 1395 1476 castrisque,

343 1487 371 1556 ⁶.⁰
384 1483 436 1544 ubi
461 1501 546 1565 spem
572 1479 629 1541 nisi
655 1480 687 1542 in
715 1479 828 1540 virtute
852 1479 1011 1558 haberent,
1042 1480 1121 1542 inter
1145 1481 1265 1544 medios
1289 1483 1396 1544 hostes

343 1569 486 1652 proelium
512 1566 687 1630 commisit:
711 1565 859 1644 alterum,
877 1565 960 1646 quod
979 1567 1123 1630 cohortes
1137 1569 1177 1629 ab
1192 1577 1280 1650 tergo
1296 1569 1395 1630 hosti·

344 1657 400 1718 bus
416 1653 549 1738 objecitr
573 1651 708 1730 tertium,
732 1653 815 1732 quod
832 1652 996 1714 secundam
1013 1652 1175 1734 legionem,
1199 1655 1311 1716 ceteris
1326 1676 1395 1716 om-

344 1742 435 1804 nibus
450 1740 551 1802 cffissis
575 1739 615 1800 ad
639 1738 808 1819 sequendos
834 1738 948 1816 hostes,
974 1738 1066 1820 pleno
1090 1739 1189 1821 gradu
1214 1742 1272 1802 sub
1299 1741 1396 1823 signis

345 1827 548 1909 compositam
572 1825 812 1904 instructamque
834 1823 934 1886 subire
956 1824 997 1884 ad
1011 1836 1132 1907 portam
1147 1840 1315 1891 castrorum
1326 1827 1396 1910 jus-

346 1915 396 1976 sit.
439 1911 525 1974 Nihil
541 1911 650 1974 deinde
666 1931 686 1971 a
698 1910 828 1972 victoria
847 1921 1008 1973 cessatum.
1029 1932 1133 1994 quum,
1153 1916 1291 1996 receptui
1306 1915 1397 1996 signo

346 1998 429 2077 dato,
455 2019 524 2061 suos
550 1997 655 2079 spoliis
680 2007 807 2059 onustos
828 1996 860 2057 in
875 2007 976 2058 castra
990 1997 1170 2077 reduxisset,
1192 2001 1297 2082 paucis
1313 2001 1398 2064 boris
1517 2067 1518 2084 3

344 2086 444 2147 noctis
470 2084 510 2146 ad
540 2084 674 2165 quietem
701 2083 790 2160 datis,
828 2083 868 2144 ad
896 2082 1093 2165 praedandum
1119 2085 1152 2146 in
1181 2107 1270 2168 agros
1297 2088 1401 2149 drmit.

345 2168 488 2249 Effirsius,
519 2181 555 2233 ut
579 2169 691 2253 sparsis
704 2168 854 2231 -hostibus
879 2167 975 2250 fuga,
995 2170 1122 2252 predati
1148 2185 1229 2236 sunt.
1255 2193 1318 2254 quas
1344 2195 1401 2236 res

180 2265 319 2386 ψη
344 2278 408 2320 non
434 2258 545 2334 minus,
568 2275 659 2336 quam
684 2275 788 2337 pugna
814 2255 912 2337 pridie
933 2255 1068 2336 adversa,
1090 2255 1306 2340 Emporitanos
1319 2257 1399 2321 llis·

180 2338 205 2386 ei
231 2335 311 2390 murt.
345 2363 443 2428 panos
464 2341 646 2422 adcolasque
672 2340 834 2400 commin
859 2339 1047 2402 deditionem
1070 2344 1229 2426 compulit.
1251 2346 1342 2408 mrslti
1365 2357 1401 2408 et
1517 2401 1518 2418 ,

347 2430 475 2493 aliarum
504 2425 684 2501 civitatium,
715 2423 766 2503 qui
796 2421 957 2505 Emporias
985 2425 1190 2509 perfugerant,
1213 2431 1400 2495 dediderunt
1517 2427 1518 2448 ³

347 2534 392 2576 se.
419 2531 495 2593 quos
521 2530 637 2587 omnes,
669 2507 839 2589 adpellatos
863 2510 1005 2593 benigne,
1032 2513 1161 2596 vinoque
1176 2527 1208 2578 et
1222 2517 1293 2579 cibo
1308 2537 1400 2580 cura·

346 2613 408 2677 eos,
428 2597 536 2658 domos
553 2595 679 2658 dimisit.
723 2591 893 2658 Confestim
909 2597 982 2660 inde
997 2609 1097 2661 castra
1111 2603 1224 2664 movit:
1247 2615 1290 2682 et,
1318 2625 1402 2685 qua-

349 2703 479 2764 cumque
506 2681 668 2744 incedebat
691 2700 813 2762 agmen,
836 2682 929 2764 legati
956 2683 1133 2748 dedentium
1156 2689 1289 2751 civitates
1320 2711 1403 2752 suas

349 2769 562 2834 obcurrebant.
592 2778 625 2830 et
653 2787 746 2849 quum
769 2765 977 2832 Tarraconem
1006 2773 1101 2852 venit,
1133 2772 1197 2856 jam
1221 2776 1323 2836 omnis
1348 2777 1405 2838 cis
1516 2803 1517 2840 ;

348 2857 471 2920 Iberum
487 2852 638 2938 Hispania
651 2854 826 2937 perdomita
844 2867 920 2935 erat,
943 2859 1115 2940 captiuique
1140 2872 1173 2922 et
1196 2859 1342 2940 Romani,
1364 2876 1404 2925 et
1516 2869 1517 2942 ᾖ

348 2943 468 3006 socium
495 2961 530 3003 ac
557 2939 659 3003 Latini
683 2941 825 3020 nominis,
845 2943 936 3004 variis
961 2945 1080 3007 casibus
1104 2946 1137 3008 in
1167 2944 1319 3030 Hispania
1340 2949 1400 3009 ob·

345 3031 457 3113 pressi,
473 3028 588 3090 donum
603 3028 720 3090 consuli
747 3049 765 3088 a
788 3028 924 3091 barbaria
948 3031 1181 3096 reducebantur.
1225 3033 1323 3096 Fama
1343 3034 1400 3096 de·

347 3115 422 3178 inde
447 3115 596 3193 vulgatur,
618 3114 775 3176 consulem
801 3115 833 3176 in
857 3112 1078 3180 'lbrdetaniam
1098 3120 1265 3183 exemimm
1287 3121 1405 3184 ducm-
1516 3147 1517 3164 .

347 3221 428 3280 rum,
451 3200 538 3264 etad
553 3201 654 3263 devios
670 3211 833 3264 montanos
857 3204 883 3242 ⁶¹
897 3202 1104 3285 profecturum
1125 3207 1220 3268 etiam
1235 3207 1314 3268 salso
1328 3227 1400 3289 per-

347 3287 445 3350 latum
460 3297 516 3350 est.
559 3286 611 3349 Ad
625 3288 707 3349 hunc
720 3307 832 3349 uanum
856 3299 889 3351 et
911 3289 976 3350 sins
1002 3303 1126 3354 auctore
1151 3293 1215 3355 ullo
1235 3313 1402 3372 mmorem,
1515 3289 1517 3354 f

348 3369 599 3454 Bergistanorum
630 3374 760 3436 ciuitatis
790 3383 906 3455 septem
936 3378 1061 3440 castella
1084 3377 1271 3442 defecemnt.
1295 3383 1402 3458 ⁶²eos,
1515 3361 1517 3400 ⁴

349 3458 483 3520 deducto
498 3459 644 3536 exercitu,¹
663 3460 772 3522 'consul
796 3459 861 3522 sine
886 3465 1084 3526 memorando
1107 3466 1216 3548 proelio
1238 3467 1270 3528 in
1292 3477 1402 3549 potss·
1516 3481 1517 3530 i

348 3551 445 3604 tatem
467 3543 594 3625 redegit.
639 3541 731 3606 Haud
754 3546 798 3606 ita
818 3546 917 3608 multo
940 3561 1011 3630 post
1034 3550 1139 3630 iidem,
1161 3573 1299 3633 regresso
1320 3549 1401 3614 Tar·
1515 3621 1516 3626 ,

349 3645 494 3698 raconem
517 3629 652 3708 consule,
674 3631 849 3712 priusquam
874 3632 946 3696 inde
965 3654 1116 3718 quoquam
1132 3639 1323 3718 procederet,
1345 3638 1400 3700 de-
1515 3629 1516 3714 J

482 3764 775 3831 aqmntaGronAErev.
862 3777 867 3782 ·
1037 3770 1269 3820 mmmmm·

235 3939 239 3943 ι
384 3886 407 3926 tc
424 3884 508 3934 Procul
520 3883 623 3944 mrbus]
640 3883 767 3948 Appianas,
782 3880 824 3930 lib.
833 3882 864 3930 de
895 3881 985 3932 ridetur
1004 3883 1070 3947 fungi
1087 3883 1136 3934 rice
1154 3884 1250 3951 duplicia
1265 3888 1404 3954 unedonis,

353 3947 863 4014 Bellisllispnnimrribitcatonemetirm
896 3950 988 3998 uitlstos
997 3959 1149 4014 essepnrsnr.

353 4032 422 4066 nares
432 4016 561 4065 Msntlnm
571 4012 694 4062 remisiss-
909 4057 913 4063 .
927 4012 949 4048 ⁶¹
967 4011 1124 4080 Rrp‘sctunrm
1141 4019 1206 4065 niam
1215 4017 1279 4082 falso
1293 4020 1409 4081 perlatum

367 4081 411 4120 ιω
429 4079 539 4143 Ubispern
549 4081 592 4127 nisi
607 4081 634 4128 in
649 4080 732 4127 uirtute
749 4073 868 4142 lobatoni
897 4075 939 4140 esd
956 4077 1006 4128 llic
1016 4079 1099 4142 sliqnid
1109 4093 1145 4130 est
1155 4083 1303 4131 redundatis
1322 4098 1346 4132 et
1360 4085 1405 4132 ob-

354 4143 618 4194 Velexeiditbocloco
636 4144 736 4204 nemun,
754 4143 792 4192 vel
810 4159 864 4207 sup·
897 4141 965 4193 esuri.
998 4145 1085 4193 Forte:
1109 4155 1132 4194 er
1151 4148 1181 4195 ad
1203 4147 1274 4197 denia
1294 4157 1410 4198 metm

412 4209 614 4258 daestexsensu.
647 4208 865 4272 Utroqnetrabunt
896 4209 1176 4275 sumsoiuperlotaest.
1515 4247 1516 4258 .

412 4273 483 4320 issimi
500 4275 551 4332 siri,
565 4289 663 4337 qnorum
677 4273 716 4321 elii
732 4273 865 4322 existiman
929 4270 953 4306 Μ
985 4274 1035 4332 Eos,
1057 4277 1149 4324 deduco
1171 4276 1279 4344 mrito]
1312 4277 1407 4326 Grmo-
1514 4269 1516 4360 l

357 4339 402 4387 nisi
423 4338 538 4387 interdura
555 4340 615 4388 sumi
636 4353 679 4404 pro
696 4340 865 4393 ans....ns'a‘,·
896 4338 1122 4400 vicentinensem·
1142 4341 1209 4392 nobis
1220 4343 1407 4410 magisplscemt
1515 4373 1516 4388 .

359 4402 399 4454 uti
416 4413 511 4469 nque,
533 4414 558 4455 er
578 4405 641 4454 totos
661 4417 751 4464 omer,
764 4401 803 4453 uti
822 4401 867 4454 susi
896 4403 994 4454 rosan
1514 4415 1516 4530 p
