3038 5200
405 389 463 444 1oo
692 407 698 418 ·
829 381 914 448 ’ΠΤΙ
933 382 1035 448 L1v11

233 547 375 602 t'rsssss.
398 537 463 605 His
487 540 584 608 additi
604 539 716 624 Boeoti,
737 537 945 629 Thessalique,
970 557 1003 607 et
1020 545 1197 608 Acarnanes
1222 543 1317 624 mille,
1342 549 1452 611 scutati

238 613 270 664 A.
279 611 308 666 ⁰·
322 615 376 669 ¹⁹⁷·
404 651 521 710 omnes,
537 645 569 694 et
584 653 623 694 ex
638 633 771 716 ipsorum
783 629 1012 693 Corinthiomm
1030 631 1204 714 juventute,
1215 633 1343 716 impleta
1356 645 1391 696 ut
1405 655 1454 696 es·

404 730 473 781 sent
498 740 552 780 sex
577 718 673 780 millia
694 728 889 795 annatorum,
905 717 1059 796 'fiduciam
1080 717 1290 782 Androstheni
1316 719 1453 783 secemnt

392 806 470 870 ,acie
495 805 689 867 decernendi.
732 801 963 867 “Nicostratus
983 817 1094 888 praetor
1117 804 1299 870 Achaeorum
1320 803 1451 890 Sicyone

404 903 472 955 erat
497 912 566 954 cum
582 891 698 952 duobus
724 883 858 953 millibus
882 891 1032 974 peditum,
1048 905 1172 954 centum
1197 893 1363 975 equitibus.
1388 893 1451 972 sed,

405 980 542 1062 inparem
557 999 588 1039 se
610 986 643 1038 et
666 997 792 1039 numero
811 988 844 1040 et
867 997 978 1060 genere
994 978 1126 1041 militum
1142 998 1280 1058 cernens,
1303 979 1452 1042 moenilars

405 1085 467 1127 non
495 1063 673 1125 excedebat.
726 1062 829 1145 Regiae
859 1064 956 1146 copiae
982 1064 1119 1146 peditum
1147 1067 1342 1148 equitumque
1369 1087 1451 1148 vaga

398 1149 622 1226 Pellenensem,
648 1159 680 1211 et
694 1146 871 1229 Phliasium,
898 1162 930 1211 et
951 1148 1126 1212 Cleonaeum
1142 1171 1261 1232 agrum,
1282 1153 1450 1236 depopula-

403 1238 524 1298 bantur.
560 1235 729 1314 Postremo,
744 1237 962 1318 exprobrantes
972 1247 1088 1298 meturn
1104 1237 1198 1315 hosti,
1213 1239 1245 1299 in
1254 1237 1331 1300 fines
1345 1235 1450 1323 Sicyo-

403 1323 523 1386 niorum
538 1321 829 1385 transscendebant:
852 1321 979 1384 navibus
1005 1325 1099 1385 etiam
1119 1324 1316 1389 circumvecti
1331 1345 1450 1390 omnem

404 1429 490 1472 oram
504 1407 629 1470 Achaia
642 1409 813 1470 vastabant.
857 1407 959 1478 Quum
980 1407 1012 1470 id
1026 1408 1148 1471 effusius
1163 1410 1280 1488 hostes,
1305 1424 1350 1488 et,
1370 1423 1405 1473 ut
1417 1413 1450 1476 fit

404 1497 443 1556 ab
468 1493 565 1556 nimia
582 1492 704 1573 fiducia,
726 1495 935 1577 neglegentius
959 1495 1053 1557 etiam
1077 1495 1224 1576 lacerent,
1246 1496 1450 1578 Nicostratus,

405 1601 490 1664 spem
515 1591 622 1642 nactus
646 1581 864 1662 necopinantes
891 1601 943 1643 eos
965 1580 1173 1663 adgrediendi,
1199 1583 1283 1645 circa
1304 1583 1448 1646 finitimas

404 1667 543 1729 civitates
554 1665 697 1728 nuncium
713 1667 866 1729 occultum
877 1668 986 1745 mittit,
998 1688 1059 1749 quo
1071 1668 1130 1747 die,
1143 1680 1175 1732 et
1184 1679 1269 1750 quot,
1277 1691 1324 1732 ex
1334 1689 1450 1754 quaque

404 1753 527 1816 civitate
552 1753 661 1814 armati
687 1752 729 1814 ad
748 1753 932 1836 Apelaurum
971 1751 1183 1838 (Stymphalia
1209 1767 1294 1818 terrae
1318 1757 1346 1818 is
1370 1757 1450 1819 loeus

403 1839 463 1918 est)
480 1840 685 1902 convenirent.
728 1839 878 1902 Omnibus
899 1839 939 1902 ad
963 1840 1046 1902 diem
1069 1841 1201 1903 edictam
1227 1843 1354 1924 paratis,
1379 1863 1448 1926 pro·

403 1926 500 1988 fectus
523 1926 594 1987 inde
617 1925 784 2008 extemplo,
805 1946 859 2008 per
874 1925 1074 1988 Phliasiorum
1095 1927 1171 1990 lines
1193 1939 1284 1990 nocte
1308 1927 1450 2008 Cleonas,

401 2011 506 2073 insciis
518 2007 669 2092 omnibus,
681 2011 753 2093 quid
764 2023 897 2094 pararet,
912 2013 1060 2096 pervenit.
1103 2011 1202 2076 Erant
1213 2025 1317 2080 autem
1332 2035 1403 2078 cum
1415 2037 1450 2077 eo

403 2098 536 2182 quinque
552 2098 648 2160 millia
669 2098 818 2180 peditum,
842 2101 869 2138 ⁸⁵
880 2119 919 2159 ex
933 2099 1039 2182 quibus
1061 2111 1220 2162 armatura
1235 2101 1324 2180 levis,
1342 2113 1375 2163 et
1389 2113 1449 2164 tre·

403 2185 486 2247 centi
497 2186 625 2267 equites,
641 2205 710 2246 cum
722 2184 760 2245 iis
774 2185 871 2268 copiis
883 2184 1010 2263 dimissi,
1022 2185 1073 2266 qui
1088 2187 1334 2268 specularentur:
1358 2207 1451 2269 quam

402 2271 434 2334 in
450 2289 569 2356 partem
584 2272 688 2333 hostes
703 2271 896 2334 effunderent
910 2293 987 2348 sese,
1002 2272 1266 2355 opperiebantrrr.¹²

396 2367 403 2376 '
446 2357 517 2422 XV.
538 2357 780 2437 Androsthenes,
805 2358 941 2422 omnium
962 2359 1096 2438 ignarus,
1120 2356 1270 2421 Corintho
1285 2359 1450 2443 proiectus,

397 2446 445 2508 'ad
465 2443 614 2507 Nemeam
633 2443 743 2523 (amnis
765 2455 813 2506 est
834 2443 1028 2507 Corinthium
1053 2455 1085 2505 et
1110 2441 1286 2529 Sicyonium
1313 2447 1449 2510 interdu·

404 2554 458 2595 ens
482 2529 602 2614 agrum)
620 2541 721 2592 castra
746 2530 839 2593 locat.
883 2533 910 2571 ⁶⁶
921 2527 966 2592 lbi
986 2542 1073 2614 parte
1089 2531 1216 2594 dimidia
1234 2533 1389 2597 exercitus
1404 2533 1448 2594 di·

405 2619 509 2696 missa,
534 2616 691 2680 dimidiam
716 2616 864 2680 trifariam
880 2617 993 2695 divisit,
1016 2630 1049 2679 et
1064 2639 1168 2680 omnes
1190 2619 1451 2700 equitesdiseur-

405 2727 470 2769 rere
489 2705 528 2767 ad
549 2703 778 2790 depopulandos
800 2703 889 2765 simul
914 2703 1190 2766 ⁶⁷Pellenensiuma
1210 2701 1455 2787 Sicyoniumque

301 2839 305 2848 ·
406 2815 506 2878 agros,
533 2803 565 2854 et
591 2791 765 2868 Phliasium,
786 2789 885 2872 jubet.
917 2789 1004 2853 Haec
1020 2791 1079 2852 tria
1102 2791 1214 2852 diversa
1237 2791 1365 2872 agmina
1386 2791 1456 2852 dis·

406 2902 533 2945 cessere.
557 2880 640 2963 quod
668 2879 721 2940 ubi
747 2875 878 2939 Cleonas
905 2878 942 2938 ad
974 2875 1182 2940 Nicostratum
1210 2877 1365 2960 perlatum
1397 2889 1455 2954 cst,
1513 2955 1515 2966 .

406 2968 562 3049 extemplo
591 2965 723 3028 validam
752 2963 1006 3027 mercenariorum
1041 2985 1166 3027 manum
1194 2963 1382 3047 praemissam
1413 2964 1451 3024 ad

406 3053 620 3137 occupandum
640 3053 761 3129 saltum,
788 3068 952 3134 perquem
978 3052 1121 3114 transitus
1144 3051 1175 3111 in
1196 3049 1392 3111 Corinthium
1408 3059 1454 3111 est

397 3145 523 3225 agrum,
541 3149 618 3202 ante
632 3139 719 3220 signa
739 3137 887 3220 equitibus
908 3149 943 3200 ut
967 3138 1236 3221 praegrederentur,
1251 3135 1374 3214 locatis,
1389 3135 1453 3218 lpse

396 3327 401 3338 ’
438 3317 507 3382 ’ln
517 3317 783 3393 illim-mmm
793 3311 857 3378 leth)
872 3322 894 3361 st
905 3316 996 3389 maenti
1014 3315 1102 3376 equites.
1146 3312 1204 3361 Geras
1222 3313 1252 3360 a‘r's
1266 3311 1340 3374 raptis,
1355 3311 1452 3367 affin,
1509 3271 1513 3414 ⁴¹

396 3383 627 3448 ‘Ammites
638 3379 800 3443 qumana.
812 3393 893 3438 m,
903 3379 1061 3439 mammea.
1077 3375 1139 3441 nup.
1203 3375 1376 3426 radim.
1385 3375 1452 3424 cm,

396 3519 403 3548 ³
438 3531 461 3567 Μ
478 3531 614 3582 Nicostratus
625 3533 716 3596 prator]
733 3529 912 3581 lioclocouni·
935 3533 939 3540 '
977 3528 1000 3564 ⁶⁶
1025 3527 1061 3578 Ibi
1085 3538 1149 3592 parte
1177 3529 1270 3577 dimidia
1293 3529 1398 3577 aeratas
1417 3527 1453 3575 di·

398 3599 462 3647 'eum
481 3597 598 3661 exemplar
618 3597 698 3645 habuit
717 3595 849 3646 Nicerotem
874 3597 914 3645 sed
944 3593 1018 3657 mbae]
1039 3593 1163 3648 Quodnam
1177 3597 1222 3642 erit
1233 3609 1287 3656 ergo
1302 3593 1381 3642 casula
1396 3607 1456 3656 prae·

407 3663 689 3727 pauloinsra,ubirursus
704 3663 763 3710 idem
776 3661 914 3710 Achaeorum
946 3662 1040 3716 sidium,
1059 3659 1186 3708 sidimidia
1208 3673 1259 3724 pars
1279 3657 1396 3707 exercitus
1418 3659 1454 3705 dr'·

424 3727 648 3784 raetor'nominator,
668 3727 761 3775 exhibet
784 3727 914 3776 membrana
945 3726 1055 3786 mittitur,
1075 3724 1167 3774 dimidia
1188 3725 1298 3772 trifariam
1320 3724 1391 3771 divisa
1415 3738 1454 3788 pu·

406 3741 563 3850 illitteratos,
584 3804 608 3841 ut
627 3801 651 3840 et
668 3791 792 3856 appellatus
809 3803 846 3842 est
856 3791 914 3841 libro
937 3792 1037 3856 'palatur
1048 3807 1112 3853 agros
1128 3787 1249 3837 hostium?
1270 3789 1363 3836 Partem
1374 3799 1455 3838 tamea

407 3858 526 3956 supprime
538 3874 560 3908 c.
572 3859 613 3907 39.
946 3857 1045 3920 aliquam
1069 3856 1202 3916 remansisse
1222 3856 1245 3902 in
1266 3856 1350 3902 curris
1369 3867 1398 3902 ex
1419 3867 1457 3902 aa·

478 3921 512 3971 Er
528 3923 606 3985 quibua
622 3931 740 3972 amatim
759 3922 810 3972 loois
825 3933 846 3971 ct
866 3932 913 3971 trs-
947 3921 1070 3985 quentibua
1088 3931 1158 3986 patet.
1190 3917 1457 3985 Suspicamurexoidin

406 3988 464 4036 mei
486 3987 577 4052 equites]
611 3986 771 4037 Felicissimam
800 3986 914 4036 Perizonii
947 3987 984 4036 hic
1010 4002 1079 4036 mam
1101 3985 1246 4035 sataleiam
1273 4000 1367 4054 rocem,
1389 3987 1457 4048 cajeta

407 4055 565 4166 ooujeotqram
592 4053 759 4130 amplectimur,
784 4053 823 4114 qui
851 4063 914 4101 ratos
945 4049 1459 4164 isoessciolusiqliqulsint'ruseritrhdirain.

406 4118 486 4260 33
565 4133 690 4261 sassa
708 4119 914 4232 tieem
964 4117 1263 4178 ⁶⁴
1279 4122 1457 4174 ...m

407 4373 498 4422 dimissio
527 4377 565 4436 qui
592 4377 765 4438 spemelcuntur,
796 4394 861 4441 mum
887 4379 912 4426 in
945 4377 1157 4440 larundamridque
1175 4376 1324 4441 displicuerat
1335 4371 1460 4422 taem

405 4445 492 4551 m
512 4438 912 4520 betta-effunderentseee,01qetlo·
946 4445 1020 4498 aorio.
1054 4437 1430 4500 &neumaexveruatoribua
