3068 5186
363 383 441 450 Ι380
789 373 875 434 'rm
898 319 1001 434 ΙΙιΝΙΙ

207 546 242 600 tt.
255 545 286 598 e.
300 545 357 598 565.
380 535 391 570 ‘
407 533 580 612 tetendisse,
591 543 627 596 ut
640 551 709 594 eam
724 546 832 614 pacem
845 531 991 610 turbaret,
1005 541 1039 592 et
1048 528 1250 608 Antiochum,
1266 529 1293 592 si
1304 529 1351 592 sui
1361 538 1432 612 pot·

210 611 352 668 A.c.187.
378 623 392 657 ‘
405 633 534 686 estatem
545 620 677 697 fecisset,
687 617 804 680 insidiis
818 617 993 700 exciperetc
1009 617 1063 679 sed
1078 618 1175 696 illum,
1187 617 1318 698 cognita
1327 616 1434 680 fraude

378 708 548 785 ‘consulis
565 727 659 790 quum
681 726 759 789 sape
782 704 950 787 conloquiis
972 705 1077 787 petitis
1092 715 1233 788 captatus
1249 714 1343 782 esset,
1368 723 1432 766 non

378 797 598 879 ‘congressum
614 791 718 869 modo,
730 791 784 853 sed
799 803 998 873 conspectum
1008 791 1102 854 etiam
1117 789 1181 873 ejus
1195 792 1323 854 vitasse.
1368 788 1431 851 Cu·

378 885 389 918 ‘
404 884 539 966 pientem
555 879 682 942 transire
696 876 832 940 Taurum
846 898 925 960 aegre
934 877 1072 940 omnium
1087 878 1260 960 legatorum
1276 877 1429 960 precibus,

377 970 390 1004 ‘
404 990 443 1031 ne
459 967 643 1030 carminibus
658 963 779 1049 Sibyllae
794 964 971 1047 praedictam
986 965 1198 1048 superantibus
1213 964 1369 1028 terminos
1384 963 1430 1026 la·

341 1087 344 1096 ι
376 1055 389 1090 ‘
404 1055 482 1119 tales
498 1054 617 1117 cladem
631 1053 758 1136 experiri
772 1050 873 1129 vellet,
888 1063 1052 1114 retentum.
1067 1052 1236 1114 admovisse
1252 1062 1361 1114 tamen
1377 1072 1430 1114 ex-

376 1142 389 1177 ‘
403 1142 544 1222 ercitum,
560 1153 592 1204 et
607 1161 702 1223 prope
717 1138 790 1220 ipsis
811 1137 895 1220 jugis
919 1141 945 1178 ⁶⁶
957 1138 997 1200 ad
1019 1137 1150 1200 divortia
1164 1159 1314 1222 aquarum
1329 1149 1431 1200 cutm

377 1227 551 1312 ‘posuisse
596 1227 698 1299 Quum
712 1225 828 1287 nullam
851 1225 892 1287 ibi
908 1244 1046 1288 caussam
1062 1224 1133 1286 belli
1148 1225 1312 1302 inveniret,
1328 1225 1431 1308 quies-

373 1315 387 1349 ‘
402 1316 540 1378 centibus
555 1315 657 1396 regiis,
673 1312 885 1393 circumegisse
900 1313 1067 1374 exercitum
1083 1312 1123 1374 ad
1137 1309 1363 1396 Gallograscos:
1380 1310 1431 1373 eui

346 1415 357 1426 “
375 1402 387 1436 ‘
402 1403 520 1465 nationi
536 1421 597 1464 non
615 1421 652 1462 ex
668 1409 790 1461 senatus
801 1399 994 1476 auctoritate,
1004 1418 1066 1460 non
1077 1399 1181 1481 populi
1193 1397 1292 1481 jussu,
1316 1399 1430 1460 bellrun

374 1488 542 1552 ‘inlatum
568 1487 652 1569 quod
667 1507 757 1568 quern
772 1504 917 1565 umquam
939 1486 978 1546 de
1001 1505 1055 1546 sua
1077 1487 1232 1548 sententia
1246 1484 1353 1548 facere
1373 1505 1427 1546 au·

373 1575 386 1609 ‘
401 1575 490 1638 sumi
514 1573 671 1651 Antiochi,
684 1572 826 1655 Philippi,
838 1570 1021 1632 Hannibalis
1036 1583 1069 1634 et
1078 1569 1239 1634 Poenorum
1251 1572 1429 1634 recentissi-

374 1662 387 1696 ‘
401 1683 453 1724 ma
473 1662 553 1724 bella
570 1681 646 1724 esse.
665 1660 704 1721 de
716 1660 856 1722 omnibus
865 1659 912 1720 his
926 1658 1100 1720 consultum
1115 1673 1266 1738 senatum,
1278 1660 1428 1742 populum

371 1747 531 1830 ‘jussisse
554 1769 632 1830 serpe
651 1747 769 1828 legatos
785 1756 857 1808 ante
873 1745 992 1822 missos,
1014 1765 1063 1806 res
1085 1745 1240 1828 repetitas,
1257 1759 1428 1828 postremo,

372 1836 386 1870 ⁴
400 1837 453 1917 qui
465 1834 578 1897 bellum
589 1835 769 1911 indicerent,
778 1833 897 1894 missos.
941 1830 1024 1902 Quid
1035 1852 1152 1909 eorum,
1165 1830 1223 1894 Cn.
1233 1831 1349 1911 Manli,
1361 1832 1426 1894 iac·

346 1929 349 1942 '
374 1922 465 1984 ‘tum
485 1933 541 2000 est,
564 1933 599 1984 ut
619 1921 699 1983 istud
724 1920 877 2002 publicum
898 1918 1002 2002 populi
1015 1916 1145 2008 Romani
1162 1919 1289 1999 bellum,
1307 1933 1343 1982 et
1363 1939 1425 1982 nou

372 2009 386 2042 ‘
401 2019 487 2071 tuum
499 2008 648 2092 privatum
663 2006 856 2069 latrocinium
868 2005 1051 2067 ducamus⁰l
1073 2005 1118 2067 Ac
1131 2025 1168 2067 eo
1180 2005 1249 2088 ipso
1261 2017 1425 2070 contentus

373 2096 386 2130 ‘
401 2095 484 2158 fuisti
497 2117 506 2173 ;
524 2107 608 2158 recto
619 2095 727 2156 itinere
739 2093 854 2155 duxisti
865 2092 1031 2153 exercitum
1041 2091 1081 2152 ad
1093 2113 1157 2171 eos,
1167 2111 1244 2173 quos
1255 2093 1310 2155 tibi
1319 2095 1424 2156 hostes

369 2183 387 2217 ‘
402 2182 608 2245 desumseras:
624 2201 663 2242 an
675 2191 707 2242 et
717 2201 771 2263 per
787 2199 893 2240 omnes
905 2181 1069 2240 amfractus
1078 2179 1206 2256 viarum,
1219 2199 1311 2262 quum
1323 2179 1363 2242 ad
1373 2179 1425 2242 bi-

373 2269 386 2303 ‘
399 2269 449 2331 via
458 2269 648 2346 consisteres,
655 2279 700 2354 nt,
710 2287 770 2349 quo
780 2266 913 2328 flexisset
922 2285 1032 2346 agmen
1038 2263 1311 2328 AttalusEumcnis
1320 2266 1425 2346 frater,

373 2357 437 2418 ‘eo
462 2350 604 2418 ⁶⁷consul
622 2353 823 2416 mercenarius
845 2373 916 2415 cum
938 2351 1073 2414 exercitu
1090 2351 1233 2415 Romano
1248 2354 1425 2436 sequereris,

372 2442 387 2477 ‘
402 2441 530 2521 Pisidiae,
543 2440 772 2525 Lycaoniaeque,
781 2437 953 2522 etPhrygiae
962 2458 1096 2500 recessus
1105 2459 1212 2502 omnes
1224 2453 1318 2522 atque
1327 2460 1423 2522 angn-

374 2529 386 2562 ‘
401 2529 447 2591 los
468 2528 645 2612 peragrasti,
666 2528 777 2610 stipem
794 2526 957 2610 styrannis
972 2525 1204 2608 castellanisque
1226 2527 1319 2588 deviis
1336 2527 1426 2588 eolli-

374 2615 387 2650 ‘
400 2615 494 2696 gensi
519 2614 602 2686 Quid
614 2615 695 2676 enim
705 2613 759 2675 tibi
773 2615 800 2652 ⁶⁸
810 2634 880 2675 cum
891 2611 1061 2675 Oroandis?
1087 2613 1162 2693 quid
1176 2633 1243 2674 cum
1255 2613 1324 2675 aliis
1334 2634 1423 2698 seque

374 2702 387 2737 ‘
401 2697 532 2764 innoxiis
544 2700 681 2783 populis?
706 2697 827 2761 Bellum
839 2711 942 2761 autem
954 2699 1063 2782 ipsum,
1079 2697 1165 2780 cujus
1173 2700 1293 2761 nomine
1305 2700 1421 2763 triurn-

374 2789 387 2822 ‘
400 2789 496 2871 phum
506 2789 595 2870 petis,
606 2807 666 2868 quo
676 2786 768 2848 modo
776 2786 917 2867 gessisti?
932 2782 1017 2847 Loco
1026 2805 1123 2865 equo,
1134 2798 1263 2868 tempore
1273 2797 1327 2848 tuo
1334 2807 1422 2870 pug-

373 2875 385 2909 ‘
401 2875 502 2938 nastil
523 2872 572 2936 Tu
587 2893 658 2936 vero
674 2885 768 2951 recte,
785 2884 821 2934 ut
835 2871 903 2934 Diis
919 2872 1131 2934 inmortalibus
1147 2872 1239 2934 honos
1253 2873 1422 2951 habeatnr,

374 2962 387 2997 ‘
402 2962 556 3045 postulas:
573 2961 715 3043 primum,
727 2958 810 3040 quod
822 2979 878 3041 pro
895 2959 1067 3022 temeritate
1084 2959 1283 3042 imperatoris,
1299 2962 1326 3000 ⁵⁸
1334 2959 1423 3021 nullo

373 3048 386 3083 ‘
396 3047 465 3131 jure
476 3049 612 3131 gentium
627 3045 741 3108 bellum
753 3046 921 3125 inserentis,
937 3066 1044 3128 poenas
1058 3046 1143 3108 luere
1155 3046 1321 3108 exercitum
1331 3046 1424 3108 nolu-

373 3136 509 3198 ‘eruntt
527 3134 648 3212 deinde,
660 3133 742 3214 quod
756 3132 882 3211 belluas,
897 3153 958 3194 non
974 3133 1088 3210 hostes,
1103 3133 1191 3194 nobis
1206 3131 1408 3212 objecemnt'

416 3219 531 3285 XLVI.
553 3223 563 3256 ‘
579 3219 741 3282 ⁸⁰Nolite⁹
757 3239 869 3281 nornen
884 3229 1004 3281 tantum
1019 3218 1194 3281 existimare
1213 3219 1346 3282 mixtum
1358 3239 1424 3281 esse

372 3309 385 3344 ‘
399 3307 667 3392 Gallograecorum.
682 3306 780 3368 multo
792 3315 864 3368 ante
879 3317 911 3368 et
922 3325 1053 3388 corpora
1067 3317 1099 3369 et
1109 3306 1204 3368 animi
1221 3304 1309 3367 misti
1326 3325 1364 3368 ac
1377 3307 1424 3368 ri·
1532 3299 1533 3304 ’

373 3397 386 3432 ‘
401 3397 470 3459 tiati
487 3406 567 3458 sunt.
610 3395 671 3472 An,
686 3393 711 3455 si
727 3391 771 3455 illi
787 3389 868 3454 Galli
885 3404 997 3470 essent,
1009 3413 1079 3454 cum
1093 3393 1202 3474 quibus
1214 3393 1324 3454 millies
1339 3393 1425 3456 vario

374 3484 510 3546 ‘eventu
520 3483 553 3544 in
563 3479 650 3543 ltalia
663 3489 830 3562 pugnatum
845 3491 903 3558 est,
932 3489 1057 3542 uantum
1073 3481 1105 3540 in
1116 3480 1301 3563 imperatore
1315 3491 1425 3542 nostro

374 3569 470 3649 ‘fuit
492 3569 619 3631 nuncius
634 3565 718 3628 illinc
733 3566 882 3629 redisset?
906 3500 960 3629 dis
976 3585 1045 3627 cum
1062 3566 1098 3628 iis
1116 3579 1286 3649 pugnatum
1303 3577 1361 3646 est,
1375 3567 1424 3628 bis

374 3657 387 3696 ‘
401 3658 470 3721 loco
485 3655 589 3738 iniquo
603 3653 704 3732 subiit,
727 3651 759 3713 in
774 3651 853 3714 valle
876 3651 1016 3715 inferiore
1038 3651 1166 3736 pedibus
1182 3673 1261 3736 pene
1287 3653 1427 3716 hostium

549 3773 561 3797 ⁶
573 3772 671 3821 dicemus
682 3766 756 3816 Gron.
767 3766 837 3818 Cret.
1061 3767 1167 3817 enolto
1176 3767 1252 3818 Groo.

407 3876 430 3912 ω
446 3877 483 3926 Ad
507 3878 603 3927 diuortio
628 3875 750 3940 aquenum]
775 3875 883 3924 Dinonis
913 3874 1428 3941 rusiliumejusadrsrms'l'elnistensetin·

373 3958 493 4008 aquarum,
525 3941 599 4006 lnquit
625 3941 769 4053 Τιιτιιιιδιιιῐῖιἱ
788 3939 807 4020 l:
828 3954 884 4016 xrs.
914 3943 1039 4022 plorarent,
1047 3941 1185 4020 insitionis
1194 3941 1311 4020 suynus,
1319 3942 1429 3991 miti

373 4009 707 4138 tlltnlzllts'ffi
720 4005 883 4137 billi?
913 4005 1432 4136 tlttttttlylmt'sssm

372 4151 479 4190 vertunt.
783 4189 788 4204 ,
946 4137 969 4170 ⁵⁸
984 4136 1042 4186 Gan
1053 4135 1172 4200 Oroandis]
1190 4137 1242 4186 l'id.
1251 4148 1301 4186 not.
1311 4138 1353 4189 27.
1363 4137 1393 4186 sd
1404 4152 1430 4188 t.

397 4205 430 4256 .⁸⁷
450 4203 881 4270 Comlntrtenoriut..ttipcrr'oty·
912 4201 991 4254 37.su
1007 4218 1040 4252 rr.
1369 4227 1374 4239 ·

373 4269 549 4318 raonis-molli
590 4269 611 4333 t]
629 4267 685 4317 Non
707 4267 822 4316 immerito
841 4265 883 4314 ob·
945 4267 968 4306 Ν
1008 4265 1080 4315 Nullo
1093 4266 1151 4326 jure
1163 4263 1277 4332 gentitus]
1298 4267 1357 4316 stne
1379 4267 1432 4316 nlla

374 4331 460 4382 ‘cctam
470 4347 520 4382 erse
530 4284 621 4382 tillus
630 4333 748 4382 avaritiam
759 4335 825 4381 docet
833 4332 880 4380 Po-
913 4347 941 4380 ex
952 4332 981 4379 iit
991 4331 1045 4380 belli
1057 4333 1132 4380 musis
1150 4347 1201 4396 qun
1210 4333 1263 4394 lure
1273 4335 1383 4395 gentium
1393 4334 1430 4384 le-

400 4399 452 4447 bius
470 4413 517 4446 uno
537 4399 640 4457 verbulo,
652 4399 714 4462 quod
732 4399 756 4445 in
773 4397 882 4460 Erccrpt.
912 4397 999 4459 gitimoe
1011 4397 1135 4446 habentur.

427 4463 616 4528 .3l.rcperltur.
647 4463 711 4512 Nam
726 4479 797 4527 quum
807 4462 882 4510 lsion·
946 4461 969 4496 ⁵⁰
986 4459 1072 4526 Nolite]
1098 4461 1214 4511 Mendum
1240 4461 1283 4512 hic
1309 4463 1431 4516 tandm

372 4528 464 4587 ὼωυ.
478 4527 507 4580 dc
526 4529 609 4598 quibus
627 4529 737 4580 Lirinus.
749 4529 786 4580 lt.
802 4543 883 4594 cupra,
915 4526 1298 4580 omnisnmcidooemtte.
