3080 5196
287 509 320 558 st

308 569 318 623 l

323 506 351 556 61

246 569 351 622 ..91

377 363 443 428 -974
810 352 895 415 ΤΙΤΙ
914 351 1016 414 LlVlI

355 539 362 556 ·
387 511 608 577 transcendunt
635 510 755 587 armati,
771 522 814 584 et,
830 507 958 592 dejectis
981 509 1127 590 caesisque
1149 505 1444 589 propugnatoribus,

355 603 496 662 ‘navem
529 598 663 680 capiunt.
722 595 805 674 Una,
835 617 900 678 quae
930 595 1067 678 compari
1098 591 1202 655 Marte
1232 603 1445 670 concurrerat,

385 695 555 770 postquam
576 693 699 765 captam
723 683 850 745 alteram
875 699 984 745 narem
1008 681 1095 760 vidit,
1109 681 1284 762 priusquam
1301 699 1321 739 a
1341 679 1441 740 tribus

386 771 476 833 simul
511 769 787 848 circumveniretur,
821 780 902 830 retro
925 769 965 829 ad
988 767 1116 831 classem
1143 765 1266 846 refugit.
1327 763 1441 841 Livius,

387 857 601 938 indignatione
626 875 782 934 accensus,
807 855 1045 936 pretorianae
1069 853 1100 913 in
1123 853 1226 913 hostes
1250 849 1362 912 tendit.
1385 849 1440 909 ad-

386 962 488 1005 versus
513 961 603 1022 quam
627 941 737 1002 eadem
762 961 815 1023 spe
841 940 917 1018 duae,
944 958 1011 1021 quas
1037 937 1182 999 Punicam
1212 955 1307 997 unam
1330 950 1441 996 navem

326 1099 328 1104 ,
387 1029 660 1104 circumvenerant,
687 1047 780 1108 quum
805 1026 998 1104 inferrentur,
1025 1025 1188 1087 demittere
1208 1023 1370 1102 inaquam
1392 1041 1441 1081 re·

388 1135 456 1176 mos
471 1115 511 1176 ab
525 1125 652 1196 utroquo
678 1113 773 1175 latere
790 1113 920 1194 remiges
944 1110 1132 1174 stabiliendae
1146 1109 1231 1170 navis
1247 1127 1354 1169 caussa
1371 1106 1441 1189 jus-

389 1201 440 1277 sit,
455 1210 487 1260 et
511 1200 545 1260 in
560 1198 756 1260 advenientes
781 1198 913 1259 hostium
929 1217 1021 1259 nares
1045 1196 1156 1257 ferreas
1171 1213 1281 1256 manns
1302 1195 1441 1276 injicere,

278 1340 280 1344 .
390 1296 433 1363 et,
459 1288 487 1326 ⁸⁶
498 1286 551 1345 ubi
575 1303 710 1366 pugnam
726 1283 859 1365 pedestri
882 1283 1012 1344 similem
1025 1282 1161 1359 lecisset,
1182 1280 1354 1341 meminisse
1371 1279 1441 1340 llo-

282 1429 285 1435 .
383 1391 490 1432 manae
502 1370 633 1448 virtutis,
658 1386 716 1430 nec
731 1389 786 1451 pro
801 1369 871 1430 viris
899 1368 1010 1430 ducere
1032 1368 1117 1449 regia
1139 1368 1304 1448 municipia.
1345 1365 1441 1426 Haud

391 1455 495 1538 paullo
510 1454 637 1532 facilius,
663 1471 754 1536 quam
769 1465 841 1516 ante
866 1455 1048 1532 duae'unam,
1075 1465 1149 1515 tune
1164 1471 1226 1514 una
1250 1451 1326 1514 duas
1350 1469 1441 1513 nares

393 1541 589 1623 expugnavit,
605 1542 756 1624 cepitque.
799 1538 841 1602 Et
862 1540 929 1622 jam
945 1541 1055 1602 classes
1071 1558 1192 1620 quoque
1207 1538 1343 1618 undique
1367 1555 1440 1599 con·

381 1642 558 1704 ennarrans,
574 1638 606 1688 et
620 1627 733 1708 passim
748 1627 907 1709 permixtis
916 1625 1043 1689 navibus
1054 1625 1255 1708 pugnabatur.
1277 1623 1442 1700 Eumenes

391 1713 444 1796 qui
459 1721 612 1774 extremus
627 1713 791 1774 commisso
807 1711 974 1774 certamine
989 1713 1162 1788 advenerat,
1178 1722 1214 1771 ut
1226 1711 1442 1772 animadvertit

393 1799 499 1860 laevum
514 1817 608 1860 cornu
623 1799 757 1860 hostium
773 1798 811 1859 ab
827 1796 914 1860 Livio
937 1799 1102 1876 turbatum,
1123 1797 1265 1858 dextrum
1291 1796 1370 1878 ipsc,
1393 1795 1440 1857 uhi

393 1904 479 1964 aequa
515 1903 598 1966 ugna
611 1896 689 1962 erat,
705 1884 829 1946 invadit.

436 1905 533 2032 de'.
555 1968 622 2032 Nec
648 1971 692 2032 ita
715 1971 813 2033 multo
837 1983 909 2053 post
933 1970 1063 2052 primum
1091 1969 1129 2031 ab
1154 1969 1228 2032 laevo
1251 1987 1347 2030 cornu
1371 1968 1440 2050 fuga

314 2044 330 2095 ⁸·
392 2056 498 2139 ooepit.
549 2054 751 2139 Polyxenidas
774 2056 868 2134 enim,
892 2069 926 2118 ut
950 2057 1061 2118 virtute
1086 2055 1217 2117 militnm
1241 2055 1327 2116 haud
1352 2055 1442 2116 dubie

384 2142 528 2225 'superari
553 2161 588 2203 se
601 2142 688 2219 vidit,
705 2141 837 2204 sublatis
859 2141 1020 2204 dolonibus
1047 2141 1140 2203 effinse
1155 2141 1261 2223 fugere
1287 2139 1440 2202 intendit:

393 2246 468 2290 mox
489 2227 570 2289 idem
587 2238 628 2305 et,
652 2227 703 2309 qui
719 2247 814 2309 prope
840 2239 951 2289 terram
974 2244 1044 2289 eum
1067 2225 1203 2290 Eumom
1226 2237 1443 2288 contraxerant

393 2323 561 2391 certamen,
587 2313 734 2376 lecerunt.
780 2313 910 2375 Romani
935 2326 968 2376 et
980 2311 1142 2393 Eumenes,
1169 2313 1272 2396 quoad
1295 2313 1443 2374 subicere

394 2400 524 2480 remiges
539 2409 715 2481 potuerunt,
730 2410 762 2460 et
777 2400 808 2460 in
824 2420 878 2482 spe
901 2411 988 2462 erant
1002 2401 1131 2462 extremi
1147 2398 1279 2481 agminis
1302 2397 1443 2478 vexandi,

394 2484 468 2545 satis
495 2484 691 2566 pertinaciter
716 2487 811 2547 secuti
836 2497 918 2548 sunt.
942 2497 1104 2568 postquem
1131 2487 1288 2548 celeritaoe
1308 2487 1444 2563 uarium,

393 2579 501 2650 utpote
514 2569 636 2648 levium,¹
650 2591 720 2632 suas
732 2582 907 2634 commeatu
916 2583 1041 2634 onustas
1056 2571 1137 2633 eludi
1153 2572 1265 2634 frustra
1279 2572 1445 2633 tendentes

394 2654 544 2732 viderunt,
561 2656 685 2717 tandem
708 2657 892 2720 abstiterunt
903 2680 914 2736 ;
938 2658 1087 2720 tredecim
1109 2659 1208 2740 captis
1223 2657 1348 2719 navibus
1372 2675 1445 2719 cum

395 2739 493 2802 milite
520 2761 556 2801 ac
582 2742 707 2823 remige,
722 2742 829 2804 decem
861 2744 1017 2806 demersis.
1072 2743 1219 2806 Romane
1246 2743 1349 2804 classis
1381 2759 1448 2804 una
1538 2807 1539 2824 q

394 2822 510 2886 Punica
532 2827 628 2904 navia,
655 2829 686 2888 in
710 2828 810 2910 primo
834 2831 1001 2892 certamine
1025 2832 1063 2891 ab
1087 2831 1203 2892 duabus
1225 2829 1448 2908 circumventa,
1537 2897 1538 2906 χ

393 2911 497 2992 periit.
542 2909 743 2995 Polyxenidas
767 2935 829 2976 non
854 2916 947 2997 prius,
963 2935 1053 2998 quam
1078 2917 1109 2977 in
1135 2928 1226 2998 portu
1245 2913 1373 2998 Ephesi,
1395 2915 1446 2976 fu·

393 3017 440 3077 gae
455 2995 546 3059 finem
562 2997 645 3061 fecit.
689 3002 715 3046 ⁸⁷
728 2997 860 3062 Romani
875 3023 913 3064 eo
939 3002 999 3080 die,
1014 3003 1096 3064 unde
1112 3021 1233 3084 egressa
1254 3001 1340 3082 regia
1362 3002 1444 3063 clas-
1537 3007 1538 3020 ¹

393 3084 435 3143 aia
449 3097 526 3162 crat,
552 3096 749 3148 manserunt:
784 3097 907 3168 postero
922 3088 972 3150 dic
997 3088 1119 3151 hostem
1138 3088 1277 3170 persequi
1303 3087 1446 3149 intende-

392 3179 473 3231 runt.
487 3170 591 3232 medio
607 3170 679 3233 ‘lere
695 3171 726 3232 in
753 3193 842 3235 eursu
857 3173 952 3236 obviae
979 3174 1063 3236 fuere
1085 3175 1122 3236 iis
1138 3174 1268 3257 quinque
1284 3185 1318 3234 et
1337 3173 1445 3255 viginti

393 3265 483 3316 tectae
507 3255 635 3318 Rhodiae
649 3277 752 3336 naves,
779 3280 847 3321 cum
870 3258 1055 3322 Pausistrato
1074 3259 1219 3344 prefecto
1241 3259 1358 3321 classis.
1402 3258 1446 3321 lis

394 3338 556 3420 adjunctis,
579 3341 734 3425 Ephesum
764 3345 884 3407 hostem
910 3347 1070 3428 persecuti,
1100 3357 1172 3407 ante
1196 3346 1310 3408 ostium
1338 3357 1446 3428 portus

381 3426 460 3486 -acie
475 3427 623 3489 instructa
644 3439 803 3492 steterunt.
846 3430 1010 3512 Postquam
1034 3431 1258 3494 confessionem
1279 3431 1372 3494 victis
1394 3451 1445 3493 sa·

394 3511 434 3570 tis
449 3525 674 3594 expresserunt,
690 3512 803 3576 Rhodii
825 3526 857 3577 et
870 3515 1021 3598 Eumenes
1043 3518 1151 3579 domos
1167 3517 1301 3578 dimissi:
1325 3517 1445 3580 Rorna-

393 3595 438 3673 ni,
468 3595 578 3658 Chium
607 3609 757 3680 petentes,
789 3599 1021 3664 Phoenicuntem
1059 3603 1189 3686 primum
1220 3615 1345 3686 portum
1368 3605 1447 3688 Ery·

393 3679 494 3743 three
519 3692 606 3744 terrae
621 3687 817 3766 praetervecti,
842 3699 935 3750 nocte
960 3689 1102 3750 anchoris
1121 3688 1227 3771 jactis,
1253 3703 1382 3772 postero
1397 3691 1448 3752 die

383 3766 424 3828 =in
440 3767 569 3829 insulam
583 3769 625 3830 ad
648 3770 744 3854 ipsam
758 3774 864 3834 urbem
886 3772 1080 3855 trajecerunt.
1102 3775 1154 3836 ubi
1175 3793 1290 3856 paucos
1307 3775 1376 3838 dies
1399 3797 1450 3838 re·

391 3851 474 3934 mige
489 3855 622 3916 maxime
638 3856 801 3919 reficiendo
816 3856 938 3938 morati,
952 3857 1110 3922 Phocaeam
1126 3861 1352 3923 transmittunt.
1399 3861 1447 3924 lbi

392 3935 505 4000 relictis
521 3941 560 4001 nd
575 3941 748 4023 presidium
772 3945 855 4006 urbis
871 3957 1002 4026 quatuor
1024 3947 1302 4028 quinqueremibus,
1319 3948 1362 4010 ad
1386 3945 1449 4011 Ct-

391 4043 446 4086 naa
462 4024 565 4086 classis
580 4027 686 4090 venit:
718 4041 761 4110 et,
777 4049 869 4111 quum
880 4031 947 4114 jam
973 4032 1071 4095 hiems
1087 4033 1257 4115 adpeteret,
1274 4033 1361 4096 losse
1382 4035 1450 4097 ral-

404 4249 444 4326 ⁸³⁶
462 4251 619 4336 usnam·
633 4257 728 4318 ..aas
752 4257 843 4336 anua·
857 4259 899 4323 s..
931 4248 1072 4336 erasme,
1083 4250 1224 4326 memte]
1239 4233 1345 4313 neem
1356 4263 1453 4318 saeu-

388 4315 460 4377 tenu]
470 4315 599 4395 Gronovius
610 4337 663 4384 Jure
674 4323 900 4384 emendetfecuraut,
930 4327 1010 4377 odisse
1030 4341 1117 4376 nomen
1133 4328 1188 4385 lori,
1205 4328 1229 4376 in
1246 4345 1294 4391 quo
1313 4341 1453 4378 mausmm

388 4384 897 4502 negpqulp‘eqoetpropugdnatoreauavium.
931 4389 1039 4439 llornaui.
1055 4393 1140 4442 Forsan
1149 4393 1273 4470 luendum
1283 4407 1322 4443 est
1330 4393 1451 4459 cyssum

623 4467 689 4517 aqua
712 4467 898 4521 regressam
929 4458 1085 4525 uudcsgrtno.
1121 4458 1353 4524 vituperantia.
