3080 5196
363 361 423 418 aas
785 354 870 430 urar
892 353 996 432 mvn

201 525 237 575 ta
248 521 278 574 c.
289 525 345 574 stt.
367 514 378 548 ‘
392 509 556 575 cervicibus
577 530 681 584 eorum
701 511 830 593 imperio
844 509 998 587 Romane,
1013 508 1148 572 liberam
1167 529 1237 574 vere
1251 506 1413 588 Graeciam,

203 591 273 642 Μ·
286 590 340 647 ¹⁹²·
367 601 378 636 ‘
393 610 485 680 atque
500 597 531 659 in
546 618 584 659 ea
598 597 751 680 principes
764 593 889 660 AEtolos
901 596 1033 658 fecisset.
1047 616 1118 658 curn
1133 595 1314 660 exercitibus
1325 617 1413 660 oom-

224 705 229 714 '
368 686 509 748 ‘meatus
525 703 645 766 quoque
668 682 768 744 omnis
791 682 911 764 generis
934 703 973 746 ex
997 682 1072 745 Asia
1091 695 1243 746 venturos.
1288 680 1325 744 ln
1339 703 1416 764 prae·

368 773 380 808 ⁴
395 771 494 836 sentis
508 791 586 832 curae
602 790 668 832 esse
680 765 792 831 AEtolis
808 768 928 847 debere,
942 779 978 831 ut
993 768 1083 851 copia
1097 768 1327 848 frumenti-suis,
1344 771 1373 808 ⁶¹
1384 780 1416 830 et

368 859 381 893 ⁴
395 878 518 922 annona
532 855 697 918 tolerabilis
712 875 812 916 rerum
826 854 960 917 aliarum·
973 854 1204 938 suppeditetur!

412 941 510 1006 XLV.
532 941 662 1005 Inhanc
689 941 873 1004 sententiam
896 961 949 1003 rex
971 961 1041 1004 cum
1063 962 1176 1024 magno
1198 943 1336 1004 omnium
1358 941 1416 1004 ad·

370 1051 459 1094 sensu
490 1029 608 1090 locutus
641 1027 790 1090 discessit.
844 1027 917 1090 Post
938 1028 1104 1090 discessum
1126 1029 1216 1110 regis,
1238 1029 1319 1091 inter
1340 1027 1417 1090 duos

370 1116 521 1202 principes
537 1111 723 1192 AEtolorum',
744 1113 904 1176 Phaeneam
919 1127 951 1177 ct
963 1112 1150 1196 lhoantem,
1165 1115 1325 1178 contentio
1348 1114 1417 1176 tuit

308 1211 310 1218 “
368 1203 523 1279 Phreneas,
533 1201 760 1264 reconciliatore
771 1201 856 1284 pacis
864 1211 897 1262 et
907 1201 1155 1284 disceptatorede
1164 1201 1212 1280 iis,
1221 1221 1288 1282 quos
1297 1201 1330 1262 in
1342 1221 1416 1263 con·

348 1331 350 1334 -
371 1289 515 1352 troversia
530 1307 600 1350 cum
611 1287 726 1371 populo
744 1285 885 1349 Romano
900 1298 1011 1364 essent,
1026 1287 1172 1348 utendum
1189 1287 1292 1370 potius
1302 1285 1415 1349 Antio·

370 1374 695 1455 cho,censeb'at,quam
709 1373 786 1435 duce
792 1373 874 1435 belli.
897 1373 1086 1435 ‘Adventum
1096 1371 1161 1454 ejas
1175 1385 1208 1435 et
1219 1371 1413 1454 majestatem

370 1461 383 1500 ‘
395 1461 436 1524 ad
445 1459 658 1524 verecundiam
666 1458 837 1522 faciendam
849 1459 996 1522 Romanis
1007 1460 1068 1521 vim
1078 1458 1224 1541 majorem
1235 1460 1418 1538 habituram,

370 1549 383 1582 ‘
398 1567 490 1627 quarn
499 1567 593 1608 arma.
627 1543 730 1608 Multa
740 1545 889 1625 homines,
900 1567 939 1607 ne
952 1545 1095 1607 sellarem
1107 1547 1293 1624 accessesit,
1308 1546 1417 1608 volun-

304 1652 305 1659 *
371 1633 463 1694 ‘tate
479 1632 642 1710 remittere,
658 1652 723 1712 quas
738 1631 818 1693 bello
833 1644 864 1694 et
879 1633 970 1694 armis
986 1632 1054 1714 cogi
1070 1631 1284 1715 nonpossint.’
1315 1630 1418 1694 Thoas

519 1719 530 1751 ,
604 1717 612 1732 .
948 1739 955 1756 .
1088 1719 1094 1732 .

370 1715 766 1882 retrimenta
779 1716 1417 1887 litttnatgttrltttlnffi

372 1889 517 1973 <tempus
543 1888 583 1952 ad
609 1890 856 1972 comparandum·
871 1891 1014 1953 habeant.
1056 1889 1143 1952 Nihil
1172 1891 1255 1953 enim
1277 1891 1354 1975 requi
1378 1890 1417 1952 ab

373 1973 385 2009 ‘
400 1975 547 2039 Romarris
558 1976 715 2058 impetrari
727 1997 827 2058 posse,
840 1977 932 2039 toties
947 1977 1151 2058 legationibus
1162 1977 1262 2038 ndssis
1270 1976 1417 2054 Romam,

374 2059 386 2095 ‘
403 2062 495 2124 toties
511 2083 580 2124 cum
595 2062 662 2144 ipso
677 2062 822 2132 Quinctio
838 2062 1047 2145 disceptando,
1067 2064 1141 2124 satis
1156 2073 1319 2145 expertum
1334 2081 1418 2124 esse:

376 2145 469 2226 ‘nec,
485 2147 543 2209 nisi
567 2148 700 2210 abscisse
714 2148 797 2209 omni
812 2169 877 2234 spe,
892 2149 1036 2212 auxilium
1050 2148 1198 2210 Antiochi
1218 2149 1418 2232 inploraturos

377 2231 505 2296 ‘baisse
549 2233 618 2304 Quo
642 2234 767 2296 celerius
789 2255 843 2320 spe
870 2236 1008 2296 omnium
1030 2235 1147 2313 oblato,
1172 2255 1234 2297 non
1255 2255 1322 2296 esse
1336 2235 1418 2296 elan-

378 2318 389 2352 ‘
403 2319 620 2401 guascendum,
633 2321 689 2383 sed
709 2320 857 2382 orandum
872 2320 973 2402 potius
985 2339 1099 2402 regem,
1115 2333 1161 2398 ut,
1172 2322 1331 2402 quonism,
1343 2319 1422 2403 quod

379 2405 572 2492 ‘maximum
586 2405 686 2485 terit,
700 2407 765 2488 ipse
777 2407 890 2468 vindex
912 2402 1034 2468 Graeciae
1048 2407 1173 2485 venerit,
1188 2407 1294 2489 copias
1304 2426 1422 2488 quoque

377 2491 391 2523 ⁴
404 2501 560 2554 terrestres
571 2491 751 2572 navalesque
763 2505 906 2554 arcessat.
947 2491 1109 2554 Armatum
1121 2513 1224 2575 regem
1236 2492 1355 2574 aliquid
1365 2493 1422 2553 im·

380 2577 612 2660 ‘patraturumz
636 2578 782 2639 inermem
804 2599 866 2640 non
887 2598 943 2660 pro
954 2575 1069 2641 AEtolis
1086 2578 1191 2657 modo,
1207 2580 1262 2642 sed
1273 2600 1313 2641 ne
1324 2598 1423 2662 prose

213 2660 345 2722 lma*
379 2663 390 2696 ‘
405 2663 527 2746 quidem
539 2662 616 2746 ipso,
630 2663 776 2728 momenti
790 2663 880 2725 ullius
891 2664 1026 2728 futurum
1042 2666 1123 2748 apud
1138 2663 1313 2728 Romanos!
1348 2662 1422 2726 Hac

212 2733 336 2840 ²:⁸0th
378 2749 451 2812 vicit
464 2750 636 2813 sententia:
659 2749 931 2833 imperatoremque
947 2772 1050 2833 regem
1065 2751 1275 2834 adpellandum
1290 2770 1423 2813 censue-

212 2853 307 2919 peltanr.
379 2847 471 2900 runt>
493 2848 526 2898 et
545 2836 674 2918 triginta
687 2836 848 2920 principes,
860 2857 930 2899 curn
945 2838 1051 2918 quibus
1066 2838 1092 2898 si
1113 2858 1174 2920 qua
1185 2837 1272 2900 vellet
1293 2834 1422 2898 consul·

360 2934 469 3001 'taren
481 2923 668 3004 delegerunt.

421 3005 532 3074 xbvt.
557 3007 614 3087 lta,
637 3007 762 3072 dimisso
783 3010 924 3090 concilio,
955 3011 1121 3073 multitudo
1154 3012 1253 3074 omnis
1285 3010 1319 3073 in
1352 3029 1419 3072 suas

379 3096 516 3159 civitates
528 3095 646 3177 dilapsa
659 3107 718 3158 est.
762 3095 829 3158 Rex
841 3107 964 3179 postero
985 3098 1036 3159 die
1048 3118 1117 3159 cum
1133 3097 1281 3180 apocletis
1303 3115 1419 3173 eorum,

378 3182 460 3245 unde
481 3182 595 3244 bellum
616 3181 778 3260 ordiretur,
786 3183 1002 3272 xconsultabat.
1054 3183 1215 3266 Optimum
1240 3183 1339 3244 risum
1366 3193 1421 3259 est,

380 3267 572 3346 Chalcidem,
594 3266 706 3329 frustra
719 3288 815 3351 nuper
837 3269 877 3330 ab
889 3265 1003 3330 AEtolis
1019 3263 1193 3349 tentatam,
1207 3270 1340 3354 primum
1366 3267 1420 3328 ad·

356 3393 360 3403 -
379 3355 489 3437 gredi:
512 3364 545 3415 et
559 3353 757 3416 celeritatem
772 3374 840 3416 eam
855 3373 919 3415 rem
942 3354 1051 3436 magis,
1073 3375 1163 3436 quam
1181 3375 1296 3438 magno
1312 3367 1422 3416 conatu

286 3509 291 3514 ,
381 3451 413 3502 et
427 3441 586 3522 adparatu,
605 3461 681 3522 opus
696 3460 772 3502 esse.
815 3437 921 3522 Itaque
935 3459 1006 3502 cum
1026 3441 1109 3504 mille
1123 3441 1278 3524 peditibus
1293 3461 1358 3521 rex,
1372 3439 1421 3521 qui

254 3544 260 3557 ’
379 3527 420 3588 ab
433 3524 631 3588 Demetriade
645 3526 741 3588 secuti
756 3537 854 3604 erant,
869 3525 1023 3609 profectus
1047 3549 1101 3610 per
1115 3526 1282 3591 Phocidem
1298 3539 1364 3590 est:
1387 3539 1421 3586 et

380 3611 442 3672 alio
462 3610 569 3673 itinere
592 3608 744 3693 principes
770 3609 880 3690 AEtoli,
905 3610 1059 3694 juniorum
1085 3615 1189 3696 paucis
1212 3615 1356 3691 evocatis,
1375 3611 1428 3673 ad

381 3695 579 3760 Charoneam
611 3696 818 3775 obcurrerunt,
848 3709 882 3760 et
911 3698 1018 3761 decem
1044 3699 1207 3764 constratis
1228 3700 1355 3763 navibus
1377 3717 1426 3759 se·

364 3783 443 3870 ¹cuti
466 3793 545 3844 sunt
591 3779 670 3861 Rex,
702 3783 742 3846 ad
770 3781 922 3866 Salganea
943 3785 1050 3848 castris
1071 3787 1191 3870 positis,
1212 3787 1340 3849 pambus
1360 3779 1426 3867 ipse

295 3935 298 3940 ,
379 3890 449 3933 curn
481 3867 666 3952 principibus
699 3865 873 3932 AEtolorum
906 3869 1053 3955 Euripum
1090 3871 1225 3954 trajecit,
1253 3884 1296 3951 et,
1331 3891 1424 3954 quum

377 3955 462 4018 haud
475 3955 581 4038 procul
599 3966 690 4036 portu
705 3975 841 4037 egressus
862 3969 952 4036 esset,
973 3945 1169 4040 magistratus
1191 3979 1313 4041 quoque
1328 3955 1421 4020 Chal-

378 4041 547 4104 cidensium
573 4053 605 4102 et
630 4041 781 4123 principes
808 4054 879 4108 ante
915 4041 1037 4125 porta'm
1064 4055 1287 4127 processerunt.
1332 4042 1423 4105 Pauci

376 4128 531 4208 utrimque
546 4126 586 4188 ad
600 4127 795 4209 conloquium
810 4131 963 4211 congressi
985 4143 1067 4194 sunt.
1111 4128 1211 4194 AEtoli
1237 4149 1425 4213 magnopere

776 4259 795 4287 ¹
806 4269 835 4302 na
845 4253 948 4304 bellarent
960 4255 1028 4304 Crer.

411 4339 434 4376 ⁵¹
442 4337 458 4368 '¹
471 4338 501 4387 Et
511 4356 598 4416 merops
608 4341 723 4390 tolerabile
732 4357 808 4392 mum
821 4343 880 4392 alic-
914 4359 961 4392 non
968 4343 1078 4406 tmrdtsr,
1087 4357 1128 4398 aut
1138 4362 1190 4398 caro
1197 4347 1268 4400 sirau
1275 4345 1362 4416 pretio,
1370 4362 1425 4413 sap·

378 4403 442 4467 ram]
457 4405 488 4480 Et
500 4419 537 4452 res
546 4405 601 4482 alre·
608 4406 635 4454 ad
648 4406 734 4486 victum
745 4407 882 4470 cultumque
915 4410 1054 4475 peditentur·
1102 4439 1104 4449 ν

377 4481 519 4530 aramme,
533 4485 554 4520 rs
570 4484 646 4522 minus
663 4486 762 4539 copiose,
779 4483 803 4523 rt
819 4484 883 4526 certa
