3080 5196
365 365 428 424 206
690 407 693 418 .
776 357 860 418 Tl'l'l
879 354 983 418 uvtt

199 527 341 587 noso.
375 516 436 577 ‘in
449 515 581 599 patriam
602 512 712 598 posse?
756 513 869 592 Quum,
891 531 1024 594 quonam
1039 513 1133 574 modo
1148 533 1186 574 ea
1200 511 1264 575 lieri
1279 523 1417 594 possent,

191 597 273 651 M·
285 597 340 650 1⁹⁰·
376 603 575 666 mirabundus
590 601 794 664 Pausistratus
812 611 1078 682 percunctaretur,
1099 600 1192 661 fidem
1214 600 1336 681 petenti
1360 599 1415 660 de·

376 689 422 752 dit
447 689 574 773 agendae
599 687 802 750 communiter
827 688 882 766 rei,
905 699 959 749 aut
984 686 1106 748 silentio
1129 687 1280 768 tegendae.
1331 683 1412 747 'tum

370 776 590 853 internuncius,
616 775 627 807 ‘
641 775 756 855 regiam
771 774 899 835 classem
914 784 969 834 aut
983 784 1092 850 totam,
1112 785 1169 834 aut
1183 771 1333 853 majorem
1349 771 1415 852 ejus

371 863 528 946 ‘partem
552 860 770 944 Polyxenidam
796 860 977 921 traditurum
1000 861 1040 938 ci,
1065 859 1195 942 pretinm
1214 859 1411 920 tanti-meriti

370 949 511 1010 ‘nullum
532 948 616 1009 aliud
635 947 760 1030 pacisci,
785 965 877 1027 quarn
893 946 1025 1009 reditum
1040 947 1072 1007 in
1087 943 1239 1028 patriam!
1286 943 1412 1025 Magni-

366 1035 445 1096 tudo
460 1035 515 1113 rei,
537 1055 594 1095 nec
610 1033 807 1112 ut'crederet,
823 1053 879 1094 neo
895 1043 930 1094 ut
944 1033 1174 1114 adspernaretur
1187 1032 1284 1109 dicta,
1299 1031 1413 1092 effecit.

369 1122 398 1158 ⁵⁸
408 1120 590 1182 Panormum
606 1119 717 1182 Samiae
727 1133 813 1181 terra
824 1119 918 1200 petit:
933 1120 1034 1200 ibique
1046 1119 1086 1180 ad
1097 1118 1320 1200 explorandam
1337 1135 1413 1196 rem,

369 1209 563 1286 quaeohlata
583 1218 659 1285 erat,
683 1207 828 1268 substitit.
873 1203 964 1268 Ultro
991 1206 1128 1286 citroque
1150 1205 1253 1266 nuncii
1269 1223 1412 1265 cursare:

365 1313 424 1354 nec
439 1292 515 1356 lides
530 1304 602 1355 onte
618 1293 804 1355 Pausistrato
819 1291 902 1354 facta
915 1303 972 1370 est,
988 1311 1081 1373 quam
1096 1311 1200 1353 eoram
1215 1292 1331 1352 nuncio
1348 1289 1412 1370 ejas

369 1377 580 1462 Polyxenidas
590 1401 644 1441 sus
659 1399 751 1440 manu
766 1379 897 1460 scripsit,
912 1379 922 1411 ‘
936 1399 968 1440 se
983 1397 1030 1456 ea,
1055 1397 1121 1458 quae
1144 1377 1300 1459 pollicitus
1320 1387 1412 1454 esset,

366 1465 541 1544 facturum,'
563 1467 711 1548 signoque
736 1485 792 1526 suo
815 1466 964 1547 inpressas
986 1464 1113 1526 tabellas
1139 1464 1233 1525 misit»
1276 1463 1325 1525 no
1339 1483 1410 1524 rero

364 1552 493 1634 pignore
507 1551 591 1614 velut
605 1556 632 1592 ¹⁹
644 1562 837 1614 auctoratum
848 1551 905 1612 sibi
920 1551 1109 1634 proditorem
1123 1561 1206 1612 ratus
1222 1561 1279 1612 est.
1302 1549 1412 1631 Neque

371 1638 551 1718 chimeram,
574 1638 625 1720 qui
641 1639 696 1699 sub
712 1659 783 1718 rege
802 1638 917 1700 viveret
933 1638 1164 1700 commissurum
1188 1637 1289 1714 fuisse,
1304 1649 1342 1698 ut
1357 1636 1412 1697 ad·

368 1741 471 1786 vereris
495 1735 593 1786 semet
615 1725 715 1807 ipsum
741 1724 855 1785 indicia
879 1727 970 1785 manu
995 1743 1051 1784 sua
1075 1734 1190 1785 testata
1214 1724 1313 1784 daret.
1339 1723 1411 1784 inde

369 1810 450 1872 ratio
473 1811 620 1872 simulatae
635 1810 817 1892 proditionis
841 1811 1022 1892 coraposito,
1045 1809 1236 1872 ‘Omniumlt
1260 1829 1295 1870 se
1308 1825 1410 1870 rernm

367 1891 574 1979 ‘adparatum
599 1894 801 1972 omissurum,'
835 1894 1036 1978 Polyxenidas
1061 1895 1181 1974 dicere3
1204 1897 1292 1957 ‘non
1317 1897 1410 1957 remi-

364 1981 473 2063 ‘gem,
484 2005 559 2045 non
585 1987 612 2024 ⁸⁰
624 1984 723 2044 socios
748 1983 870 2044 navales
895 1983 934 2043 ad
951 1983 1080 2044 classem
1096 1982 1268 2063 frequentas
1278 1982 1410 2043 habitu·

347 2068 480 2130 “rum:
504 2070 722 2132 subducturum
747 2087 801 2150 per
826 2068 1052 2130 simulationem
1079 2068 1234 2130 reficiendi
1257 2068 1408 2150 quasdam

364 2154 376 2187 ‘
391 2175 494 2235 naves,
508 2157 583 2218 alias
598 2157 629 2216 in
644 2156 830 2238 propinquos
845 2165 950 2236 portus
962 2154 1180 2216 dimissumm:
1204 2173 1320 2238 paucas
1336 2170 1409 2218 ante

364 2241 377 2274 ‘
392 2253 515 2324 portum
530 2241 651 2325 Ephesi·
665 2243 697 2302 in
712 2242 777 2302 salo
794 2243 988 2319 habiturum3
1012 2261 1098 2324 quas,
1113 2242 1138 2302 si
1154 2243 1236 2303 exire
1252 2263 1300 2303 res
1315 2261 1408 2322 coge·

366 2327 377 2359 ‘
394 2339 451 2406 ret,
464 2328 640 2410 objecturus
651 2328 810 2390 certamini
819 2327 917 2389 foret.¹
941 2327 1043 2398 Quam
1057 2329 1284 2410 neglegentiam
1297 2325 1410 2411 Polyx-

364 2414 488 2476 enidam
507 2415 545 2476 in
571 2415 666 2476 classe
689 2435 747 2476 sua
772 2415 946 2476 habiturum
972 2412 1171 2476 Pausistratus
1189 2415 1315 2492 sardirit,
1339 2433 1408 2476 cam

364 2499 430 2581 ipse
447 2499 602 2582 extemplo
616 2501 734 2562 habuit.
749 2511 867 2582 partem
884 2500 1006 2561 navium
1024 2500 1070 2561 ¹ad
1095 2511 1283 2563 commestus
1305 2521 1409 2562 arces-

364 2586 476 2647 sendos
502 2585 762 2664 Halicarnassum,
789 2589 814 2626 ⁸¹
828 2596 946 2669 partem
970 2583 1096 2648 Samum
1120 2587 1160 2648 ad
1182 2589 1288 2648 urbem
1304 2588 1409 2648 misit:
1489 2585 1497 2600 ‘

360 2681 398 2731 ut
412 2683 536 2752 paratus
551 2683 641 2751 esset,
661 2691 755 2752 quum
770 2673 891 2754 signum
914 2672 1111 2754 adgrediendi
1137 2694 1157 2734 a
1175 2673 1329 2756 proditore
1352 2685 1410 2735 ae·

362 2758 506 2839 cepisset.
550 2755 751 2842 Polyxenidas
767 2762 794 2798 ³¹
806 2779 916 2841 augere
930 2759 1103 2821 simulando
1116 2779 1268 2821 errorem:¹
1287 2759 1410 2820 subdu·

309 2919 314 2928 ¹
365 2842 410 2904 eit
436 2843 584 2924 quasdam
608 2855 711 2922 neves,
735 2845 809 2906 alias
834 2847 918 2908 velut
944 2845 1146 2907 subducturus
1172 2857 1262 2923 esset,
1282 2845 1410 2905 navalia

363 2928 488 2992 reficit:
522 2931 651 3012 remiges
680 2953 720 2993 ex
749 2932 883 2994 hibernis
908 2927 972 2992 non
997 2931 1154 3014 Ephesum
1184 2932 1319 3009 arcessit,
1349 2931 1408 2993 sed

359 3013 558 3096 'Magnesiam
573 3019 694 3080 occulte
709 3018 804 3100 cogit.
1170 3053 1176 3062 ·

403 3101 460 3164 Xl.
483 3102 575 3165 llorte
590 3105 715 3185 quidam
729 3105 991 3184 Antiochi-miles,
1013 3125 1106 3188 quum
1129 3101 1258 3166 Samum
1284 3104 1327 3164 rei
1342 3103 1407 3186 pri-

358 3199 436 3252 vata
451 3211 559 3254 caussa
579 3191 721 3270 venisset,
742 3213 797 3274 pro
819 3193 1011 3273 speculatore
1031 3190 1253 3274 deprehensus¹
1277 3191 1409 3252 deduci·

362 3287 413 3338 tur
436 3275 620 3339 Panormum
642 3277 683 3339 ad
705 3279 889 3361 prefectum.
904 3280 930 3339 is
950 3278 1175 3362 percunctanti,
1197 3276 1272 3357 quid
1288 3275 1405 3358 Ephesi

384 3391 386 3395 '
456 3381 469 3416 ¹¹
486 3385 577 3432 Omnes
588 3383 661 3433 Gran.
682 3383 751 3434 Crer.
1046 3383 1053 3418 ¹
1068 3385 1229 3448 ronrprehouur
1239 3383 1305 3432 bed.

393 3465 416 3501 ὓ
441 3463 576 3514 Panormos
592 3466 669 3514 Sirmio
685 3463 760 3532 terro]
782 3465 867 3514 Panor-
891 3465 1095 3530 utporoturcrrrt]
1117 3465 1200 3514 eurum
1218 3465 1271 3513 hac
1288 3463 1406 3514 oham

362 3543 415 3578 raus
425 3531 869 3593 ponursamiorumdttbnisfuir,red,
898 3532 1304 3596 ridebunturarrsuteperpenderai.
1324 3529 1407 3584 Qun

362 3596 422 3658 quod
435 3596 556 3644 nonnullo's
571 3597 630 3656 fugit
649 3596 804 3660 Geogrcphos,
820 3614 867 3664 non
899 3597 960 3646 enirn
980 3598 1029 3662 ipse
1041 3599 1194 3647 Pausistratus
1213 3595 1323 3644 Panormi
1338 3595 1409 3644 qu-

361 3659 386 3708 in
399 3661 468 3708 Samo
478 3660 559 3708 insula.
592 3659 647 3708 Erat
657 3662 696 3710 ille
714 3663 737 3708 in
757 3662 866 3726 Ephesio·
897 3661 1027 3726 phesiorum
1046 3678 1085 3710 ora
1104 3673 1245 3718 nuceram
1264 3671 1408 3710 constater

360 3741 415 3774 rum
434 3741 482 3783 ora,
500 3729 566 3790 cujus
583 3727 681 3788 aliquam
700 3739 786 3790 partem
798 3729 868 3776 Samii
899 3729 1057 3791 sequentibus,
1074 3743 1172 3790 quonam
1189 3727 1258 3775 modo
1275 3728 1321 3774 dici
1331 3737 1412 3790 praest

360 3791 492 3840 habebant:
510 3807 563 3855 quae
578 3793 631 3839 ideo
650 3792 724 3840 Samia
745 3801 814 3850 terra,
831 3794 867 3842 vel
899 3793 1051 3858 ideoparrem
1062 3792 1258 3841 naviumsamum
1277 3789 1410 3839 adurlrm

362 3857 499 3922 simpliciter
516 3859 591 3906 Samia
610 3858 741 3914 vocabatur,
761 3870 788 3906 ut
809 3859 867 3924 hasra
900 3857 1033 3920 mitterent
1044 3871 1134 3922 paratus
1141 3859 1171 3910 rit
1182 3859 1210 3905 ad
1222 3857 1412 3920 aggrediendum,

362 3927 478 4036 cptppi'lg.
489 3934 513 3971 et
526 3925 562 3972 13.
578 3923 867 4038 penidlbslpamduimd'
899 3923 938 4036 upi
954 3940 1011 3988 opus
1029 3923 1099 3972 luerit
1109 3925 1129 4036 ll
1145 3923 1196 4000 lrpo
1208 3923 1292 4035 ¹lirrlius
1302 3923 1411 4034 Ἢῑ

359 4003 373 4035 e
406 4005 419 4035 a
464 4003 607 4038 amornsua.
654 4004 684 4035 ι.
766 4001 866 4038 ..x1v.
899 4005 911 4036 a
950 4005 980 4037 eo
999 4001 1088 4054 portem
1109 4003 1186 4037 canu
1236 4001 1320 4034 arram
1401 4021 1412 4049 ,

360 4056 618 4182 Μὲἒὸιξὲωεειοτῗῗῖηι]
643 4118 810 4182 Mancipstum,
825 4118 866 4165 ad·
898 4053 1412 4182 ᾞΞηῑῗΐωὶῗξὲῐτᾞίᾙτῗ

361 4183 457 4232 dictum.
491 4186 544 4234 l=loc
561 4186 657 4236 verbum
673 4186 764 4249 proprie
784 4184 866 4232 dicitur
896 4181 1413 4245 tegrumhicorationismbrumeacidboe‚

358 4249 389 4296 de
409 4249 568 4328 gladiatoribus
583 4266 683 4328 operam·
692 4265 755 4297 suam
774 4250 866 4311 saugui-
898 4251 963 4314 quale
976 4262 1052 4298 essct:
1078 4253 1122 4312 ipss
1139 4248 1246 4297 Panormi
1259 4247 1367 4304 onum,
1380 4255 1412 4292 ¹ss

362 4315 777 4448 mlnlqleddlllffalrldbffnllldl'lrot.
787 4378 829 4430 st.
839 4379 867 4427 ad
896 4324 1057 4446 poqqtrqppppe
1066 4375 1307 4438 rimundus-roan]
1330 4375 1414 4438 ΑΨ

359 4453 419 4492 xxt.
431 4443 473 4492 ts.
900 4461 1002 4497 errorem
1012 4443 1156 4496 simulatione
1165 4440 1327 4504 negligentias·

393 4505 418 4542 ³¹
437 4505 530 4559 Parion
547 4511 638 4561 Surum
655 4513 685 4560 ad
703 4511 779 4560 urbem
795 4511 870 4561 nisit:
1395 4515 1403 4529 '
