3026 5164
392 397 477 470 MR.
490 396 637 457 xxxix.
658 397 741 456 CAP.
755 397 852 458 xvtt.
1078 407 1137 462 413

99 555 113 589 ‘
129 577 200 619 nem
212 554 817 637 disciplinamsacrificandi,praeterquam
823 545 1148 634 moreRomano„abo-
1162 579 1196 631 υ,
1207 581 1237 632 c,
1246 580 1304 632 566.

101 646 113 676 ‘
131 643 251 706 lerent?
267 641 454 705 iudicabant
474 642 555 702 enim
568 642 793 723 prudentissimi
806 642 861 703 viri
875 643 974 705 omnis
984 643 1077 705 divini
1091 644 1148 706 hu-
1162 645 1193 698 Α·
1206 647 1235 697 C·
1250 645 1304 696 18⁶·

102 730 115 762 ‘
132 731 274 812 martique
286 728 374 811 juris,
386 729 462 790 nihil
474 749 555 809 aeque
579 729 776 791 dissolvenda
796 729 950 811 religionis
971 751 1046 810 esse,
1058 752 1149 813 quam

102 819 114 850 ‘
132 819 183 880 nbi
192 838 254 878 non
266 817 375 899 patrio,
386 816 573 877 sedentemo
583 817 642 876 ritu
651 816 883 879 sacrificaretur.
900 816 1063 880 Haecvobis
1073 841 1149 902 prae-

102 905 114 936 ‘
133 905 353 966 dicendatatus
363 923 441 981 sum,
452 923 491 964 ne
501 921 561 983 qua
571 903 746 985 superstitio
757 904 888 984 agitaret
898 905 1014 966 animos
1025 918 1151 985 vestros,

104 991 116 1024 ‘
133 1013 227 1074 quum
242 994 267 1036 ⁶7
280 991 478 1052 demolientes
493 1009 550 1050 nos
565 977 771 1051 Bacchanalia
786 991 1042 1073 discutientesque
1058 987 1148 1056 'nefa-

104 1077 116 1110 ‘
134 1080 195 1141 rios
207 1089 303 1141 coetus
315 1077 486 1140 temeretis.
509 1075 631 1154 Omnia,
641 1075 708 1138 Diis
717 1079 1104 1161 propltiisvolcntibusque,
1114 1101 1151 1142 ea

103 1253 114 1285 ‘
131 1253 332 1316 contaminari
345 1252 470 1333 indigne
479 1251 628 1330 ferebant,
638 1272 678 1312 ex
687 1252 815 1314 occultis
826 1254 999 1314 eatenebris
1008 1255 1040 1315 in
1050 1254 1149 1317 lucem

103 1341 117 1374 ‘
133 1351 339 1402 extraxerunt.
350 1361 408 1401 nec
418 1338 565 1422 patelieri,
578 1348 613 1399 ut
624 1338 765 1420 inpunita
776 1351 889 1416 essent,
900 1339 956 1402 sed
970 1352 1004 1402 ut
1014 1342 1150 1404 vindica-

106 1429 239 1490 ‘rentur
253 1419 554 1509 et'obprimerentur,
579 1425 750 1487 voluerunt.
797 1425 928 1488 Senatus
952 1428 1151 1509 quaestionem

106 1515 224 1577 ‘extra
249 1513 387 1575 ordinem
414 1514 452 1574 de
478 1533 515 1573 ea
540 1533 572 1574 re
588 1512 664 1574 mihi
689 1512 871 1596 collegaque
888 1533 956 1575 meo
972 1515 1149 1576 mandavit:

106 1602 202 1680 ‘nos‚
226 1621 292 1683 quae
317 1601 390 1683 ipsis
416 1599 503 1661 nobis
535 1599 655 1680 agenda
685 1609 766 1677 sunt,
797 1601 915 1683 inpigre
942 1621 1151 1683 exsequemur.

106 1691 118 1725 ‘
134 1687 315 1772 Vigiliarum
331 1699 546 1750 nocturnarum
559 1706 663 1748 curam
673 1698 728 1769 per
739 1687 843 1748 urbem
856 1688 1023 1749 minoribus
1039 1689 1152 1770 magis-

106 1777 118 1810 ‘
134 1777 262 1838 tratibus
276 1775 495 1837 mandavimus.
538 1770 602 1834 Vos
619 1793 748 1855 quoque,
765 1795 883 1856 aequum
899 1787 956 1851 est,
972 1794 1038 1856 quae
1053 1787 1153 1836 vestra

106 1865 117 1896 ‘
135 1864 240 1924 munia
254 1877 335 1940 sunt,
350 1882 411 1945 quo
423 1861 549 1943 quisque
561 1861 629 1922 loco
642 1861 759 1942 positus
772 1862 840 1940 erit,
851 1862 934 1943 quod
944 1863 1152 1944 imperabitur,

106 1951 118 1984 ‘
134 1951 254 2034 inpigre
268 1961 421 2032 praestare,
436 1959 469 2009 et
485 1948 557 2009 dare
572 1968 711 2030 operam,
726 1969 765 2010 ne
781 1947 854 2029 quid
870 1948 976 2011 fraude
992 1949 1152 2011 noxiontm

106 2039 117 2070 ‘
135 2037 263 2120 periculi
280 2051 334 2098 aut
346 2036 494 2098 tumultus
508 2033 642 2097 oriatur.’

151 2122 252 2186 XVll.
268 2123 401 2186 Recitari
418 2122 527 2183 deinde
542 2122 804 2184 senatusconsulta
814 2120 981 2204 jusserunt,
1005 2122 1151 2185 ⁶³i11dici-

104 2231 166 2293 que
193 2211 347 2294 praemium
373 2221 605 2293 proposuerunt,
630 2210 654 2271 si
674 2210 740 2289 quis
755 2227 844 2292 quem
861 2211 901 2272 ad
916 2231 949 2271 se
964 2209 1151 2289 deduxisset,

105 2319 258 2360 nomenve
280 2297 414 2358 absentis
441 2296 609 2358 detulisset.
647 2295 733 2366 ‘Qui
760 2297 932 2358 nominatus
956 2297 1151 2379 profugisset,

93 2387 114 2422 ·‘
132 2386 215 2448 diem
231 2397 346 2446 certam
361 2405 393 2445 se
407 2383 564 2458 finituros3
581 2383 620 2444 ad
635 2404 727 2464 quarn
743 2375 799 2444 nisi
812 2382 923 2445 citatus
936 2385 1151 2466 respondisset,

103 2472 115 2505 ‘
132 2475 242 2534 absens
252 2473 455 2533 damnaretur.
471 2471 496 2530 si
511 2471 579 2552 quis
592 2491 707 2546 eorum,
720 2471 770 2551 qui
787 2483 852 2532 tunt
864 2482 950 2532 extra
961 2483 1073 2532 terram
1087 2468 1150 2532 lta-

105 2561 116 2592 ‘
133 2560 208 2621 liam
224 2570 335 2637 essent,
351 2558 569 2634 nominaretur,
585 2558 612 2617 ei
630 2557 776 2618 laxiorem
793 2557 886 2635 diem,
903 2558 1039 2636 daturos,
1060 2557 1084 2618 si
1099 2577 1152 2617 ve·

106 2647 117 2681 ‘
134 2648 200 2710 nire
216 2647 256 2708 ad
271 2666 408 2707 caussam
425 2644 586 2706 dicendam
613 2642 739 2706 vellet'·
767 2642 936 2706 Edixerunt
951 2643 1071 2722 deinde,
1088 2642 1099 2676 ‘
1114 2663 1152 2704 ne

106 2735 118 2766 ‘
135 2735 203 2816 quis
218 2733 378 2815 quidfugae
390 2753 495 2794 caussa
506 2731 685 2808 vendidisse,
697 2750 771 2792 neve
788 2731 896 2792 emisse
907 2732 1017 2793 vellet:
1035 2731 1152 2813 nequis

108 2823 118 2854 ‘
137 2822 294 2904 reciperet,
310 2820 432 2896 celaret,
444 2839 503 2901 ope
515 2818 577 2879 ulla
587 2817 709 2899 juvaret
724 2817 895 2898 fugientes?
934 2818 1090 2880 Concione
1106 2818 1152 2878 di-

111 2909 216 2986 missa,
227 2923 324 2970 terror
336 2927 462 2987 magnus
475 2907 548 2967 urbe
560 2917 627 2966 tota
643 2905 721 2966 suit:
748 2925 805 2966 nec
821 2905 971 2966 moenibus
986 2926 1018 2967 se
1034 2915 1154 2966 tantum

108 2996 192 3056 urbis
203 3005 256 3056 aut
266 2994 379 3056 linibus
386 2992 532 3054 Romanis
543 2991 714 3065 continuit;
728 2991 781 3052 scd
793 2993 906 3073 passim
917 3013 971 3074 per
981 3001 1077 3053 totam
1091 2989 1153 3052 lta·

109 3083 196 3160 liam,
220 3081 313 3143 literis
339 3081 492 3163 hospitum
519 3079 558 3139 de
585 3079 857 3155 senatusconsulto,
879 3089 911 3140 et
937 3079 1096 3157 concione,
1123 3088 1155 3139 et

109 3170 215 3231 edicto
242 3167 400 3229 consulum
427 3166 572 3248 acceptis,
587 3165 733 3246 trepidari
758 3176 892 3247 coeptum
908 3177 964 3227 est.
1001 3163 1094 3226 Multi
1119 3185 1156 3225 en

109 3269 214 3333 nocte,
225 3276 289 3338 qnae
301 3255 382 3316 diem
393 3255 529 3314 insecuta
539 3267 596 3328 est,
610 3272 670 3332 quo
687 3251 716 3311 in
731 3252 878 3313 concione
894 3273 941 3314 res
956 3253 1058 3335 palam
1075 3252 1157 3314 facta

110 3343 320 3420 est,custodiis
330 3342 413 3402 circa
421 3351 524 3423 portas
533 3339 653 3421 positis,
663 3337 1157 3421 fugientesatriumviriscompre·

110 3431 201 3491 bensi
215 3441 246 3491 et
261 3428 377 3490 reducti
399 3439 490 3488 suntt
518 3426 683 3488 multorum
705 3426 833 3487 nomina
855 3425 967 3489 delata.
981 3426 1103 3507 qnidam
1119 3445 1158 3488 ex

111 3518 150 3579 iis
171 3517 226 3578 viri
255 3515 433 3596 feminaque
465 3525 595 3575 mortem
623 3512 681 3574 sibi
708 3513 931 3575 consciverunt.
976 3511 1318 3596 Conjurassecsptncoo-

113 3623 206 3687 supra
221 3618 338 3686 septem
364 3601 462 3662 millia
477 3601 609 3662 virorum
636 3620 671 3660 ac
698 3599 856 3661 mulierum
887 3600 1076 3662 dicebantur.
1107 3593 1298 3661 wintrione.

112 3692 180 3774 pita
196 3703 297 3752 autern
314 3687 532 3770 conjurationis
550 3687 713 3749 constabat
728 3708 806 3764 esse,
824 3690 849 3726 ⁸⁹
863 3685 910 3748 nl.
926 3699 958 3750 et
968 3686 1005 3749 C.
1017 3686 1160 3749 Antiuios

113 3777 153 3837 tle
170 3778 258 3859 plebe
275 3775 425 3855 Romana,
450 3787 482 3838 et
508 3774 658 3836 Faliscum
685 3772 720 3836 L.
741 3773 946 3856 Opiternium,
970 3787 1000 3837 et
1027 3773 1159 3836 Minium
1283 3817 1297 3852 ,

113 3863 285 3925 Cerrinium
316 3862 529 3944 Campanum:
570 3863 609 3923 ab
637 3861 683 3922 his
709 3862 812 3922 omnia
835 3861 970 3923 facinora
993 3873 1024 3923 et
1047 3861 1162 3941 flagitia

114 3964 206 4013 orta:
230 3971 283 4012 eos
306 3951 455 4010 maximos
472 3948 646 4011 sacerdotes
662 3948 894 4030 conditoresque
910 3946 975 4031 ejus
991 3949 1069 4010 sacri
1085 3968 1161 4034 esse.

145 4097 169 4137 θ7
188 4097 330 4148 Denrolienlee
352 4132 383 4146 ..
402 4132 432 4146 ..
456 4095 617 4159 Bacchanalia]
654 4096 694 4144 ted
722 4097 822 4145 refertur
847 4097 874 4145 ad
897 4113 932 4168 eg
946 4113 997 4160 qurc
1020 4100 1161 4162 praecedunt.

112 4163 163 4214 Hic
183 4179 207 4214 et
229 4165 286 4212 inira
307 4163 426 4227 aliquoties
447 4163 620 4210 bacchanalium
655 4161 794 4210 Promittant
806 4163 925 4227 praemium
945 4164 1025 4220 indici,
1041 4165 1059 4211 ti
1071 4165 1161 4226 quicto

113 4231 207 4279 nomine
219 4231 364 4291 designantur
374 4228 462 4285 locs,in
471 4229 551 4292 quibat
559 4243 621 4275 sacra
654 4239 698 4287 est,
711 4229 750 4290 qui
760 4228 797 4276 vel
807 4230 906 4292 aliquem
924 4230 1053 4278 deduxisset
1065 4233 1092 4278 ed
1104 4247 1161 4280 con·

112 4297 150 4344 ille
163 4297 248 4343 nefaria
260 4296 439 4344 celebrabantur.
653 4292 723 4350 sulen,
733 4293 769 4340 vel
781 4310 865 4342 nomen
876 4296 977 4346 absentis
988 4295 1117 4345 detulisset.

145 4359 169 4394 ⁶³
187 4361 302 4422 indicique
321 4363 435 4420 premium
456 4367 621 4421 pmynaternnt,
684 4355 706 4393 θ)
717 4357 754 4406 M.
764 4367 786 4406 et
808 4361 834 4410 C.
847 4361 941 4424 Atinios]
972 4364 1050 4410 Antea
1067 4362 1161 4424 legeba-

112 4425 213 4489 eiqtiis]
240 4427 382 4474 Mutavimus
401 4425 619 4487 interpunctionem,
653 4422 747 4481 ruant.
768 4434 788 4470 et
807 4423 835 4472 L.
856 4425 959 4475 Culinict.
995 4427 1161 4487 Corrigendum

113 4507 166 4554 qua
188 4491 266 4540 vitiosa
299 4503 332 4539 est
361 4493 385 4538 ln
413 4477 526 4553 ple'risque
549 4489 620 4536 libris.
652 4490 727 4538 levent
738 4491 801 4537 bunc
812 4505 912 4540 errorem
923 4504 1079 4543 monstravere
1091 4495 1160 4559 Sigo-

113 4555 199 4620 Siquis
214 4572 260 4606 non
275 4569 310 4606 eet
329 4547 422 4605 initium
441 4571 506 4604 nora
527 4555 623 4618 periodi,
656 4556 707 4604 ttius
717 4567 742 4605 et
753 4555 891 4610 Gronovius.
