3068 5186
373 362 452 423 LIB.
465 361 638 422 XXXVIII.
658 361 740 422 CAP.
753 361 839 423 XXI.
1067 365 1128 428 857

93 511 251 595 sagittarii,
271 525 303 578 et
322 515 500 595 funditores,
513 518 540 562 ⁷⁶
550 526 583 578 et
594 513 701 592 Tralli,
721 525 777 594 etu
790 511 938 576 'I'lrracesr
968 513 1056 595 signa
1071 533 1126 596 pe-
1139 533 1172 583 υ,
1183 533 1212 585 c,
1225 539 1283 591 563.

92 599 198 678 ditum,
219 614 255 662 ut
276 623 329 684 per
351 603 489 678 arduum,
503 602 564 664 leni
586 601 683 684 gradu
703 600 864 679 ducuntur,
883 601 927 663 ita
940 621 1001 685 prae
1023 621 1055 662 se
1070 600 1126 660 ha·
1140 601 1279 657 A.c.189.

91 685 226 748 bentium
241 701 338 766 scrita,
352 701 387 751 ut
407 689 531 750 missilia
546 696 665 751 tantum
678 687 819 766 vitarent,
834 687 912 770 pede
927 687 1049 749 conlato
1064 707 1130 748 noo'

91 772 261 835 viderentur
275 775 449 857 pugnaturi.
505 772 672 836 Misellibus
687 791 726 834 ex
741 774 899 838 intervallo
913 774 973 835 loci
989 773 1126 856 proelium
1140 797 1263 848 Pronum·

94 860 285 921 commissum
300 872 357 939 est,
372 861 470 944 primo
486 881 552 943 par,
566 859 670 922 Gallos
694 860 764 922 loco
784 859 957 942 adjuvante,
972 859 1128 923 Romanos
1139 865 1264 915 commini-

92 945 237 1007 varietate
267 957 299 1008 et
324 948 413 1030 copia
434 947 572 1010 telorum.
631 946 819 1010 Procedente
848 947 1024 1025 certamine,
1053 946 1128 1010 nihil
1140 943 1186 981 ⁸⁰¹·

88 1030 152 1114 jam
168 1033 243 1113 aequi
264 1043 339 1096 erat.
363 1045 450 1097 scuta
470 1034 572 1116 longa,
587 1045 721 1096 ceterum
744 1034 784 1096 ud
808 1033 1038 1117 amplitudinem
1061 1054 1129 1094 cor·

94 1137 202 1202 porum
219 1139 324 1200 parum
349 1121 423 1199 lata,
447 1133 478 1182 et
504 1141 541 1182 ea
563 1122 630 1203 ipsa
644 1120 745 1203 plana,
760 1121 840 1182 male
854 1121 1000 1202 tegebant
1014 1118 1129 1182 Gallos.

93 1203 159 1266 Nec
170 1203 236 1286 jam
251 1206 314 1268 tela
323 1207 410 1269 ulia¹
426 1206 590 1284 habebant,
606 1219 712 1290 praeter
726 1206 860 1287 gladios:
884 1227 1022 1288 quorum,
1038 1201 1131 1288 quum

92 1311 216 1353 manum
236 1293 332 1354 hostis
347 1315 409 1356 non
425 1304 606 1372 consereret,
620 1293 718 1354 nullus
733 1313 802 1354 usus
825 1303 900 1354 erat.
944 1290 1058 1371 ·Saxis‚
1073 1311 1130 1354 nec

93 1377 233 1456 modicis,
248 1391 283 1442 ut
297 1400 363 1462 quae
384 1401 446 1442 nou
467 1391 694 1463 praeparassent,
716 1379 770 1440 sed
784 1380 866 1461 quod
888 1379 995 1463 cuique
1016 1389 1131 1440 temere

92 1465 259 1545 trepidanti
287 1467 325 1528 ad
348 1487 470 1530 manum
493 1467 634 1542 venisset,
654 1469 680 1512 ⁷⁷
689 1477 724 1526 ut
749 1466 871 1543 insueti,
894 1485 951 1526 nec
981 1477 1046 1526 arte
1076 1483 1131 1526 nec

92 1551 204 1611 viribus
228 1545 405 1633 adjuvantes
429 1554 534 1630 ictum,
553 1553 723 1614 utebantur.
747 1551 877 1632 sagittis,
900 1551 1022 1632 glande,
1043 1550 1271 1640 lacu'Misdltbus

93 1635 130 1696 lis
160 1637 273 1699 incauti
304 1639 343 1700 ab
372 1639 454 1700 omni
482 1649 568 1720 parte
592 1637 833 1720 configebantur:
859 1659 928 1716 nec,
958 1638 1030 1719 quid
1060 1658 1132 1719 age·
1145 1654 1269 1706 cellime-

94 1733 172 1800 rent‚
193 1723 238 1784 ira
263 1735 295 1787 et
317 1745 429 1806 pavore
455 1725 615 1806 obcaecatis
640 1725 759 1802 animis,
785 1725 965 1787 cernebant:
993 1734 1025 1787 et
1048 1725 1237 1796 erautbttltur·

95 1807 275 1891 deprehensi
290 1831 401 1891 genere
416 1831 533 1895 pugnae,
549 1811 579 1871 in
595 1811 677 1892 quod
693 1811 816 1873 minime
838 1812 902 1894 apti
917 1821 995 1874 sunt.
1052 1810 1135 1874 Nam

96 1895 353 1977 quemadmodum
376 1899 525 1976 cominus,
548 1898 599 1959 ubi
626 1899 657 1960 in
680 1897 777 1958 vicem
793 1898 860 1979 pati
884 1908 915 1959 et
939 1897 1048 1960 inferre
1070 1899 1134 1960 vul·

95 2001 168 2044 nera
185 1983 266 2062 licet,
285 1984 427 2045 accendit
448 1985 493 2045 ira
517 1985 635 2046 ammos
660 2005 778 2064 eorum3
805 1985 861 2061 ita,
882 1984 934 2046 ubi
956 2006 996 2046 ex
1014 1984 1135 2046 occulto

96 2079 127 2130 et
155 2069 259 2151 procul
288 2069 400 2132 levibus
429 2070 498 2131 telis
527 2071 730 2149 vulnerantur,
756 2090 824 2148 nec,
852 2090 912 2151 quo
939 2083 1028 2133 ruant
1056 2092 1136 2132 caeco

96 2152 213 2236 inpetu,
231 2155 353 2234 habent,
376 2157 458 2218 velut
484 2157 553 2218 lerae
576 2156 726 2219 transfixae
748 2157 777 2217 in
800 2177 870 2220 suos
895 2168 1009 2219 temere
1035 2158 1136 2219 ineur-

96 2251 177 2302 runt.
235 2240 410 2324 Detegebat
434 2243 558 2304 vulnera
583 2263 699 2320 eorum,
725 2243 807 2324 quod
836 2243 909 2304 nudi
933 2254 1081 2326 pugnant,
1105 2253 1138 2305 et

97 2340 168 2390 sunt
181 2327 286 2389 ⁷⁸firsa
304 2339 336 2390 et
356 2329 488 2390 candida
501 2351 637 2412 corpora,
656 2331 682 2375 ⁷⁹
693 2340 728 2390 ut
743 2350 807 2410 quae
818 2349 1003 2410 numquam,
1025 2330 1080 2391 nisi
1103 2330 1136 2390 in

94 2433 211 2496 pugna,
223 2414 391 2477 nudentur:
415 2416 458 2476 ita
476 2428 509 2477 et
527 2417 597 2497 plus¹
610 2415 763 2496 sanguinis
779 2437 795 2475 e
811 2416 909 2477 multa
924 2435 1013 2477 carne
1027 2415 1137 2477 funde·
1174 2411 1176 2418 ’

95 2499 198 2578 batur,
213 2512 245 2562 et
259 2501 399 2564 loediores
410 2501 556 2584 patebant
571 2501 677 2585 plagae,
689 2514 721 2562 et
734 2501 849 2566 candor
863 2521 1024 2582 corporum
1039 2500 1137 2582 magis

96 2587 244 2667 sanguine
266 2598 333 2648 atro
354 2587 569 2648 maculabatur.
629 2585 692 2648 Sed
710 2608 772 2648 non
795 2597 859 2648 tam
875 2589 1048 2669 patentibus
1070 2587 1138 2669 pla·

96 2671 142 2753 gis
168 2685 335 2735 moventur.
365 2673 518 2735 interdum
546 2674 572 2711 ⁸⁰
583 2673 700 2734 insecta
728 2684 810 2750 cute,
838 2674 890 2734 ubi
919 2673 1020 2751 latior,
1046 2693 1139 2754 quam

98 2758 198 2837 altior,
221 2759 311 2842 plaga
333 2770 390 2838 est,
412 2759 505 2820 etiam
527 2759 686 2840 gloriosius
708 2779 740 2820 se
763 2779 898 2840 pugnare
920 2771 1041 2842 putant.
1097 2759 1138 2822 li-

99 2845 179 2924 dem,
210 2865 303 2926 quum
333 2847 454 2907 aculeus
491 2845 609 2926 sagitta
643 2856 697 2906 aut
727 2845 858 2926 glandis,
887 2846 997 2909 abditae
1025 2847 1139 2908 intror-

99 2951 158 3010 sus,
182 2932 267 2994 tenui
286 2932 417 2995 'vulnere
447 2932 478 2994 iu
507 2931 640 3013 speciem
673 2931 743 3010 urit,
774 2942 806 2993 et
831 2935 854 2970 ⁸¹
869 2943 1047 3016 scrutantes,
1074 2953 1140 3014 quar

99 3018 221 3096 vellant,
246 3019 340 3089 telum
365 3038 426 3079 non
451 3017 585 3099 sequitur
591 3039 602 3095 3
632 3027 707 3094 tum,
735 3018 765 3079 in
793 3017 907 3079 rabiem
933 3028 966 3080 et
991 3019 1139 3101 pudorem

101 3115 163 3166 tam
181 3125 281 3187 parvae
303 3104 479 3188 perimentis
502 3103 596 3184 pestis
611 3103 700 3181 versi,
720 3113 917 3186 prosteruunt
939 3125 1069 3187 corpora
1081 3104 1140 3165 hu·

100 3191 152 3270 mi,
174 3191 217 3253 sic
240 3201 275 3254 ut
299 3191 412 3274 passim
435 3190 680 3273 procumberent.
735 3188 808 3268 Alii,
825 3201 945 3252 ruentes
961 3190 994 3250 in
1009 3191 1142 3270 hostem,

351 3373 364 3397 “
374 3372 396 3413 rt
405 3362 451 3413 del.
462 3365 536 3416 θεοῦ.
549 3365 619 3414 Creu.
683 3364 752 3438 fallu
763 3363 807 3414 del.
820 3367 888 3415 Creu.
908 3399 910 3404 .

131 3500 154 3540 ⁷⁶
166 3502 196 3552 Et
208 3502 282 3552 Tralli
292 3501 395 3567 tam]
414 3505 474 3566 Iege
491 3519 545 3553 oum
567 3503 605 3552 Sl·
636 3503 769 3553 vertitatem
786 3503 976 3553 euomuetudine
985 3502 1143 3551 Romanorum

102 3569 175 3628 genio,
183 3579 204 3616 ct
214 3568 296 3626 Tralli,
304 3577 326 3617 ct
336 3567 435 3617 Tbrucet.
460 3570 532 3618 Tralli
543 3569 605 3617 euim
637 3583 662 3618 et
673 3569 815 3627 Graecorum,
829 3571 889 3634 apud
906 3585 963 3633 quoe
975 3569 1083 3632 frequent
1093 3567 1143 3616 bal-

102 3644 152 3682 nnt
170 3648 222 3686 non,
238 3649 253 3683 e
272 3635 380 3690 Thracia,
398 3635 438 3684 aed
456 3651 486 3683 cx
505 3635 605 3700 lllyrIcu.
637 3633 676 3683 uei
686 3647 710 3682 et
719 3635 829 3699 palaestrae
838 3651 903 3684 urus.
1058 3673 1060 3680 .

100 3696 155 3801 wli
162 3715 239 3812 epyro,
249 3701 377 3811 'mill
388 3710 412 3746 ct
424 3711 520 3810 xxxtrdt.
530 3703 555 3748 t.
638 3763 650 3812 1
670 3698 813 3776 wem
828 3695 891 3764 cute]
916 3699 1060 3812 lpmhum
1080 3711 1143 3748 cute.

103 3827 152 3878 est.
162 3761 428 3893 efffiflmffi
435 3778 607 3894 sibilli-
639 3775 785 3894 ..lilii-ill
797 3776 932 3894 {dlllnlpll
941 3785 983 3878 '’e-t
996 3775 1143 3906 illnlffll

103 3893 348 3942 cedentiaaemodlcls.
384 3893 502 3942 surianae
513 3895 608 3944 modicia
638 3893 711 3943 telum
723 3911 768 3958 quo
779 3895 890 3944 vulnerati
900 3905 966 3942 sunt:
984 3905 1053 3955 etqua
1065 3909 1097 3942 uc
1108 3895 1144 3941 di·

105 3959 235 4017 utebantur,
250 3971 285 4016 et,
298 3971 377 4022 utpote
399 3958 492 4015 nsueti,
505 3963 536 4007 ita
553 3969 608 4008 ute·
638 3960 714 4008 latetis
729 3960 811 4026 plagis,
827 3975 856 4008 eo
871 3975 897 4010 se
915 3959 1034 4021 glcrimius
1045 3973 1146 4022 pugnare

103 4023 194 4083 bantur,
202 4037 229 4073 ur
243 4039 287 4072 uec
298 4039 355 4082 erre,
365 4040 409 4073 neo
420 4023 503 4072 virtu·
515 4023 607 4090 adjuva·
640 4035 731 4089 putant,
744 4025 800 4074 latas
814 4025 862 4074 Illas
877 4026 960 4088 plagas,
971 4032 1081 4086 tanquam
1094 4025 1145 4088 pig-

106 4089 246 4138 rtutictum.
641 4091 853 4149 norrsortitudlnir,
861 4101 1011 4139 ostententer.

138 4153 381 4217 blanuscum]
409 4153 527 4214 latitat
548 4153 609 4202 mul·
673 4153 1000 4218 ⁸¹Smutouterquaeullmt]
1021 4153 1145 4216 laegecum

107 4217 610 4285 nomesentieurnihtlnperummtmt
642 4218 771 4280 Perizonio,
801 4219 862 4267 nulla
890 4235 981 4285 morsu·
1010 4220 1146 4282 mutatione,

100 4273 289 4348 'scabrumqmd
304 4284 609 4349 incerpoributmedleuti·
640 4283 921 4346 mantuanorum
946 4283 1001 4334 Nou
1011 4286 1072 4336 euim
1082 4301 1147 4334 seru·

1221 4361 1223 4366 ¹

35 4443 42 4456 '
109 4431 468 4545 ..a....l“s.’...’'⁹li’”.’.lr.
482 4429 611 4531 labli!
643 4431 859 4534 lelumeveuelot.
872 4429 901 4468 ‘⁸
916 4431 939 4466 ω
991 4433 1007 4464 “
