3080 5196
368 345 428 402 sss
453 321 455 326 ’
790 335 997 400 u1u1u1vu

227 529 234 546 ·
267 499 340 548 ·5⁶2·
367 495 462 558 tribus
477 493 744 576 quinqueremibus
769 493 974 556 circumsistit.
1004 497 1006 502 '
1033 489 1128 554 Navis
1144 489 1250 554 rostris
1264 491 1328 572 icts
1342 490 1412 552 sub-

264 565 337 615 ·¹9⁰·
365 582 520 666 primitur:
545 581 614 642 telis
629 581 797 642 obmuntur
812 589 1069 661 propugnatorem
1096 579 1176 651 inter
1191 597 1267 658 quos
1287 589 1320 638 et
1334 575 1411 638 Pau·

364 670 504 732 sistratus
532 667 652 749 inpigre
682 685 820 749 pugnans
858 665 1047 726 interficitur.
1119 662 1251 726 Navium
1282 663 1410 744 reliqua·

364 776 430 817 rum
447 767 518 816 ente
533 765 654 835 portum
670 753 746 829 alise,
762 753 828 814 eliae
847 752 879 812 in
899 763 992 834 portu
1012 751 1216 834 deprehensae,
1232 749 1371 832 quadam
1392 769 1411 809 a

363 839 532 918 Nicandro,
545 841 571 878 ³⁸
581 839 654 901 dum
677 838 844 900 moliuntur
864 861 885 900 a
906 850 998 913 terra,
1020 849 1128 920 captoe.
1144 839 1277 918 quinque
1293 845 1410 896 tanum

363 925 492 990 Rhodiae
514 947 605 987 naves
628 945 697 986 cum
720 925 835 986 duabus
850 923 922 986 Cois
944 923 1126 1005 effugerunt,
1144 934 1260 984 terrore
1283 921 1410 983 flamma

363 1012 504 1074 micantis
519 1011 568 1072 via
590 1011 646 1072 sibi
670 1013 749 1073 iuter
771 1010 922 1072 confertas
944 1031 1036 1071 naves
1063 1010 1157 1072 facta.
1174 1012 1200 1050 ³⁹
1213 1009 1313 1070 contis
1329 1009 1411 1068 enim

363 1098 442 1160 binis
465 1119 485 1159 a
506 1118 596 1179 prora
619 1096 861 1179 prominentibus
885 1096 984 1159 trullis
1005 1095 1111 1158 ferreis
1131 1095 1262 1158 multum
1278 1111 1409 1176 concep-

321 1179 329 1192 ‘
363 1195 429 1246 tum
454 1185 556 1266 ignem
582 1204 644 1265 prae
671 1203 703 1246 se
729 1184 905 1264 portabant.
962 1180 1126 1265 Erythraeae
1148 1183 1299 1258 triremes,
1318 1199 1411 1261 quum

363 1269 446 1332 haud
460 1269 566 1353 procul
590 1291 608 1330 a
630 1266 723 1330 Samo
740 1268 868 1330 Rhodiis
890 1267 1025 1346 navibus,
1047 1268 1155 1348 quibus
1169 1280 1205 1329 ut
1218 1277 1319 1328 essent
1335 1287 1410 1348 prse-

363 1357 454 1435 sidio,
477 1357 651 1432 veniebant,
674 1356 769 1417 obvias
794 1354 978 1436 fugientibus
1008 1354 1147 1432 fuissent,
1172 1355 1203 1414 iu
1227 1352 1423 1433 Hellespon-⁸

328 1459 331 1468 ’
363 1453 430 1505 tum
455 1443 495 1504 ad
514 1441 676 1504 ‘Romanos
705 1461 824 1503 cursum
850 1451 1034 1502 everterunt.
1079 1437 1157 1502 -sub
1181 1439 1264 1501 idem
1291 1448 1411 1519 tempus

364 1525 509 1590 Seleucus
524 1527 678 1610 proditam
693 1525 865 1604 Pbocaeam,
880 1539 971 1608 porta
992 1544 1054 1588 una
1067 1539 1124 1608 per
1137 1526 1279 1589 custodes
1295 1537 1411 1607 apertu,

363 1616 478 1698 recepit
483 1637 493 1692 3
524 1626 556 1676 et
571 1612 666 1698 Cyme
681 1613 805 1696 aliaeque
828 1610 963 1694 ejusdem
986 1634 1046 1674 orae
1067 1613 1156 1676 urbes
1178 1612 1218 1673 ad
1234 1631 1304 1674 eum
1317 1621 1412 1690 ¹metu

364 1699 549 1763 defecerunt.

350 1804 352 1809 ·
405 1785 478 1849 ΧΙΙ.
500 1785 583 1848 Dum
609 1783 672 1848 haec'
697 1786 729 1848 in
753 1783 879 1849 AEolide
903 1796 1058 1867 geruntur,
1084 1785 1212 1869 Abydus
1237 1805 1331 1866 quum
1357 1803 1411 1866 per

362 1871 479 1954 aliquot
502 1872 567 1934 dies
596 1873 785 1936 obsidionem
810 1873 979 1950 tolerasset,
1004 1871 1144 1954 prasidio
1174 1867 1258 1954 regio
1288 1883 1409 1933 testante

361 1960 486 2036 moenia,
505 1956 571 2039 jam
595 1959 733 2020 omnibus
756 1959 850 2036 fessis,
866 1957 988 2021 Philota
1003 1977 1124 2040 quoque
1146 1957 1289 2040 praefecto
1304 1958 1408 2039 prasi·

362 2045 404 2106 dii
427 2046 634 2126 permittente,
661 2045 855 2126 magistratus
877 2061 982 2106 eorum
1003 2064 1073 2106 cum
1091 2043 1177 2105 Livio
1197 2044 1236 2105 de
1252 2043 1409 2105 conditio·

361 2132 450 2193 nibus
471 2130 624 2194 tradendae
645 2131 727 2191 urbis
750 2131 892 2212 agebant.
917 2148 980 2190 rem
1003 2130 1178 2210 distinebst,
1198 2129 1291 2212 quod,
1306 2139 1410 2190 utrum

362 2219 482 2294 armati,
504 2238 544 2278 eu
568 2217 709 2294 inermes,
725 2217 937 2278 emitterentur
961 2217 1046 2298 regii,
1066 2235 1171 2297 parum
1192 2215 1408 2280 conveniebat.

360 2301 436 2366 Haec
458 2303 618 2386 agentibus
641 2323 732 2383 quum
755 2303 965 2365 intervenisset
986 2303 1113 2363 nuncius
1130 2300 1320 2364 Rhodiorum
1342 2301 1408 2364 clu·

361 2389 420 2467 dis,
443 2389 553 2452 emissa
578 2389 616 2449 de
639 2389 777 2450 manibus
807 2410 854 2451 res
881 2399 938 2451 est.
967 2400 1107 2450 metuens
1133 2388 1214 2450 cuim
1235 2387 1349 2468 Livius,
1366 2405 1408 2449 ue

359 2495 499 2537 successu
522 2486 615 2538 tantae
637 2475 680 2535 rei
703 2476 799 2536 elatus
822 2473 1024 2558 Polyxenidas
1046 2475 1184 2552 classem,
1202 2495 1268 2555 qun
1289 2475 1331 2536 ad
1346 2473 1410 2536 Ca-

345 2579 414 2621 ·nas
440 2571 516 2638 crat,
539 2560 735 2642 obprimeret,
756 2559 857 2644 Abydi
883 2561 1042 2623 obsidione
1068 2560 1267 2642 custodiaque
1283 2557 1410 2624 Helles·

345 2647 448 2728 'ponti
471 2646 627 2728 extemplo
654 2645 770 2724 relicte,
796 2668 897 2725 naves,
922 2666 988 2727 quae
1011 2646 1167 2708 subductae
1187 2644 1278 2708 Canis
1303 2661 1409 2726 eraut,

358 2732 496 2794 deduxit.
553 2729 595 2793 Et
610 2730 761 2794 Eumenes
775 2730 889 2795 Elaeam
911 2735 1004 2796 venit.
1061 2731 1163 2795 Livius
1188 2733 1267 2794 omui
1291 2733 1410 2811 classe,

358 2819 407 2879 cui
432 2818 612 2900 adjunxerat
639 2819 778 2881 triremes
808 2819 882 2881 duas
907 2817 1107 2903 Mitylenaeas,
1131 2818 1287 2881 Phocaeam
1309 2821 1411 2902 petit.

357 2925 449 2985 quam
470 2924 564 2984 quum
585 2906 684 2968 teneri
705 2905 805 2967 valido
824 2906 911 2986 regio
934 2906 1072 2985 praesidio
1095 2905 1240 2984 audisset,
1255 2925 1314 2968 uec
1330 2927 1409 2988 pro-

356 2991 405 3052 cul
429 2987 548 3053 Seleuci
570 3003 669 3053 castra
694 3012 780 3068 cssc3
810 2991 1012 3075 depopulatus
1040 2992 1227 3053 maritimam
1252 3011 1350 3069 oram,
1374 3005 1411 3056 et

354 3077 457 3159 praeda
480 3079 613 3140 maxime
631 3079 788 3140 hominum
811 3079 922 3160 raptim
949 3078 981 3138 in
1007 3098 1098 3140 naves
1124 3077 1269 3161 inposita,
1284 3090 1410 3140 tanturm

354 3175 501 3242 moratus,
527 3163 600 3226 dum
623 3163 776 3226 Eumenes
802 3184 871 3225 cum
898 3163 996 3226 classe
1022 3165 1247 3245 adsequeretur,
1275 3162 1409 3226 Samum

188 3247 335 3298 Rhodiorum
354 3261 458 3334 petere
481 3251 625 3313 intendit.
656 3242 660 3250 ¹
684 3249 813 3312 Rhodiis
828 3250 927 3332 primo
951 3251 1056 3313 audita
1082 3250 1183 3312 clades
1201 3250 1293 3311 simul
1309 3271 1409 3332 pavo-

185 3313 270 3364 ιω·
346 3351 429 3418 ¹rem,
445 3337 533 3400 simul
559 3338 675 3400 luctum
700 3337 857 3418 ingentem
871 3337 954 3398 fecit.
978 3357 1060 3416 nam,
1076 3347 1183 3420 prater
1197 3336 1323 3398 navium
1345 3335 1408 3397 mi-

354 3424 501 3506 litumque
525 3423 688 3505 jacturam,
713 3423 795 3504 quod
818 3423 909 3501 lloris,
934 3424 1016 3504 quod
1043 3424 1157 3485 roboris
1184 3424 1217 3485 in
1242 3420 1408 3504 juveutute

354 3510 463 3587 fuerat,
488 3510 670 3586 amiserant3
702 3512 728 3548 ⁴⁰
743 3509 846 3571 multis
870 3510 1022 3571 nobilibus
1052 3510 1164 3572 secutis
1194 3510 1274 3572 iuter
1300 3522 1410 3574 cetera

354 3597 568 3658 auctoritatem
598 3595 786 3674 Pausistrati,
816 3614 882 3676 quoe
913 3597 992 3658 inter
1022 3616 1092 3656 suos
1128 3596 1238 3656 merito
1268 3599 1411 3658 maxima

353 3693 428 3745 erat.
456 3681 577 3759 deiude,
605 3682 688 3763 quod
713 3681 819 3744 fraude
847 3683 943 3764 capti,
969 3682 1052 3763 quod
1075 3703 1094 3742 a
1117 3681 1182 3742 cive
1204 3681 1411 3762 potissimum

352 3790 407 3830 suo
422 3768 533 3846 forent,
548 3769 580 3830 in
601 3769 677 3830 iram
700 3768 799 3832 luctus
821 3769 920 3831 vertit.
989 3767 1105 3829 Decem
1123 3767 1280 3849 extemplo
1299 3787 1413 3846 naves,

353 3867 385 3918 et
406 3855 511 3919 diebus
532 3865 604 3938 post
623 3855 727 3940 paucis
750 3853 857 3918 decem
879 3855 964 3933 alias,
978 3853 1123 3937 praefecto
1146 3853 1282 3916 omnium
1297 3850 1414 3918 Euda·

385 4075 407 4110 ³⁸
416 4072 431 4103 ⁸
440 4073 503 4122 Dum
517 4075 640 4123 moliuntur
654 4093 668 4124 c
683 4073 752 4137 terro]
770 4074 836 4125 Dum
847 4094 862 4125 a
892 4074 921 4124 lts
936 4075 984 4125 sire
995 4074 1051 4126 vasis
1061 4075 1150 4134 ferreis,
1159 4091 1211 4142 quse
1222 4077 1316 4140 quidem
1329 4071 1415 4124 trulla

352 4151 413 4189 terra
430 4155 479 4188 sess
498 4141 522 4188 in
538 4140 610 4188 altum
630 4155 763 4204 promovere
780 4143 860 4189 uituu-
892 4143 1079 4193 sustentabantur
1094 4143 1177 4200 comis,
1190 4141 1238 4191 rivc
1255 4142 1349 4206 penicis
1367 4141 1418 4190 bi-

351 4217 398 4252 tur.
430 4205 458 4252 lu
474 4219 499 4252 re
512 4203 580 4253 simili
592 4205 643 4254 Cic.
655 4207 679 4254 in
689 4207 758 4256 Verr.
770 4205 787 4254 l.
799 4220 823 4256 v.
833 4222 859 4257 o.
893 4209 928 4257 nts
938 4224 952 4254 a
963 4223 1027 4272 prora
1039 4207 1227 4272 prominentibus.

353 4269 392 4316 88.
408 4277 482 4318 cetrrae
499 4285 564 4318 acm
582 4285 621 4318 nso
639 4273 664 4320 in
678 4272 723 4321 loco
744 4272 860 4326 mclicbcu-
924 4271 1063 4321 ⁴⁰*Muuts
1080 4273 1188 4322 nobilibus
1204 4271 1296 4334 nemu]
1323 4271 1418 4322 eum

354 4339 400 4380 tur.
893 4337 961 4386 multi
977 4338 1065 4386 nobiles
1076 4337 1135 4388 hauc
1151 4337 1246 4386 clamem
1259 4339 1420 4387 conscendis-

385 4395 592 4470 ³¹’'Corutr‘seru'm]
605 4399 729 4450 Portabsut
741 4401 860 4452 calmillas
892 4414 952 4462 seut,
970 4415 1021 4451 tum
1043 4405 1072 4455 ob
1091 4416 1178 4468 cetera,
1200 4413 1252 4455 tutu
1272 4404 1302 4454 ob
1320 4404 1420 4460 imm

353 4475 422 4512 nares
432 4474 531 4516 rou-tun
541 4466 618 4527 iguem
634 4480 755 4518 recensum
766 4469 790 4520 iu
800 4468 860 4520 ttul-
893 4467 1033 4522 Pausistrati.
