<?xml version="1.0" encoding="UTF-8"?>
<!DOCTYPE html PUBLIC "-//W3C//DTD XHTML 1.0 Transitional//EN"
    "http://www.w3.org/TR/xhtml1/DTD/xhtml1-transitional.dtd">
<html xmlns="http://www.w3.org/1999/xhtml" xml:lang="en" lang="en">
 <head>
  <title>
</title>
<meta http-equiv="Content-Type" content="text/html;charset=utf-8" />
  <meta name='ocr-system' content='tesseract 3.04.00' />
  <meta name='ocr-capabilities' content='ocr_page ocr_carea ocr_par ocr_line ocrx_word'/>
</head>
<body>
  <div class='ocr_page' id='page_1' title='image "./tliviipatavinih00grongoog_0263.png"; bbox 0 0 3080 5196; ppageno 0'>
   <div class='ocr_carea' id='block_1_1' title="bbox 421 356 1179 436">
    <p class='ocr_par' dir='ltr' id='par_1_1' title="bbox 421 356 1179 436">
     <span class='ocr_line' id='line_1_1' title="bbox 421 356 1179 436; baseline 0.004 -5"><span class='ocrx_word' id='word_1_1' title='bbox 421 368 499 432; x_wconf 85' lang='lat' dir='ltr'><strong>LlB.</strong></span> <span class='ocrx_word' id='word_1_2' title='bbox 513 363 657 435; x_wconf 79' lang='lat' dir='ltr'><strong>XXXVI.</strong></span> <span class='ocrx_word' id='word_1_3' title='bbox 673 366 754 428; x_wconf 77' lang='lat' dir='ltr'>CAP.</span> <span class='ocrx_word' id='word_1_4' title='bbox 767 356 880 428; x_wconf 80' lang='lat' dir='ltr'><strong>xvut.</strong></span> <span class='ocrx_word' id='word_1_5' title='bbox 1114 377 1179 436; x_wconf 56' lang='grc'><strong>953</strong></span> 
     </span>
    </p>
   </div>
   <div class='ocr_carea' id='block_1_2' title="bbox 137 515 1335 606">
    <p class='ocr_par' dir='ltr' id='par_1_2' title="bbox 137 515 1335 606">
     <span class='ocr_line' id='line_1_2' title="bbox 137 515 1335 606; baseline 0.007 -17"><span class='ocrx_word' id='word_1_6' title='bbox 137 523 148 562; x_wconf 80' lang='lat'>‘</span> <span class='ocrx_word' id='word_1_7' title='bbox 162 524 393 603; x_wconf 78' lang='lat' dir='ltr'><strong>ostendendum,</strong></span> <span class='ocrx_word' id='word_1_8' title='bbox 405 527 444 588; x_wconf 88' lang='lat' dir='ltr'><strong>a&#39;rr</strong></span> <span class='ocrx_word' id='word_1_9' title='bbox 456 524 553 586; x_wconf 76' lang='lat' dir='ltr'><strong>muris·</strong></span> <span class='ocrx_word' id='word_1_10' title='bbox 561 521 686 606; x_wconf 87' lang='lat' dir='ltr'><strong>alicujus</strong></span> <span class='ocrx_word' id='word_1_11' title='bbox 697 522 779 586; x_wconf 88' lang='lat' dir='ltr'><strong>urbis</strong></span> <span class='ocrx_word' id='word_1_12' title='bbox 792 515 993 586; x_wconf 77' lang='lat' dir='ltr'><strong>obsidendum</strong></span> <span class='ocrx_word' id='word_1_13' title='bbox 1006 543 1074 589; x_wconf 85' lang='lat' dir='ltr'><strong>sese</strong></span> <span class='ocrx_word' id='word_1_14' title='bbox 1082 523 1186 592; x_wconf 86' lang='lat' dir='ltr'><strong>inclu-·</strong></span> <span class='ocrx_word' id='word_1_15' title='bbox 1194 541 1226 593; x_wconf 56' lang='lat'><strong>111.</strong></span> <span class='ocrx_word' id='word_1_16' title='bbox 1239 543 1268 596; x_wconf 84' lang='lat' dir='ltr'><strong>c,</strong></span> <span class='ocrx_word' id='word_1_17' title='bbox 1279 547 1335 600; x_wconf 81' lang='lat' dir='ltr'><strong>stt.</strong></span> 
     </span>
    </p>
   </div>
   <div class='ocr_carea' id='block_1_3' title="bbox 101 609 1344 3652">
    <p class='ocr_par' dir='ltr' id='par_1_3' title="bbox 137 609 1331 1997">
     <span class='ocr_line' id='line_1_3' title="bbox 138 609 1331 696; baseline 0 -19"><span class='ocrx_word' id='word_1_18' title='bbox 138 615 149 649; x_wconf 86' lang='lat'>‘</span> <span class='ocrx_word' id='word_1_19' title='bbox 162 613 250 676; x_wconf 88' lang='lat' dir='ltr'><strong>serit?</strong></span> <span class='ocrx_word' id='word_1_20' title='bbox 287 611 350 674; x_wconf 88' lang='lat' dir='ltr'><strong>Sed</strong></span> <span class='ocrx_word' id='word_1_21' title='bbox 363 633 460 696; x_wconf 89' lang='lat' dir='ltr'><strong>neque</strong></span> <span class='ocrx_word' id='word_1_22' title='bbox 471 611 658 674; x_wconf 80' lang='lat' dir='ltr'><strong>Antiochum</strong></span> <span class='ocrx_word' id='word_1_23' title='bbox 670 612 867 672; x_wconf 73' lang='lat' dir='ltr'><strong>⁶³tuebrmtur</strong></span> <span class='ocrx_word' id='word_1_24' title='bbox 880 613 1038 693; x_wconf 77' lang='lat' dir='ltr'><strong>angustia,</strong></span> <span class='ocrx_word' id='word_1_25' title='bbox 1053 635 1111 678; x_wconf 86' lang='lat' dir='ltr'><strong>neo</strong></span> <span class='ocrx_word' id='word_1_26' title='bbox 1122 615 1182 679; x_wconf 73' lang='lat' dir='ltr'><strong>AE:</strong></span> <span class='ocrx_word' id='word_1_27' title='bbox 1193 609 1226 658; x_wconf 76' lang='lat' dir='ltr'><strong>A.</strong></span> <span class='ocrx_word' id='word_1_28' title='bbox 1235 611 1263 660; x_wconf 59' lang='grc' dir='ltr'>α</span> <span class='ocrx_word' id='word_1_29' title='bbox 1277 615 1331 666; x_wconf 84' lang='lat'>¹9¹·</span> 
     </span>
     <span class='ocr_line' id='line_1_4' title="bbox 138 695 1180 784; baseline 0.004 -21"><span class='ocrx_word' id='word_1_30' title='bbox 138 701 242 764; x_wconf 90' lang='lat' dir='ltr'><strong>‘tolos</strong></span> <span class='ocrx_word' id='word_1_31' title='bbox 268 700 393 762; x_wconf 85' lang='lat' dir='ltr'><strong>vertices</strong></span> <span class='ocrx_word' id='word_1_32' title='bbox 410 699 465 776; x_wconf 92' lang='lat' dir='ltr'><strong>illi,</strong></span> <span class='ocrx_word' id='word_1_33' title='bbox 492 719 566 780; x_wconf 88' lang='lat' dir='ltr'><strong>quos</strong></span> <span class='ocrx_word' id='word_1_34' title='bbox 582 708 741 782; x_wconf 87' lang='lat' dir='ltr'><strong>ceperunt.</strong></span> <span class='ocrx_word' id='word_1_35' title='bbox 785 695 866 760; x_wconf 84' lang='lat' dir='ltr'><strong>Satis</strong></span> <span class='ocrx_word' id='word_1_36' title='bbox 880 700 1012 782; x_wconf 89' lang='lat' dir='ltr'><strong>undique</strong></span> <span class='ocrx_word' id='word_1_37' title='bbox 1027 703 1180 784; x_wconf 81' lang='lat' dir='ltr'><strong>provisum</strong></span> 
     </span>
     <span class='ocr_line' id='line_1_5' title="bbox 138 783 1181 872; baseline 0.001 -24"><span class='ocrx_word' id='word_1_38' title='bbox 138 787 148 822; x_wconf 91' lang='lat'>‘</span> <span class='ocrx_word' id='word_1_39' title='bbox 162 797 273 867; x_wconf 67' lang='lat' dir='ltr'><strong>etque!</strong></span> <span class='ocrx_word' id='word_1_40' title='bbox 288 797 470 870; x_wconf 82' lang='lat' dir='ltr'><strong>praecautum</strong></span> <span class='ocrx_word' id='word_1_41' title='bbox 482 797 543 863; x_wconf 81' lang='lat' dir='ltr'><strong>est,</strong></span> <span class='ocrx_word' id='word_1_42' title='bbox 556 804 596 846; x_wconf 91' lang='lat' dir='ltr'><strong>ne</strong></span> <span class='ocrx_word' id='word_1_43' title='bbox 612 784 685 866; x_wconf 88' lang='lat' dir='ltr'><strong>quid</strong></span> <span class='ocrx_word' id='word_1_44' title='bbox 701 783 843 846; x_wconf 84' lang='lat' dir='ltr'><strong>adversus</strong></span> <span class='ocrx_word' id='word_1_45' title='bbox 854 805 907 847; x_wconf 87' lang='lat' dir='ltr'><strong>vos</strong></span> <span class='ocrx_word' id='word_1_46' title='bbox 918 785 949 847; x_wconf 88' lang='lat' dir='ltr'><strong>in</strong></span> <span class='ocrx_word' id='word_1_47' title='bbox 961 801 1181 872; x_wconf 77' lang='lat' dir='ltr'><strong>pugnapraeter</strong></span> 
     </span>
     <span class='ocr_line' id='line_1_6' title="bbox 138 871 1182 956; baseline 0.005 -21"><span class='ocrx_word' id='word_1_48' title='bbox 138 873 148 908; x_wconf 89' lang='lat'>‘</span> <span class='ocrx_word' id='word_1_49' title='bbox 163 875 263 935; x_wconf 86' lang='lat' dir='ltr'><strong>hostes</strong></span> <span class='ocrx_word' id='word_1_50' title='bbox 278 883 367 936; x_wconf 89' lang='lat' dir='ltr'><strong>esset.</strong></span> <span class='ocrx_word' id='word_1_51' title='bbox 405 871 484 934; x_wconf 89' lang='lat' dir='ltr'><strong>Illud</strong></span> <span class='ocrx_word' id='word_1_52' title='bbox 499 892 667 956; x_wconf 84' lang='lat' dir='ltr'>proponere</span> <span class='ocrx_word' id='word_1_53' title='bbox 683 871 786 934; x_wconf 90' lang='lat' dir='ltr'><strong>animo</strong></span> <span class='ocrx_word' id='word_1_54' title='bbox 797 883 898 934; x_wconf 87' lang='lat' dir='ltr'><strong>uestro</strong></span> <span class='ocrx_word' id='word_1_55' title='bbox 913 873 1041 953; x_wconf 89' lang='lat' dir='ltr'><strong>debetis,</strong></span> <span class='ocrx_word' id='word_1_56' title='bbox 1056 897 1118 940; x_wconf 92' lang='lat' dir='ltr'><strong>non</strong></span> <span class='ocrx_word' id='word_1_57' title='bbox 1128 899 1182 940; x_wconf 87' lang='lat' dir='ltr'><strong>vos</strong></span> 
     </span>
     <span class='ocr_line' id='line_1_7' title="bbox 139 957 1182 1048; baseline 0.006 -27"><span class='ocrx_word' id='word_1_58' title='bbox 139 963 148 995; x_wconf 91' lang='lat'>‘</span> <span class='ocrx_word' id='word_1_59' title='bbox 164 981 219 1044; x_wconf 91' lang='lat' dir='ltr'><strong>pro</strong></span> <span class='ocrx_word' id='word_1_60' title='bbox 227 957 350 1022; x_wconf 81' lang='lat' dir='ltr'><strong>Graeciae</strong></span> <span class='ocrx_word' id='word_1_61' title='bbox 361 959 502 1022; x_wconf 84' lang='lat' dir='ltr'><strong>libertate</strong></span> <span class='ocrx_word' id='word_1_62' title='bbox 513 971 633 1022; x_wconf 76' lang='lat' dir='ltr'><strong>tannim</strong></span> <span class='ocrx_word' id='word_1_63' title='bbox 646 958 803 1036; x_wconf 90' lang='lat' dir='ltr'><strong>dimicare,</strong></span> <span class='ocrx_word' id='word_1_64' title='bbox 819 957 1015 1044; x_wconf 88' lang='lat' dir='ltr'><strong>(quamquam</strong></span> <span class='ocrx_word' id='word_1_65' title='bbox 1025 963 1051 1024; x_wconf 89' lang='lat' dir='ltr'><strong>is</strong></span> <span class='ocrx_word' id='word_1_66' title='bbox 1063 985 1182 1048; x_wconf 88' lang='lat' dir='ltr'><strong>quoque</strong></span> 
     </span>
     <span class='ocr_line' id='line_1_8' title="bbox 140 1044 1181 1130; baseline 0.005 -21"><span class='ocrx_word' id='word_1_67' title='bbox 140 1048 151 1082; x_wconf 92' lang='lat'>‘</span> <span class='ocrx_word' id='word_1_68' title='bbox 164 1047 301 1130; x_wconf 81' lang='lat' dir='ltr'><strong>egregius</strong></span> <span class='ocrx_word' id='word_1_69' title='bbox 312 1046 418 1110; x_wconf 87' lang='lat' dir='ltr'><strong>titulus</strong></span> <span class='ocrx_word' id='word_1_70' title='bbox 430 1057 520 1124; x_wconf 86' lang='lat' dir='ltr'><strong>esset,</strong></span> <span class='ocrx_word' id='word_1_71' title='bbox 536 1045 696 1108; x_wconf 77' lang='lat' dir='ltr'><strong>liberatam</strong></span> <span class='ocrx_word' id='word_1_72' title='bbox 708 1066 728 1106; x_wconf 90' lang='lat' dir='ltr'><strong>a</strong></span> <span class='ocrx_word' id='word_1_73' title='bbox 738 1044 882 1129; x_wconf 89' lang='lat' dir='ltr'><strong>Philippo</strong></span> <span class='ocrx_word' id='word_1_74' title='bbox 893 1059 975 1126; x_wconf 87' lang='lat' dir='ltr'><strong>ante,</strong></span> <span class='ocrx_word' id='word_1_75' title='bbox 990 1070 1069 1112; x_wconf 89' lang='lat' dir='ltr'><strong>nune</strong></span> <span class='ocrx_word' id='word_1_76' title='bbox 1079 1053 1118 1113; x_wconf 93' lang='lat' dir='ltr'><strong>ab</strong></span> <span class='ocrx_word' id='word_1_77' title='bbox 1127 1049 1181 1114; x_wconf 83' lang='lat' dir='ltr'><strong>AE·</strong></span> 
     </span>
     <span class='ocr_line' id='line_1_9' title="bbox 137 1130 1184 1220; baseline 0.005 -24"><span class='ocrx_word' id='word_1_78' title='bbox 137 1133 233 1196; x_wconf 91' lang='lat' dir='ltr'><strong>‘tolis</strong></span> <span class='ocrx_word' id='word_1_79' title='bbox 249 1145 281 1197; x_wconf 92' lang='lat' dir='ltr'><strong>et</strong></span> <span class='ocrx_word' id='word_1_80' title='bbox 296 1135 335 1196; x_wconf 89' lang='lat' dir='ltr'><strong>ab</strong></span> <span class='ocrx_word' id='word_1_81' title='bbox 349 1133 507 1197; x_wconf 83' lang='lat' dir='ltr'>Antiocho</span> <span class='ocrx_word' id='word_1_82' title='bbox 522 1130 661 1212; x_wconf 85' lang='lat' dir='ltr'><strong>liberare)</strong></span> <span class='ocrx_word' id='word_1_83' title='bbox 685 1151 782 1212; x_wconf 88' lang='lat' dir='ltr'><strong>neque</strong></span> <span class='ocrx_word' id='word_1_84' title='bbox 796 1153 834 1193; x_wconf 91' lang='lat' dir='ltr'><strong>ea</strong></span> <span class='ocrx_word' id='word_1_85' title='bbox 849 1144 969 1196; x_wconf 73' lang='lat' dir='ltr'><strong>tantam</strong></span> <span class='ocrx_word' id='word_1_86' title='bbox 984 1135 1015 1198; x_wconf 93' lang='lat' dir='ltr'><strong>in</strong></span> <span class='ocrx_word' id='word_1_87' title='bbox 1031 1138 1184 1220; x_wconf 80' lang='lat' dir='ltr'><strong>praemium</strong></span> 
     </span>
     <span class='ocr_line' id='line_1_10' title="bbox 138 1219 1185 1301; baseline 0.005 -19"><span class='ocrx_word' id='word_1_88' title='bbox 138 1222 296 1284; x_wconf 79' lang='lat' dir='ltr'><strong>‘uestrum</strong></span> <span class='ocrx_word' id='word_1_89' title='bbox 312 1241 443 1299; x_wconf 84' lang='lat' dir='ltr'><strong>cessura,</strong></span> <span class='ocrx_word' id='word_1_90' title='bbox 459 1239 524 1300; x_wconf 86' lang='lat' dir='ltr'><strong>qure</strong></span> <span class='ocrx_word' id='word_1_91' title='bbox 538 1240 619 1282; x_wconf 87' lang='lat' dir='ltr'><strong>nunc</strong></span> <span class='ocrx_word' id='word_1_92' title='bbox 635 1219 666 1280; x_wconf 90' lang='lat' dir='ltr'><strong>in</strong></span> <span class='ocrx_word' id='word_1_93' title='bbox 681 1220 773 1301; x_wconf 83' lang='lat' dir='ltr'><strong>regiis</strong></span> <span class='ocrx_word' id='word_1_94' title='bbox 788 1220 896 1282; x_wconf 86' lang='lat' dir='ltr'><strong>eastris</strong></span> <span class='ocrx_word' id='word_1_95' title='bbox 919 1232 1009 1284; x_wconf 83' lang='lat' dir='ltr'><strong>sunt:</strong></span> <span class='ocrx_word' id='word_1_96' title='bbox 1032 1224 1086 1286; x_wconf 86' lang='lat' dir='ltr'><strong>sed</strong></span> <span class='ocrx_word' id='word_1_97' title='bbox 1101 1225 1185 1288; x_wconf 91' lang='lat' dir='ltr'><strong>illum</strong></span> 
     </span>
     <span class='ocr_line' id='line_1_11' title="bbox 137 1301 1189 1394; baseline 0.005 -25"><span class='ocrx_word' id='word_1_98' title='bbox 137 1308 149 1341; x_wconf 89' lang='lat'>‘</span> <span class='ocrx_word' id='word_1_99' title='bbox 164 1329 284 1390; x_wconf 91' lang='lat' dir='ltr'><strong>quoque</strong></span> <span class='ocrx_word' id='word_1_100' title='bbox 290 1301 413 1370; x_wconf 90' lang='lat' dir='ltr'><strong>omnem</strong></span> <span class='ocrx_word' id='word_1_101' title='bbox 419 1307 608 1390; x_wconf 85' lang='lat' dir='ltr'><strong>adparatum,</strong></span> <span class='ocrx_word' id='word_1_102' title='bbox 621 1306 672 1387; x_wconf 90' lang='lat' dir='ltr'><strong>qui</strong></span> <span class='ocrx_word' id='word_1_103' title='bbox 682 1306 713 1368; x_wconf 92' lang='lat' dir='ltr'><strong>in</strong></span> <span class='ocrx_word' id='word_1_104' title='bbox 723 1306 789 1380; x_wconf 90' lang='lat' dir='ltr'><strong>dies</strong></span> <span class='ocrx_word' id='word_1_105' title='bbox 798 1305 836 1366; x_wconf 87' lang='lat' dir='ltr'><strong>ab</strong></span> <span class='ocrx_word' id='word_1_106' title='bbox 845 1305 972 1389; x_wconf 77' lang='lat' dir='ltr'><strong>Epheso</strong></span> <span class='ocrx_word' id='word_1_107' title='bbox 981 1321 1189 1394; x_wconf 74' lang='lat' dir='ltr'><strong>exspectatur,</strong></span> 
     </span>
     <span class='ocr_line' id='line_1_12' title="bbox 138 1389 1187 1480; baseline 0.003 -22"><span class='ocrx_word' id='word_1_108' title='bbox 138 1395 269 1479; x_wconf 82' lang='lat' dir='ltr'><strong>‘praedae</strong></span> <span class='ocrx_word' id='word_1_109' title='bbox 277 1395 427 1458; x_wconf 78' lang='lat' dir='ltr'><strong>hunnum:</strong></span> <span class='ocrx_word' id='word_1_110' title='bbox 449 1394 554 1456; x_wconf 84' lang='lat' dir='ltr'>Asiam</span> <span class='ocrx_word' id='word_1_111' title='bbox 566 1393 675 1456; x_wconf 90' lang='lat' dir='ltr'><strong>deinde</strong></span> <span class='ocrx_word' id='word_1_112' title='bbox 688 1389 878 1475; x_wconf 81' lang='lat' dir='ltr'>Syriamque,</span> <span class='ocrx_word' id='word_1_113' title='bbox 887 1405 919 1456; x_wconf 90' lang='lat' dir='ltr'><strong>et</strong></span> <span class='ocrx_word' id='word_1_114' title='bbox 928 1396 1033 1457; x_wconf 90' lang='lat' dir='ltr'><strong>omnia</strong></span> <span class='ocrx_word' id='word_1_115' title='bbox 1041 1418 1135 1480; x_wconf 86' lang='lat' dir='ltr'><strong>usque</strong></span> <span class='ocrx_word' id='word_1_116' title='bbox 1145 1397 1187 1461; x_wconf 90' lang='lat' dir='ltr'><strong>ad</strong></span> 
     </span>
     <span class='ocr_line' id='line_1_13' title="bbox 137 1477 1186 1564; baseline 0.003 -20"><span class='ocrx_word' id='word_1_117' title='bbox 137 1481 149 1513; x_wconf 89' lang='lat'>‘</span> <span class='ocrx_word' id='word_1_118' title='bbox 163 1493 246 1544; x_wconf 90' lang='lat' dir='ltr'><strong>ortus</strong></span> <span class='ocrx_word' id='word_1_119' title='bbox 258 1481 329 1544; x_wconf 88' lang='lat' dir='ltr'><strong>solis</strong></span> <span class='ocrx_word' id='word_1_120' title='bbox 341 1481 490 1544; x_wconf 86' lang='lat' dir='ltr'><strong>ditissima</strong></span> <span class='ocrx_word' id='word_1_121' title='bbox 499 1501 593 1562; x_wconf 87' lang='lat' dir='ltr'><strong>regna</strong></span> <span class='ocrx_word' id='word_1_122' title='bbox 603 1478 731 1562; x_wconf 90' lang='lat' dir='ltr'><strong>imperio</strong></span> <span class='ocrx_word' id='word_1_123' title='bbox 744 1477 883 1542; x_wconf 85' lang='lat' dir='ltr'><strong>Romano</strong></span> <span class='ocrx_word' id='word_1_124' title='bbox 900 1493 1068 1564; x_wconf 84' lang='lat' dir='ltr'><strong>aperturos.</strong></span> <span class='ocrx_word' id='word_1_125' title='bbox 1103 1485 1186 1555; x_wconf 84' lang='lat' dir='ltr'><strong>Quid</strong></span> 
     </span>
     <span class='ocr_line' id='line_1_14' title="bbox 137 1563 1186 1648; baseline 0.003 -18"><span class='ocrx_word' id='word_1_126' title='bbox 137 1567 148 1601; x_wconf 95' lang='lat'>‘</span> <span class='ocrx_word' id='word_1_127' title='bbox 163 1569 274 1631; x_wconf 88' lang='lat' dir='ltr'><strong>deinde</strong></span> <span class='ocrx_word' id='word_1_128' title='bbox 297 1569 403 1646; x_wconf 89' lang='lat' dir='ltr'><strong>aberit,</strong></span> <span class='ocrx_word' id='word_1_129' title='bbox 430 1569 502 1648; x_wconf 92' lang='lat' dir='ltr'><strong>quin</strong></span> <span class='ocrx_word' id='word_1_130' title='bbox 525 1568 564 1629; x_wconf 91' lang='lat' dir='ltr'><strong>ab</strong></span> <span class='ocrx_word' id='word_1_131' title='bbox 579 1563 715 1628; x_wconf 78' lang='lat' dir='ltr'><strong>Gadibus</strong></span> <span class='ocrx_word' id='word_1_132' title='bbox 731 1565 772 1628; x_wconf 88' lang='lat' dir='ltr'><strong>ad</strong></span> <span class='ocrx_word' id='word_1_133' title='bbox 786 1567 903 1629; x_wconf 73' lang='lat' dir='ltr'><strong>llmara</strong></span> <span class='ocrx_word' id='word_1_134' title='bbox 918 1569 1042 1630; x_wconf 89' lang='lat' dir='ltr'><strong>rubrum</strong></span> <span class='ocrx_word' id='word_1_135' title='bbox 1057 1571 1186 1633; x_wconf 83' lang='lat' dir='ltr'><strong>Oceano</strong></span> 
     </span>
     <span class='ocr_line' id='line_1_15' title="bbox 137 1652 1185 1737; baseline 0.003 -20"><span class='ocrx_word' id='word_1_136' title='bbox 137 1655 148 1689; x_wconf 85' lang='lat'>‘</span> <span class='ocrx_word' id='word_1_137' title='bbox 161 1655 237 1717; x_wconf 82' lang='lat' dir='ltr'><strong>lines</strong></span> <span class='ocrx_word' id='word_1_138' title='bbox 246 1655 453 1732; x_wconf 84' lang='lat' dir='ltr'><strong>terminemus,</strong></span> <span class='ocrx_word' id='word_1_139' title='bbox 469 1652 520 1734; x_wconf 89' lang='lat' dir='ltr'><strong>qui</strong></span> <span class='ocrx_word' id='word_1_140' title='bbox 532 1654 636 1716; x_wconf 90' lang='lat' dir='ltr'><strong>orbem</strong></span> <span class='ocrx_word' id='word_1_141' title='bbox 648 1663 793 1714; x_wconf 82' lang='lat' dir='ltr'><strong>terrarum</strong></span> <span class='ocrx_word' id='word_1_142' title='bbox 804 1654 945 1737; x_wconf 82' lang='lat' dir='ltr'><strong>amplexu</strong></span> <span class='ocrx_word' id='word_1_143' title='bbox 956 1655 1034 1734; x_wconf 88' lang='lat' dir='ltr'><strong>finit,</strong></span> <span class='ocrx_word' id='word_1_144' title='bbox 1051 1668 1084 1718; x_wconf 89' lang='lat' dir='ltr'><strong>et</strong></span> <span class='ocrx_word' id='word_1_145' title='bbox 1092 1679 1185 1720; x_wconf 85' lang='lat' dir='ltr'><strong>omne</strong></span> 
     </span>
     <span class='ocr_line' id='line_1_16' title="bbox 138 1737 1184 1825; baseline 0.001 -21"><span class='ocrx_word' id='word_1_146' title='bbox 138 1742 149 1776; x_wconf 95' lang='lat'>‘</span> <span class='ocrx_word' id='word_1_147' title='bbox 164 1742 331 1804; x_wconf 88' lang='lat' dir='ltr'><strong>humanum</strong></span> <span class='ocrx_word' id='word_1_148' title='bbox 344 1760 443 1825; x_wconf 86' lang='lat' dir='ltr'><strong>genus</strong></span> <span class='ocrx_word' id='word_1_149' title='bbox 454 1740 619 1803; x_wconf 91' lang='lat' dir='ltr'><strong>secundum</strong></span> <span class='ocrx_word' id='word_1_150' title='bbox 634 1737 717 1801; x_wconf 89' lang='lat' dir='ltr'><strong>Deos</strong></span> <span class='ocrx_word' id='word_1_151' title='bbox 737 1759 850 1802; x_wconf 86' lang='lat' dir='ltr'><strong>nornen</strong></span> <span class='ocrx_word' id='word_1_152' title='bbox 872 1741 1045 1805; x_wconf 88' lang='lat' dir='ltr'><strong>Romanum</strong></span> <span class='ocrx_word' id='word_1_153' title='bbox 1059 1765 1184 1807; x_wconf 84' lang='lat' dir='ltr'><strong>verrere·</strong></span> 
     </span>
     <span class='ocr_line' id='line_1_17' title="bbox 137 1827 1183 1910; baseline 0.003 -18"><span class='ocrx_word' id='word_1_154' title='bbox 137 1829 153 1862; x_wconf 90' lang='lat'><strong>‘·</strong></span> <span class='ocrx_word' id='word_1_155' title='bbox 163 1829 236 1892; x_wconf 82' lang='lat' dir='ltr'><strong>tur?</strong></span> <span class='ocrx_word' id='word_1_156' title='bbox 283 1827 320 1892; x_wconf 87' lang='lat' dir='ltr'><strong>ln</strong></span> <span class='ocrx_word' id='word_1_157' title='bbox 335 1830 397 1892; x_wconf 75' lang='lat' dir='ltr'><strong>hac</strong></span> <span class='ocrx_word' id='word_1_158' title='bbox 412 1839 500 1890; x_wconf 85' lang='lat' dir='ltr'><strong>tanta</strong></span> <span class='ocrx_word' id='word_1_159' title='bbox 515 1827 639 1910; x_wconf 77' lang='lat' dir='ltr'><strong>pramis</strong></span> <span class='ocrx_word' id='word_1_160' title='bbox 653 1827 762 1910; x_wconf 85' lang='lat' dir='ltr'><strong>dignos</strong></span> <span class='ocrx_word' id='word_1_161' title='bbox 777 1839 883 1910; x_wconf 81' lang='lat' dir='ltr'><strong>parate</strong></span> <span class='ocrx_word' id='word_1_162' title='bbox 898 1828 1027 1909; x_wconf 90' lang='lat' dir='ltr'><strong>animos,</strong></span> <span class='ocrx_word' id='word_1_163' title='bbox 1046 1843 1081 1894; x_wconf 89' lang='lat' dir='ltr'><strong>ut</strong></span> <span class='ocrx_word' id='word_1_164' title='bbox 1099 1852 1183 1894; x_wconf 82' lang='lat' dir='ltr'><strong>cras-</strong></span> 
     </span>
     <span class='ocr_line' id='line_1_18' title="bbox 139 1911 990 1997; baseline -0.002 -18"><span class='ocrx_word' id='word_1_165' title='bbox 139 1915 149 1950; x_wconf 89' lang='lat'>‘</span> <span class='ocrx_word' id='word_1_166' title='bbox 164 1917 229 1978; x_wconf 89' lang='lat' dir='ltr'><strong>tino</strong></span> <span class='ocrx_word' id='word_1_167' title='bbox 246 1916 307 1996; x_wconf 86' lang='lat' dir='ltr'><strong>die,</strong></span> <span class='ocrx_word' id='word_1_168' title='bbox 321 1917 398 1978; x_wconf 87' lang='lat' dir='ltr'><strong>bene</strong></span> <span class='ocrx_word' id='word_1_169' title='bbox 409 1913 583 1997; x_wconf 83' lang='lat' dir='ltr'><strong>jurantibus</strong></span> <span class='ocrx_word' id='word_1_170' title='bbox 598 1911 676 1991; x_wconf 86' lang='lat' dir='ltr'><strong>Diis,</strong></span> <span class='ocrx_word' id='word_1_171' title='bbox 692 1914 758 1975; x_wconf 88' lang='lat' dir='ltr'><strong>acic</strong></span> <span class='ocrx_word' id='word_1_172' title='bbox 774 1914 990 1978; x_wconf 86' lang='lat' dir='ltr'><strong>decemamus.&#39;</strong></span> 
     </span>
    </p>

    <p class='ocr_par' dir='ltr' id='par_1_4' title="bbox 138 2000 1344 3564">
     <span class='ocr_line' id='line_1_19' title="bbox 179 2000 1316 2094; baseline 0 -28"><span class='ocrx_word' id='word_1_173' title='bbox 179 2001 300 2066; x_wconf 90' lang='lat' dir='ltr'><strong>XVIII.</strong></span> <span class='ocrx_word' id='word_1_174' title='bbox 321 2003 370 2065; x_wconf 87' lang='lat' dir='ltr'><strong>Ab</strong></span> <span class='ocrx_word' id='word_1_175' title='bbox 384 2003 443 2064; x_wconf 87' lang='lat' dir='ltr'><strong>hac</strong></span> <span class='ocrx_word' id='word_1_176' title='bbox 459 2003 607 2064; x_wconf 88' lang='lat' dir='ltr'><strong>concione</strong></span> <span class='ocrx_word' id='word_1_177' title='bbox 631 2000 746 2062; x_wconf 79' lang='lat' dir='ltr'><strong>dimissi</strong></span> <span class='ocrx_word' id='word_1_178' title='bbox 769 2001 891 2080; x_wconf 83' lang='lat' dir='ltr'><strong>milites,</strong></span> <span class='ocrx_word' id='word_1_179' title='bbox 915 2003 1089 2086; x_wconf 83' lang='lat' dir='ltr'><strong>priusquam</strong></span> <span class='ocrx_word' id='word_1_180' title='bbox 1115 2025 1183 2068; x_wconf 87' lang='lat' dir='ltr'><strong>cor·</strong></span> <span class='ocrx_word' id='word_1_181' title='bbox 1196 2027 1316 2094; x_wconf 56' lang='lat' dir='ltr'><strong>amur</strong></span> 
     </span>
     <span class='ocr_line' id='line_1_20' title="bbox 138 2086 1344 2174; baseline 0.001 -21"><span class='ocrx_word' id='word_1_182' title='bbox 138 2111 215 2174; x_wconf 87' lang='lat' dir='ltr'><strong>pora</strong></span> <span class='ocrx_word' id='word_1_183' title='bbox 238 2102 392 2168; x_wconf 89' lang='lat' dir='ltr'><strong>curarent,</strong></span> <span class='ocrx_word' id='word_1_184' title='bbox 419 2109 503 2151; x_wconf 85' lang='lat' dir='ltr'><strong>arras</strong></span> <span class='ocrx_word' id='word_1_185' title='bbox 529 2088 651 2169; x_wconf 86' lang='lat' dir='ltr'><strong>telaque</strong></span> <span class='ocrx_word' id='word_1_186' title='bbox 677 2096 797 2171; x_wconf 88' lang='lat' dir='ltr'><strong>parant.</strong></span> <span class='ocrx_word' id='word_1_187' title='bbox 852 2086 935 2151; x_wconf 87' lang='lat' dir='ltr'><strong>Luce</strong></span> <span class='ocrx_word' id='word_1_188' title='bbox 962 2092 1070 2173; x_wconf 86' lang='lat' dir='ltr'><strong>prima,</strong></span> <span class='ocrx_word' id='word_1_189' title='bbox 1097 2093 1344 2174; x_wconf 72' lang='lat' dir='ltr'><strong>signoThoroopr·</strong></span> 
     </span>
     <span class='ocr_line' id='line_1_21' title="bbox 139 2162 1235 2262; baseline 0.001 -22"><span class='ocrx_word' id='word_1_190' title='bbox 139 2199 248 2261; x_wconf 83' lang='lat' dir='ltr'><strong>pugnae</strong></span> <span class='ocrx_word' id='word_1_191' title='bbox 272 2179 441 2262; x_wconf 89' lang='lat' dir='ltr'><strong>proposito,</strong></span> <span class='ocrx_word' id='word_1_192' title='bbox 464 2176 587 2238; x_wconf 85' lang='lat' dir='ltr'><strong>instnrit</strong></span> <span class='ocrx_word' id='word_1_193' title='bbox 605 2175 836 2253; x_wconf 77' lang='lat' dir='ltr'><strong>salemensem,</strong></span> <span class='ocrx_word' id='word_1_194' title='bbox 860 2188 928 2239; x_wconf 88' lang='lat' dir='ltr'><strong>arta</strong></span> <span class='ocrx_word' id='word_1_195' title='bbox 941 2175 1051 2257; x_wconf 76' lang='lat' dir='ltr'><strong>fronte,</strong></span> <span class='ocrx_word' id='word_1_196' title='bbox 1074 2179 1114 2240; x_wconf 89' lang='lat' dir='ltr'><strong>ad</strong></span> <span class='ocrx_word' id='word_1_197' title='bbox 1128 2162 1235 2241; x_wconf 51' lang='grc' dir='ltr'><strong>ιιι-ὴ*</strong></span> 
     </span>
     <span class='ocr_line' id='line_1_22' title="bbox 138 2255 1185 2348; baseline 0.001 -20"><span class='ocrx_word' id='word_1_198' title='bbox 138 2277 241 2328; x_wconf 87' lang='lat' dir='ltr'><strong>turam</strong></span> <span class='ocrx_word' id='word_1_199' title='bbox 272 2277 304 2328; x_wconf 88' lang='lat' dir='ltr'><strong>et</strong></span> <span class='ocrx_word' id='word_1_200' title='bbox 332 2262 487 2346; x_wconf 84' lang='lat' dir='ltr'><strong>angustias</strong></span> <span class='ocrx_word' id='word_1_201' title='bbox 517 2263 588 2324; x_wconf 91' lang='lat' dir='ltr'><strong>loci.</strong></span> <span class='ocrx_word' id='word_1_202' title='bbox 646 2261 725 2339; x_wconf 85' lang='lat' dir='ltr'><strong>Rex,</strong></span> <span class='ocrx_word' id='word_1_203' title='bbox 753 2273 914 2344; x_wconf 86' lang='lat' dir='ltr'><strong>postquam</strong></span> <span class='ocrx_word' id='word_1_204' title='bbox 941 2265 1028 2348; x_wconf 80' lang='lat' dir='ltr'><strong>signa</strong></span> <span class='ocrx_word' id='word_1_205' title='bbox 1052 2255 1185 2330; x_wconf 78' lang='lat' dir='ltr'><strong>hostium</strong></span> 
     </span>
     <span class='ocr_line' id='line_1_23' title="bbox 141 2347 1185 2436; baseline 0.001 -22"><span class='ocrx_word' id='word_1_206' title='bbox 141 2353 315 2434; x_wconf 82' lang='lat' dir='ltr'><strong>conspexit,</strong></span> <span class='ocrx_word' id='word_1_207' title='bbox 343 2357 382 2414; x_wconf 85' lang='lat' dir='ltr'><strong>et&#39;</strong></span> <span class='ocrx_word' id='word_1_208' title='bbox 400 2351 465 2434; x_wconf 87' lang='lat' dir='ltr'><strong>ipse</strong></span> <span class='ocrx_word' id='word_1_209' title='bbox 489 2350 592 2434; x_wconf 88' lang='lat' dir='ltr'><strong>copias</strong></span> <span class='ocrx_word' id='word_1_210' title='bbox 616 2348 732 2411; x_wconf 84' lang='lat' dir='ltr'><strong>eduxit.</strong></span> <span class='ocrx_word' id='word_1_211' title='bbox 769 2347 856 2412; x_wconf 67' lang='lat' dir='ltr'><strong>loavia</strong></span> <span class='ocrx_word' id='word_1_212' title='bbox 883 2363 1041 2414; x_wconf 87' lang='lat' dir='ltr'><strong>armaturae</strong></span> <span class='ocrx_word' id='word_1_213' title='bbox 1066 2365 1185 2436; x_wconf 88' lang='lat' dir='ltr'><strong>partem</strong></span> 
     </span>
     <span class='ocr_line' id='line_1_24' title="bbox 143 2435 1188 2519; baseline 0.002 -19"><span class='ocrx_word' id='word_1_214' title='bbox 143 2451 217 2500; x_wconf 88' lang='lat' dir='ltr'><strong>ante</strong></span> <span class='ocrx_word' id='word_1_215' title='bbox 240 2439 352 2500; x_wconf 88' lang='lat' dir='ltr'><strong>vallum</strong></span> <span class='ocrx_word' id='word_1_216' title='bbox 379 2438 409 2499; x_wconf 91' lang='lat' dir='ltr'><strong>in</strong></span> <span class='ocrx_word' id='word_1_217' title='bbox 426 2435 536 2519; x_wconf 72' lang='lat' dir='ltr'><strong>vprimo</strong></span> <span class='ocrx_word' id='word_1_218' title='bbox 562 2437 694 2498; x_wconf 82' lang='lat' dir='ltr'><strong>locavit:</strong></span> <span class='ocrx_word' id='word_1_219' title='bbox 726 2449 791 2500; x_wconf 89' lang='lat' dir='ltr'><strong>tum</strong></span> <span class='ocrx_word' id='word_1_220' title='bbox 818 2435 1059 2502; x_wconf 73' lang='lat' dir='ltr'><strong>⁶⁷lllaeedomrm</strong></span> <span class='ocrx_word' id='word_1_221' title='bbox 1085 2441 1188 2518; x_wconf 90' lang='lat' dir='ltr'><strong>robur,</strong></span> 
     </span>
     <span class='ocr_line' id='line_1_25' title="bbox 142 2523 1187 2610; baseline 0.002 -22"><span class='ocrx_word' id='word_1_222' title='bbox 142 2545 220 2607; x_wconf 90' lang='lat' dir='ltr'><strong>quos</strong></span> <span class='ocrx_word' id='word_1_223' title='bbox 236 2523 468 2607; x_wconf 88' lang='lat' dir='ltr'><strong>Sarissophoros</strong></span> <span class='ocrx_word' id='word_1_224' title='bbox 482 2523 686 2606; x_wconf 65' lang='lat' dir='ltr'><strong>impellebant,</strong></span> <span class='ocrx_word' id='word_1_225' title='bbox 705 2523 788 2586; x_wconf 89' lang='lat' dir='ltr'><strong>velut</strong></span> <span class='ocrx_word' id='word_1_226' title='bbox 801 2523 1026 2588; x_wconf 88' lang='lat' dir='ltr'><strong>firmamentum</strong></span> <span class='ocrx_word' id='word_1_227' title='bbox 1042 2527 1123 2590; x_wconf 86' lang='lat' dir='ltr'><strong>circa</strong></span> <span class='ocrx_word' id='word_1_228' title='bbox 1138 2529 1187 2610; x_wconf 91' lang='lat' dir='ltr'><strong>ip-</strong></span> 
     </span>
     <span class='ocr_line' id='line_1_26' title="bbox 139 2610 1187 2696; baseline 0.005 -24"><span class='ocrx_word' id='word_1_229' title='bbox 139 2627 189 2673; x_wconf 85' lang='lat' dir='ltr'><strong>sas</strong></span> <span class='ocrx_word' id='word_1_230' title='bbox 205 2613 390 2675; x_wconf 88' lang='lat' dir='ltr'><strong>munitiones</strong></span> <span class='ocrx_word' id='word_1_231' title='bbox 405 2611 573 2674; x_wconf 86' lang='lat' dir='ltr'><strong>constituit.</strong></span> <span class='ocrx_word' id='word_1_232' title='bbox 596 2611 643 2672; x_wconf 90' lang='lat' dir='ltr'><strong>his</strong></span> <span class='ocrx_word' id='word_1_233' title='bbox 658 2611 697 2671; x_wconf 86' lang='lat' dir='ltr'><strong>ab</strong></span> <span class='ocrx_word' id='word_1_234' title='bbox 719 2610 841 2673; x_wconf 87' lang='lat' dir='ltr'><strong>sinistro</strong></span> <span class='ocrx_word' id='word_1_235' title='bbox 865 2633 960 2675; x_wconf 90' lang='lat' dir='ltr'><strong>cornu</strong></span> <span class='ocrx_word' id='word_1_236' title='bbox 981 2611 1187 2696; x_wconf 85' lang='lat' dir='ltr'><strong>joculatorum</strong></span> 
     </span>
     <span class='ocr_line' id='line_1_27' title="bbox 140 2697 1187 2782; baseline 0 -20"><span class='ocrx_word' id='word_1_237' title='bbox 140 2699 430 2781; x_wconf 74' lang='lat' dir='ltr'><strong>sagittariorumque</strong></span> <span class='ocrx_word' id='word_1_238' title='bbox 455 2709 487 2760; x_wconf 89' lang='lat' dir='ltr'><strong>et</strong></span> <span class='ocrx_word' id='word_1_239' title='bbox 510 2697 694 2760; x_wconf 87' lang='lat' dir='ltr'><strong>funditorum</strong></span> <span class='ocrx_word' id='word_1_240' title='bbox 718 2717 842 2760; x_wconf 90' lang='lat' dir='ltr'><strong>manum</strong></span> <span class='ocrx_word' id='word_1_241' title='bbox 867 2700 922 2761; x_wconf 88' lang='lat' dir='ltr'><strong>sub</strong></span> <span class='ocrx_word' id='word_1_242' title='bbox 948 2699 1021 2782; x_wconf 89' lang='lat' dir='ltr'><strong>ipsis</strong></span> <span class='ocrx_word' id='word_1_243' title='bbox 1036 2701 1187 2764; x_wconf 82' lang='lat' dir='ltr'><strong>radicibus</strong></span> 
     </span>
     <span class='ocr_line' id='line_1_28' title="bbox 140 2784 1186 2870; baseline 0 -22"><span class='ocrx_word' id='word_1_244' title='bbox 140 2786 256 2848; x_wconf 89' lang='lat' dir='ltr'><strong>montis</strong></span> <span class='ocrx_word' id='word_1_245' title='bbox 283 2787 397 2870; x_wconf 89' lang='lat' dir='ltr'><strong>posuit,</strong></span> <span class='ocrx_word' id='word_1_246' title='bbox 423 2796 458 2848; x_wconf 89' lang='lat' dir='ltr'><strong>ut</strong></span> <span class='ocrx_word' id='word_1_247' title='bbox 484 2805 521 2846; x_wconf 82' lang='lat' dir='ltr'><strong>ex</strong></span> <span class='ocrx_word' id='word_1_248' title='bbox 548 2785 654 2846; x_wconf 81' lang='lat' dir='ltr'><strong>altiore</strong></span> <span class='ocrx_word' id='word_1_249' title='bbox 678 2784 748 2846; x_wconf 87' lang='lat' dir='ltr'><strong>loeo</strong></span> <span class='ocrx_word' id='word_1_250' title='bbox 772 2784 857 2848; x_wconf 88' lang='lat' dir='ltr'><strong>nuda</strong></span> <span class='ocrx_word' id='word_1_251' title='bbox 878 2786 975 2850; x_wconf 87' lang='lat' dir='ltr'><strong>latera</strong></span> <span class='ocrx_word' id='word_1_252' title='bbox 989 2788 1122 2850; x_wconf 90' lang='lat' dir='ltr'><strong>hostium</strong></span> <span class='ocrx_word' id='word_1_253' title='bbox 1138 2789 1186 2848; x_wconf 90' lang='lat' dir='ltr'><strong>in-</strong></span> 
     </span>
     <span class='ocr_line' id='line_1_29' title="bbox 141 2871 1187 2955; baseline 0.002 -21"><span class='ocrx_word' id='word_1_254' title='bbox 141 2885 305 2936; x_wconf 86' lang='lat' dir='ltr'><strong>cesserent.</strong></span> <span class='ocrx_word' id='word_1_255' title='bbox 321 2877 348 2914; x_wconf 82' lang='lat'><strong>⁶⁸</strong></span> <span class='ocrx_word' id='word_1_256' title='bbox 355 2874 394 2936; x_wconf 91' lang='lat' dir='ltr'><strong>ab</strong></span> <span class='ocrx_word' id='word_1_257' title='bbox 414 2873 522 2934; x_wconf 87' lang='lat' dir='ltr'><strong>dextro</strong></span> <span class='ocrx_word' id='word_1_258' title='bbox 542 2871 764 2934; x_wconf 86' lang='lat' dir='ltr'><strong>Macedonibus</strong></span> <span class='ocrx_word' id='word_1_259' title='bbox 790 2872 830 2934; x_wconf 88' lang='lat' dir='ltr'><strong>ad</strong></span> <span class='ocrx_word' id='word_1_260' title='bbox 854 2873 953 2955; x_wconf 89' lang='lat' dir='ltr'><strong>ipsum</strong></span> <span class='ocrx_word' id='word_1_261' title='bbox 979 2877 1187 2936; x_wconf 88' lang='lat' dir='ltr'><strong>munimento-</strong></span> 
     </span>
     <span class='ocr_line' id='line_1_30' title="bbox 140 2957 1190 3044; baseline -0.002 -20"><span class='ocrx_word' id='word_1_262' title='bbox 140 2981 208 3024; x_wconf 85' lang='lat' dir='ltr'><strong>rum</strong></span> <span class='ocrx_word' id='word_1_263' title='bbox 223 2961 327 3040; x_wconf 87' lang='lat' dir='ltr'><strong>linem,</strong></span> <span class='ocrx_word' id='word_1_264' title='bbox 344 2980 405 3041; x_wconf 89' lang='lat' dir='ltr'><strong>qua</strong></span> <span class='ocrx_word' id='word_1_265' title='bbox 418 2959 487 3021; x_wconf 89' lang='lat' dir='ltr'><strong>loca</strong></span> <span class='ocrx_word' id='word_1_266' title='bbox 508 2979 602 3040; x_wconf 89' lang='lat' dir='ltr'><strong>usque</strong></span> <span class='ocrx_word' id='word_1_267' title='bbox 627 2957 668 3019; x_wconf 90' lang='lat' dir='ltr'><strong>ad</strong></span> <span class='ocrx_word' id='word_1_268' title='bbox 691 2979 774 3020; x_wconf 90' lang='lat' dir='ltr'><strong>mare</strong></span> <span class='ocrx_word' id='word_1_269' title='bbox 800 2959 881 3020; x_wconf 86' lang='lat' dir='ltr'><strong>invia</strong></span> <span class='ocrx_word' id='word_1_270' title='bbox 902 2961 1029 3044; x_wconf 86' lang='lat' dir='ltr'><strong>palustri</strong></span> <span class='ocrx_word' id='word_1_271' title='bbox 1054 2962 1128 3022; x_wconf 90' lang='lat' dir='ltr'><strong>limo</strong></span> <span class='ocrx_word' id='word_1_272' title='bbox 1155 2973 1190 3022; x_wconf 88' lang='lat' dir='ltr'><strong>et</strong></span> 
     </span>
     <span class='ocr_line' id='line_1_31' title="bbox 140 3045 1188 3130; baseline -0.003 -19"><span class='ocrx_word' id='word_1_273' title='bbox 140 3048 336 3130; x_wconf 83' lang='lat' dir='ltr'><strong>voraginibus</strong></span> <span class='ocrx_word' id='word_1_274' title='bbox 360 3047 517 3123; x_wconf 88' lang='lat' dir='ltr'><strong>claudunt,</strong></span> <span class='ocrx_word' id='word_1_275' title='bbox 546 3045 725 3127; x_wconf 89' lang='lat' dir='ltr'><strong>elephantos</strong></span> <span class='ocrx_word' id='word_1_276' title='bbox 749 3065 819 3106; x_wconf 87' lang='lat' dir='ltr'><strong>eum</strong></span> <span class='ocrx_word' id='word_1_277' title='bbox 835 3045 963 3108; x_wconf 88' lang='lat' dir='ltr'><strong>adsueto</strong></span> <span class='ocrx_word' id='word_1_278' title='bbox 976 3047 1117 3130; x_wconf 78' lang='lat' dir='ltr'><strong>prasidio</strong></span> <span class='ocrx_word' id='word_1_279' title='bbox 1131 3067 1188 3129; x_wconf 90' lang='lat' dir='ltr'><strong>po-</strong></span> 
     </span>
     <span class='ocr_line' id='line_1_32' title="bbox 140 3131 1189 3216; baseline -0.002 -19"><span class='ocrx_word' id='word_1_280' title='bbox 140 3135 224 3212; x_wconf 81' lang='lat' dir='ltr'><strong>suit3</strong></span> <span class='ocrx_word' id='word_1_281' title='bbox 247 3145 320 3216; x_wconf 87' lang='lat' dir='ltr'><strong>post</strong></span> <span class='ocrx_word' id='word_1_282' title='bbox 335 3155 400 3210; x_wconf 89' lang='lat' dir='ltr'><strong>eos,</strong></span> <span class='ocrx_word' id='word_1_283' title='bbox 423 3133 559 3213; x_wconf 79' lang='lat' dir='ltr'><strong>equites3</strong></span> <span class='ocrx_word' id='word_1_284' title='bbox 582 3131 806 3209; x_wconf 80' lang='lat' dir='ltr'><strong>tum,.modlco</strong></span> <span class='ocrx_word' id='word_1_285' title='bbox 821 3131 979 3196; x_wconf 84' lang='lat' dir='ltr'><strong>intervallo</strong></span> <span class='ocrx_word' id='word_1_286' title='bbox 994 3133 1112 3211; x_wconf 86' lang='lat' dir='ltr'><strong>relicto,</strong></span> <span class='ocrx_word' id='word_1_287' title='bbox 1136 3154 1189 3195; x_wconf 88' lang='lat' dir='ltr'><strong>ce-</strong></span> 
     </span>
     <span class='ocr_line' id='line_1_33' title="bbox 141 3216 1190 3304; baseline -0.001 -21"><span class='ocrx_word' id='word_1_288' title='bbox 141 3233 227 3284; x_wconf 88' lang='lat' dir='ltr'><strong>teras</strong></span> <span class='ocrx_word' id='word_1_289' title='bbox 243 3221 348 3304; x_wconf 90' lang='lat' dir='ltr'><strong>copias</strong></span> <span class='ocrx_word' id='word_1_290' title='bbox 362 3219 395 3280; x_wconf 92' lang='lat' dir='ltr'><strong>in</strong></span> <span class='ocrx_word' id='word_1_291' title='bbox 416 3218 550 3280; x_wconf 88' lang='lat' dir='ltr'><strong>secunda</strong></span> <span class='ocrx_word' id='word_1_292' title='bbox 570 3217 645 3280; x_wconf 89' lang='lat' dir='ltr'><strong>acie.</strong></span> <span class='ocrx_word' id='word_1_293' title='bbox 690 3216 890 3297; x_wconf 85' lang='lat' dir='ltr'><strong>Macedones,</strong></span> <span class='ocrx_word' id='word_1_294' title='bbox 915 3219 1064 3302; x_wconf 84' lang='lat' dir='ltr'><strong>provallo</strong></span> <span class='ocrx_word' id='word_1_295' title='bbox 1085 3221 1190 3298; x_wconf 89' lang='lat' dir='ltr'><strong>locati,</strong></span> 
     </span>
     <span class='ocr_line' id='line_1_34' title="bbox 142 3303 1190 3392; baseline -0.002 -22"><span class='ocrx_word' id='word_1_296' title='bbox 142 3308 246 3392; x_wconf 91' lang='lat' dir='ltr'><strong>primo</strong></span> <span class='ocrx_word' id='word_1_297' title='bbox 262 3306 351 3368; x_wconf 88' lang='lat' dir='ltr'><strong>facile</strong></span> <span class='ocrx_word' id='word_1_298' title='bbox 367 3305 557 3371; x_wconf 85' lang='lat' dir='ltr'><strong>sustinebant</strong></span> <span class='ocrx_word' id='word_1_299' title='bbox 569 3303 737 3383; x_wconf 86' lang='lat' dir='ltr'><strong>Romanos,</strong></span> <span class='ocrx_word' id='word_1_300' title='bbox 764 3315 917 3367; x_wconf 83' lang='lat' dir='ltr'><strong>tentantes</strong></span> <span class='ocrx_word' id='word_1_301' title='bbox 941 3306 980 3367; x_wconf 88' lang='lat' dir='ltr'><strong>ab</strong></span> <span class='ocrx_word' id='word_1_302' title='bbox 999 3307 1083 3368; x_wconf 90' lang='lat' dir='ltr'><strong>omni</strong></span> <span class='ocrx_word' id='word_1_303' title='bbox 1104 3317 1190 3390; x_wconf 89' lang='lat' dir='ltr'><strong>parte</strong></span> 
     </span>
     <span class='ocr_line' id='line_1_35' title="bbox 143 3390 1190 3476; baseline -0.002 -20"><span class='ocrx_word' id='word_1_304' title='bbox 143 3393 270 3456; x_wconf 87' lang='lat' dir='ltr'><strong>aditus:</strong></span> <span class='ocrx_word' id='word_1_305' title='bbox 294 3393 424 3456; x_wconf 88' lang='lat' dir='ltr'><strong>multum</strong></span> <span class='ocrx_word' id='word_1_306' title='bbox 439 3390 662 3475; x_wconf 86' lang='lat' dir='ltr'><strong>adjuvantibus,</strong></span> <span class='ocrx_word' id='word_1_307' title='bbox 688 3391 739 3474; x_wconf 92' lang='lat' dir='ltr'><strong>qui</strong></span> <span class='ocrx_word' id='word_1_308' title='bbox 755 3411 793 3454; x_wconf 87' lang='lat' dir='ltr'><strong>ex</strong></span> <span class='ocrx_word' id='word_1_309' title='bbox 808 3391 878 3454; x_wconf 90' lang='lat' dir='ltr'><strong>loco</strong></span> <span class='ocrx_word' id='word_1_310' title='bbox 900 3393 1053 3476; x_wconf 87' lang='lat' dir='ltr'><strong>superiore</strong></span> <span class='ocrx_word' id='word_1_311' title='bbox 1077 3391 1190 3470; x_wconf 82' lang='lat' dir='ltr'><strong>fundis,</strong></span> 
     </span>
     <span class='ocr_line' id='line_1_36' title="bbox 142 3479 1191 3564; baseline -0.001 -21"><span class='ocrx_word' id='word_1_312' title='bbox 142 3481 230 3543; x_wconf 86' lang='lat' dir='ltr'><strong>velut</strong></span> <span class='ocrx_word' id='word_1_313' title='bbox 251 3481 399 3559; x_wconf 89' lang='lat' dir='ltr'><strong>nimbum,</strong></span> <span class='ocrx_word' id='word_1_314' title='bbox 422 3484 448 3520; x_wconf 79' lang='lat'><strong>⁶⁹</strong></span> <span class='ocrx_word' id='word_1_315' title='bbox 454 3480 588 3562; x_wconf 83' lang='lat' dir='ltr'><strong>glandes</strong></span> <span class='ocrx_word' id='word_1_316' title='bbox 605 3491 639 3543; x_wconf 87' lang='lat' dir='ltr'><strong>et</strong></span> <span class='ocrx_word' id='word_1_317' title='bbox 651 3481 778 3562; x_wconf 87' lang='lat' dir='ltr'><strong>sagittas</strong></span> <span class='ocrx_word' id='word_1_318' title='bbox 793 3479 881 3542; x_wconf 83' lang='lat' dir='ltr'><strong>almul</strong></span> <span class='ocrx_word' id='word_1_319' title='bbox 897 3501 933 3542; x_wconf 90' lang='lat' dir='ltr'><strong>ac</strong></span> <span class='ocrx_word' id='word_1_320' title='bbox 953 3479 1056 3563; x_wconf 87' lang='lat' dir='ltr'><strong>jacula</strong></span> <span class='ocrx_word' id='word_1_321' title='bbox 1071 3481 1191 3564; x_wconf 79' lang='lat' dir='ltr'><strong>ingere-</strong></span> 
     </span>
    </p>

    <p class='ocr_par' dir='ltr' id='par_1_5' title="bbox 101 3565 1302 3652">
     <span class='ocr_line' id='line_1_37' title="bbox 101 3565 1302 3652; baseline -0.002 -20"><span class='ocrx_word' id='word_1_322' title='bbox 101 3601 107 3610; x_wconf 92' lang='lat'><strong>·</strong></span> <span class='ocrx_word' id='word_1_323' title='bbox 142 3569 230 3633; x_wconf 83' lang='lat' dir='ltr'><strong>bant.</strong></span> <span class='ocrx_word' id='word_1_324' title='bbox 255 3567 376 3646; x_wconf 87' lang='lat' dir='ltr'><strong>deinde,</strong></span> <span class='ocrx_word' id='word_1_325' title='bbox 395 3578 431 3630; x_wconf 88' lang='lat' dir='ltr'><strong>ut</strong></span> <span class='ocrx_word' id='word_1_326' title='bbox 443 3565 551 3652; x_wconf 89' lang='lat' dir='ltr'><strong>major,</strong></span> <span class='ocrx_word' id='word_1_327' title='bbox 574 3587 630 3630; x_wconf 88' lang='lat' dir='ltr'><strong>nec</strong></span> <span class='ocrx_word' id='word_1_328' title='bbox 642 3566 708 3650; x_wconf 90' lang='lat' dir='ltr'><strong>jam</strong></span> <span class='ocrx_word' id='word_1_329' title='bbox 724 3567 884 3630; x_wconf 85' lang='lat' dir='ltr'><strong>toleranda</strong></span> <span class='ocrx_word' id='word_1_330' title='bbox 903 3569 947 3630; x_wconf 87' lang='lat' dir='ltr'><strong>vis</strong></span> <span class='ocrx_word' id='word_1_331' title='bbox 964 3569 1096 3634; x_wconf 90' lang='lat' dir='ltr'><strong>hostium</strong></span> <span class='ocrx_word' id='word_1_332' title='bbox 1112 3567 1193 3630; x_wconf 86' lang='lat' dir='ltr'><strong>infe·</strong></span> <span class='ocrx_word' id='word_1_333' title='bbox 1300 3583 1302 3594; x_wconf 91' lang='grc'><strong><em>·</em></strong></span> 
     </span>
    </p>
   </div>
   <div class='ocr_carea' id='block_1_4' title="bbox 480 3685 866 3764">
    <p class='ocr_par' dir='ltr' id='par_1_6' title="bbox 480 3685 866 3764">
     <span class='ocr_line' id='line_1_38' title="bbox 480 3685 866 3764; baseline 0 -16"><span class='ocrx_word' id='word_1_334' title='bbox 480 3685 495 3742; x_wconf 65' lang='lat' dir='ltr'><strong>ll</strong></span> <span class='ocrx_word' id='word_1_335' title='bbox 508 3707 573 3764; x_wconf 79' lang='lat' dir='ltr'><strong>atque</strong></span> <span class='ocrx_word' id='word_1_336' title='bbox 582 3697 599 3749; x_wconf 91' lang='lat'><strong>1.</strong></span> <span class='ocrx_word' id='word_1_337' title='bbox 610 3707 702 3764; x_wconf 82' lang='lat' dir='ltr'><strong>anteque</strong></span> <span class='ocrx_word' id='word_1_338' title='bbox 713 3700 787 3748; x_wconf 81' lang='lat' dir='ltr'><strong>Gran.</strong></span> <span class='ocrx_word' id='word_1_339' title='bbox 799 3699 866 3750; x_wconf 78' lang='lat' dir='ltr'><strong>Cres.</strong></span> 
     </span>
    </p>
   </div>
   <div class='ocr_carea' id='block_1_5' title="bbox 143 3806 1197 4606">
    <p class='ocr_par' dir='ltr' id='par_1_7' title="bbox 143 3806 1193 3884">
     <span class='ocr_line' id='line_1_39' title="bbox 143 3806 1193 3884; baseline -0.008 -13"><span class='ocrx_word' id='word_1_340' title='bbox 143 3835 175 3871; x_wconf 82' lang='lat' dir='ltr'><strong>oe</strong></span> <span class='ocrx_word' id='word_1_341' title='bbox 192 3816 285 3878; x_wconf 76' lang='lat' dir='ltr'><strong>fecerit,</strong></span> <span class='ocrx_word' id='word_1_342' title='bbox 301 3833 329 3868; x_wconf 83' lang='lat' dir='ltr'><strong>an</strong></span> <span class='ocrx_word' id='word_1_343' title='bbox 350 3817 422 3867; x_wconf 85' lang='lat' dir='ltr'><strong>muris</strong></span> <span class='ocrx_word' id='word_1_344' title='bbox 440 3815 534 3879; x_wconf 80' lang='lat' dir='ltr'><strong>alicujus</strong></span> <span class='ocrx_word' id='word_1_345' title='bbox 551 3816 614 3866; x_wconf 84' lang='lat' dir='ltr'><strong>urbia</strong></span> <span class='ocrx_word' id='word_1_346' title='bbox 630 3833 654 3865; x_wconf 85' lang='lat' dir='ltr'><strong>ra</strong></span> <span class='ocrx_word' id='word_1_347' title='bbox 687 3815 758 3864; x_wconf 82' lang='lat' dir='ltr'><strong>donas</strong></span> <span class='ocrx_word' id='word_1_348' title='bbox 768 3827 845 3864; x_wconf 80' lang='lat' dir='ltr'><strong>eutem</strong></span> <span class='ocrx_word' id='word_1_349' title='bbox 862 3815 916 3866; x_wconf 77' lang='lat' dir='ltr'><strong>istor</strong></span> <span class='ocrx_word' id='word_1_350' title='bbox 929 3806 1138 3884; x_wconf 72' lang='lat' dir='ltr'><strong>Syro-marerbnar</strong></span> <span class='ocrx_word' id='word_1_351' title='bbox 1156 3817 1193 3866; x_wconf 86' lang='lat' dir='ltr'><strong>ln.</strong></span> 
     </span>
    </p>

    <p class='ocr_par' dir='ltr' id='par_1_8' title="bbox 144 3881 1196 3947">
     <span class='ocr_line' id='line_1_40' title="bbox 144 3881 1196 3947; baseline -0.004 -11"><span class='ocrx_word' id='word_1_352' title='bbox 144 3885 284 3936; x_wconf 83' lang='lat' dir='ltr'><strong>incluserit?</strong></span> <span class='ocrx_word' id='word_1_353' title='bbox 320 3886 406 3934; x_wconf 86' lang='lat' dir='ltr'><strong>Nonne</strong></span> <span class='ocrx_word' id='word_1_354' title='bbox 423 3900 489 3947; x_wconf 71' lang='lat' dir='ltr'><strong>oque</strong></span> <span class='ocrx_word' id='word_1_355' title='bbox 502 3881 609 3930; x_wconf 83' lang='lat' dir='ltr'><strong>timorem</strong></span> <span class='ocrx_word' id='word_1_356' title='bbox 619 3899 655 3930; x_wconf 88' lang='lat' dir='ltr'><strong>os·</strong></span> <span class='ocrx_word' id='word_1_357' title='bbox 687 3882 775 3942; x_wconf 77' lang='lat' dir='ltr'><strong>tellige‚</strong></span> <span class='ocrx_word' id='word_1_358' title='bbox 786 3895 887 3946; x_wconf 83' lang='lat' dir='ltr'><strong>posteros</strong></span> <span class='ocrx_word' id='word_1_359' title='bbox 899 3884 935 3932; x_wconf 87' lang='lat' dir='ltr'><strong>rel</strong></span> <span class='ocrx_word' id='word_1_360' title='bbox 952 3900 1094 3934; x_wconf 74' lang='lat' dir='ltr'><strong>successores</strong></span> <span class='ocrx_word' id='word_1_361' title='bbox 1107 3900 1196 3940; x_wconf 86' lang='lat' dir='ltr'><strong>eorum,</strong></span> 
     </span>
    </p>

    <p class='ocr_par' dir='ltr' id='par_1_9' title="bbox 146 3947 1195 4011">
     <span class='ocr_line' id='line_1_41' title="bbox 146 3947 1195 4011; baseline -0.005 -8"><span class='ocrx_word' id='word_1_362' title='bbox 146 3953 232 4009; x_wconf 83' lang='lat' dir='ltr'><strong>tendit,</strong></span> <span class='ocrx_word' id='word_1_363' title='bbox 248 3951 303 4000; x_wconf 88' lang='lat' dir='ltr'><strong>dum</strong></span> <span class='ocrx_word' id='word_1_364' title='bbox 316 3951 374 3999; x_wconf 81' lang='lat' dir='ltr'><strong>intra</strong></span> <span class='ocrx_word' id='word_1_365' title='bbox 385 3951 463 3998; x_wconf 83' lang='lat' dir='ltr'><strong>lauces</strong></span> <span class='ocrx_word' id='word_1_366' title='bbox 478 3947 547 3997; x_wconf 81' lang='lat' dir='ltr'><strong>saltas</strong></span> <span class='ocrx_word' id='word_1_367' title='bbox 561 3948 657 3997; x_wconf 76' lang='lat' dir='ltr'><strong>retrahit</strong></span> <span class='ocrx_word' id='word_1_368' title='bbox 689 3947 726 4011; x_wconf 83' lang='lat' dir='ltr'><strong>qui</strong></span> <span class='ocrx_word' id='word_1_369' title='bbox 738 3948 780 3994; x_wconf 90' lang='lat' dir='ltr'><strong>sub</strong></span> <span class='ocrx_word' id='word_1_370' title='bbox 793 3947 931 4006; x_wconf 81' lang='lat' dir='ltr'><strong>Alexandro,</strong></span> <span class='ocrx_word' id='word_1_371' title='bbox 947 3965 974 3999; x_wconf 83' lang='lat' dir='ltr'><strong>ec</strong></span> <span class='ocrx_word' id='word_1_372' title='bbox 989 3951 1071 4000; x_wconf 86' lang='lat' dir='ltr'><strong>deinde</strong></span> <span class='ocrx_word' id='word_1_373' title='bbox 1087 3951 1195 4010; x_wconf 84' lang='lat' dir='ltr'><strong>Seleuco,</strong></span> 
     </span>
    </p>

    <p class='ocr_par' dir='ltr' id='par_1_10' title="bbox 145 4013 850 4080">
     <span class='ocr_line' id='line_1_42' title="bbox 145 4013 850 4080; baseline -0.003 -14"><span class='ocrx_word' id='word_1_374' title='bbox 145 4031 229 4080; x_wconf 72' lang='lat' dir='ltr'><strong>crura,</strong></span> <span class='ocrx_word' id='word_1_375' title='bbox 248 4033 276 4066; x_wconf 84' lang='lat' dir='ltr'><strong>ae</strong></span> <span class='ocrx_word' id='word_1_376' title='bbox 292 4017 311 4066; x_wconf 86' lang='lat' dir='ltr'><strong>ri</strong></span> <span class='ocrx_word' id='word_1_377' title='bbox 327 4018 398 4066; x_wconf 86' lang='lat' dir='ltr'><strong>muris</strong></span> <span class='ocrx_word' id='word_1_378' title='bbox 408 4016 506 4080; x_wconf 85' lang='lat' dir='ltr'><strong>alicujus</strong></span> <span class='ocrx_word' id='word_1_379' title='bbox 514 4013 576 4063; x_wconf 81' lang='lat' dir='ltr'><strong>urbis</strong></span> <span class='ocrx_word' id='word_1_380' title='bbox 586 4029 610 4063; x_wconf 82' lang='lat' dir='ltr'><strong>re</strong></span> <span class='ocrx_word' id='word_1_381' title='bbox 621 4015 656 4062; x_wconf 92' lang='lat' dir='ltr'><strong>in·</strong></span> <span class='ocrx_word' id='word_1_382' title='bbox 689 4013 850 4064; x_wconf 81' lang='lat' dir='ltr'><strong>militaverant.</strong></span> 
     </span>
    </p>

    <p class='ocr_par' dir='ltr' id='par_1_11' title="bbox 147 4077 1197 4214">
     <span class='ocr_line' id='line_1_43' title="bbox 147 4077 1195 4144; baseline -0.003 -10"><span class='ocrx_word' id='word_1_383' title='bbox 147 4085 270 4134; x_wconf 80' lang='lat' dir='ltr'><strong>elusisset?</strong></span> <span class='ocrx_word' id='word_1_384' title='bbox 701 4113 703 4120; x_wconf 88' lang='lat'>·</span> <span class='ocrx_word' id='word_1_385' title='bbox 721 4077 744 4114; x_wconf 69' lang='lat'><strong>⁶⁸</strong></span> <span class='ocrx_word' id='word_1_386' title='bbox 760 4079 795 4127; x_wconf 80' lang='lat' dir='ltr'><strong>At</strong></span> <span class='ocrx_word' id='word_1_387' title='bbox 814 4081 889 4130; x_wconf 60' lang='lat' dir='ltr'><strong>dextro</strong></span> <span class='ocrx_word' id='word_1_388' title='bbox 907 4079 1071 4144; x_wconf 79' lang='lat' dir='ltr'><strong>Macedorribur]</strong></span> <span class='ocrx_word' id='word_1_389' title='bbox 1090 4081 1195 4131; x_wconf 77' lang='lat' dir='ltr'><strong>Otiosam</strong></span> 
     </span>
     <span class='ocr_line' id='line_1_44' title="bbox 177 4145 1197 4214; baseline -0.001 -17"><span class='ocrx_word' id='word_1_390' title='bbox 177 4147 201 4182; x_wconf 73' lang='lat'><strong>⁶⁵</strong></span> <span class='ocrx_word' id='word_1_391' title='bbox 220 4149 350 4197; x_wconf 74' lang='lat' dir='ltr'><strong>Ilurbrrotrrr</strong></span> <span class='ocrx_word' id='word_1_392' title='bbox 367 4147 486 4214; x_wconf 68' lang='lat' dir='ltr'><strong>cognoris]</strong></span> <span class='ocrx_word' id='word_1_393' title='bbox 509 4145 597 4194; x_wconf 80' lang='lat' dir='ltr'><strong>Ultima</strong></span> <span class='ocrx_word' id='word_1_394' title='bbox 615 4161 659 4194; x_wconf 79' lang='lat' dir='ltr'><strong>vox</strong></span> <span class='ocrx_word' id='word_1_395' title='bbox 691 4161 740 4195; x_wconf 80' lang='lat' dir='ltr'><strong>esee</strong></span> <span class='ocrx_word' id='word_1_396' title='bbox 759 4161 838 4194; x_wconf 87' lang='lat' dir='ltr'><strong>vorem</strong></span> <span class='ocrx_word' id='word_1_397' title='bbox 860 4145 1014 4196; x_wconf 78' lang='lat' dir='ltr'><strong>Macedonibus</strong></span> <span class='ocrx_word' id='word_1_398' title='bbox 1034 4159 1098 4196; x_wconf 82' lang='lat' dir='ltr'><strong>reeta</strong></span> <span class='ocrx_word' id='word_1_399' title='bbox 1117 4149 1197 4196; x_wconf 60' lang='lat' dir='ltr'><strong>obrem</strong></span> 
     </span>
    </p>

    <p class='ocr_par' dir='ltr' id='par_1_12' title="bbox 148 4210 1197 4278">
     <span class='ocr_line' id='line_1_45' title="bbox 148 4210 1197 4278; baseline -0.001 -15"><span class='ocrx_word' id='word_1_400' title='bbox 148 4217 214 4263; x_wconf 83' lang='lat' dir='ltr'><strong>deest</strong></span> <span class='ocrx_word' id='word_1_401' title='bbox 225 4216 252 4264; x_wconf 92' lang='lat' dir='ltr'><strong>in</strong></span> <span class='ocrx_word' id='word_1_402' title='bbox 268 4214 417 4264; x_wconf 82' lang='lat' dir='ltr'><strong>Gronovianis</strong></span> <span class='ocrx_word' id='word_1_403' title='bbox 437 4213 581 4272; x_wconf 82' lang='lat' dir='ltr'><strong>erlirionibur,</strong></span> <span class='ocrx_word' id='word_1_404' title='bbox 596 4212 658 4260; x_wconf 82' lang='lat' dir='ltr'><strong>haud</strong></span> <span class='ocrx_word' id='word_1_405' title='bbox 690 4223 729 4260; x_wconf 80' lang='lat' dir='ltr'><strong>vat</strong></span> <span class='ocrx_word' id='word_1_406' title='bbox 747 4211 887 4260; x_wconf 77' lang='lat' dir='ltr'><strong>Gronovius.</strong></span> <span class='ocrx_word' id='word_1_407' title='bbox 921 4210 999 4260; x_wconf 84' lang='lat' dir='ltr'><strong>Potest</strong></span> <span class='ocrx_word' id='word_1_408' title='bbox 1017 4213 1077 4261; x_wconf 87' lang='lat' dir='ltr'><strong>enim</strong></span> <span class='ocrx_word' id='word_1_409' title='bbox 1097 4213 1197 4278; x_wconf 82' lang='lat' dir='ltr'><strong>supplerl</strong></span> 
     </span>
    </p>

    <p class='ocr_par' dir='ltr' id='par_1_13' title="bbox 148 4277 1196 4410">
     <span class='ocr_line' id='line_1_46' title="bbox 148 4277 1196 4344; baseline -0.002 -14"><span class='ocrx_word' id='word_1_410' title='bbox 148 4281 217 4330; x_wconf 80' lang='lat' dir='ltr'><strong>dublo</strong></span> <span class='ocrx_word' id='word_1_411' title='bbox 229 4295 296 4344; x_wconf 89' lang='lat' dir='ltr'><strong>pero</strong></span> <span class='ocrx_word' id='word_1_412' title='bbox 325 4297 402 4329; x_wconf 87' lang='lat' dir='ltr'><strong>rarum</strong></span> <span class='ocrx_word' id='word_1_413' title='bbox 413 4280 531 4330; x_wconf 70' lang='lat' dir='ltr'><strong>incusam.</strong></span> <span class='ocrx_word' id='word_1_414' title='bbox 691 4279 732 4336; x_wconf 82' lang='lat' dir='ltr'><strong>his,</strong></span> <span class='ocrx_word' id='word_1_415' title='bbox 752 4279 817 4341; x_wconf 89' lang='lat' dir='ltr'><strong>&#39;quod</strong></span> <span class='ocrx_word' id='word_1_416' title='bbox 841 4279 866 4326; x_wconf 90' lang='lat' dir='ltr'><strong>in</strong></span> <span class='ocrx_word' id='word_1_417' title='bbox 886 4277 961 4326; x_wconf 76' lang='lat' dir='ltr'><strong>fronte</strong></span> <span class='ocrx_word' id='word_1_418' title='bbox 986 4279 1072 4344; x_wconf 88' lang='lat' dir='ltr'><strong>periodi</strong></span> <span class='ocrx_word' id='word_1_419' title='bbox 1098 4281 1196 4344; x_wconf 80' lang='lat' dir='ltr'><strong>positum</strong></span> 
     </span>
     <span class='ocr_line' id='line_1_47' title="bbox 179 4344 733 4410; baseline -0.004 -16"><span class='ocrx_word' id='word_1_420' title='bbox 179 4344 202 4378; x_wconf 62' lang='grc' dir='ltr'><em>ω</em></span> <span class='ocrx_word' id='word_1_421' title='bbox 220 4345 287 4394; x_wconf 83' lang='lat' dir='ltr'><strong>Mare</strong></span> <span class='ocrx_word' id='word_1_422' title='bbox 319 4348 409 4410; x_wconf 70' lang='lat' dir='ltr'><strong>ulnam]</strong></span> <span class='ocrx_word' id='word_1_423' title='bbox 427 4345 656 4396; x_wconf 80' lang='lat' dir='ltr'><strong>Vid.not.adxttt.</strong></span> <span class='ocrx_word' id='word_1_424' title='bbox 689 4356 733 4393; x_wconf 83' lang='lat' dir='ltr'><strong>ert.</strong></span> 
     </span>
    </p>

    <p class='ocr_par' dir='ltr' id='par_1_14' title="bbox 148 4407 1196 4542">
     <span class='ocr_line' id='line_1_48' title="bbox 148 4407 1196 4476; baseline -0.002 -16"><span class='ocrx_word' id='word_1_425' title='bbox 148 4414 187 4462; x_wconf 79' lang='lat'><strong>52.</strong></span> <span class='ocrx_word' id='word_1_426' title='bbox 721 4407 743 4446; x_wconf 68' lang='lat'><strong>⁶⁹</strong></span> <span class='ocrx_word' id='word_1_427' title='bbox 755 4407 863 4474; x_wconf 62' lang='lat' dir='ltr'><strong>Glande]</strong></span> <span class='ocrx_word' id='word_1_428' title='bbox 875 4408 1002 4475; x_wconf 76' lang='lat' dir='ltr'><strong>sphaerulas</strong></span> <span class='ocrx_word' id='word_1_429' title='bbox 1012 4410 1196 4476; x_wconf 61' lang='lat' dir='ltr'><strong>plumbeasque</strong></span> 
     </span>
     <span class='ocr_line' id='line_1_49' title="bbox 179 4474 948 4542; baseline 0.003 -18"><span class='ocrx_word' id='word_1_430' title='bbox 179 4474 203 4514; x_wconf 80' lang='lat'><strong>⁶⁷</strong></span> <span class='ocrx_word' id='word_1_431' title='bbox 233 4475 379 4526; x_wconf 77' lang='lat' dir='ltr'><strong>Macedonum</strong></span> <span class='ocrx_word' id='word_1_432' title='bbox 397 4477 474 4540; x_wconf 81' lang='lat' dir='ltr'><strong>robor]</strong></span> <span class='ocrx_word' id='word_1_433' title='bbox 509 4477 658 4542; x_wconf 82' lang='lat' dir='ltr'><strong>Macedonas,</strong></span> <span class='ocrx_word' id='word_1_434' title='bbox 689 4475 765 4528; x_wconf 76' lang='lat' dir='ltr'><strong>fraudis</strong></span> <span class='ocrx_word' id='word_1_435' title='bbox 777 4475 948 4527; x_wconf 78' lang='lat' dir='ltr'><strong>emittebantur.</strong></span> 
     </span>
    </p>

    <p class='ocr_par' dir='ltr' id='par_1_15' title="bbox 155 4533 658 4606">
     <span class='ocr_line' id='line_1_50' title="bbox 155 4533 658 4606; baseline -0.002 -16"><span class='ocrx_word' id='word_1_436' title='bbox 155 4543 217 4606; x_wconf 87' lang='lat' dir='ltr'><strong>quod</strong></span> <span class='ocrx_word' id='word_1_437' title='bbox 233 4543 318 4593; x_wconf 85' lang='lat' dir='ltr'><strong>roboris</strong></span> <span class='ocrx_word' id='word_1_438' title='bbox 335 4553 384 4594; x_wconf 82' lang='lat' dir='ltr'><strong>erat</strong></span> <span class='ocrx_word' id='word_1_439' title='bbox 400 4543 425 4594; x_wconf 87' lang='lat' dir='ltr'><strong>iu</strong></span> <span class='ocrx_word' id='word_1_440' title='bbox 435 4543 545 4594; x_wconf 74' lang='lat' dir='ltr'><strong>exercitu.</strong></span> <span class='ocrx_word' id='word_1_441' title='bbox 577 4533 658 4593; x_wconf 82' lang='lat' dir='ltr'><strong>Mace·</strong></span> 
     </span>
    </p>
   </div>
   <div class='ocr_carea' id='block_1_6' title="bbox 0 0 1558 5196">
    <p class='ocr_par' dir='ltr' id='par_1_16' title="bbox 0 0 1558 5196">
     <span class='ocr_line' id='line_1_51' title="bbox 0 0 1558 5196; baseline 0 0"><span class='ocrx_word' id='word_1_442' title='bbox 0 0 1558 5196; x_wconf 95' lang='lat' dir='ltr'><strong> </strong></span> 
     </span>
    </p>
   </div>
  </div>
 </body>
</html>
