3080 5196
377 297 850 400 ma.xxrtvtc'sr.xn1v.
1077 351 1139 414 a„

96 488 165 554 mini
190 499 268 567 eret,
292 487 496 572 Magnesiam,
522 501 588 572 qua
603 491 643 554 ad
669 489 809 577 Sipylum
832 505 889 574 cst,
910 499 1073 577 concessit,
1096 499 1138 564 ad
1150 515 1294 572 meson

96 586 245 639 terrestres
261 573 363 658 copias
379 577 611 658 comparandas.
636 578 740 640 classis
756 580 796 642 ad
810 578 991 664 Cyssuntem
1014 597 1136 666 portum
1149 583 1180 633 A.
1191 584 1222 635 ⁰·
1232 583 1289 636 1⁹¹·

94 661 325 744 Erythraeorum,
355 672 511 742 tunquam
549 663 592 733 ibi
621 665 721 746 aptius
755 678 968 750 exspectatura
1005 670 1136 752 hostem,

96 747 259 810 contendit.
303 745 447 826 Romani,
472 747 524 809 ubi
549 749 680 830 primurn
702 753 858 834 aquilones
884 752 919 833 (ii
934 775 1066 838 namque
1080 779 1135 841 per

92 833 209 914 aliquot·
231 833 296 918 dies
322 833 498 914 tenuerant)
527 835 676 914 cecidere,
692 839 731 898 ab
757 836 837 900 Delo
860 837 989 920 Phanas,
1011 857 1135 925 portum

93 919 237 982 Chiorum
252 920 284 980 in
298 917 439 999 AEgaeum
454 939 537 982 mare
551 940 682 1001 versum,
697 933 829 1005 petunt:
852 926 956 988 ²⁰inde
975 929 1015 990 ad
1029 931 1135 992 urbem

90 1007 294 1087 circumegere
319 1025 420 1084 naves,
436 1017 670 1088 commeatuque
696 1021 808 1088 sumto,
828 1013 856 1050 ⁸⁰
868 1009 1025 1076 Phocaeam
1049 1015 1135 1096 traji-

90 1093 183 1156 ciunt.
227 1089 390 1170 Eumenes,
405 1091 518 1154 Elaeam
539 1092 580 1154 ad
595 1113 682 1155 suern
696 1093 828 1158 classem
851 1098 1017 1180 profectus,
1031 1102 1137 1183 paucis

92 1188 162 1262 post
190 1178 263 1240 inde
293 1177 410 1256 diebus,
437 1199 507 1240 curn
534 1189 663 1259 quatuor
690 1191 723 1242 et
751 1181 858 1262 viginti
883 1184 1008 1246 navibus
1034 1188 1137 1266 tectis,

88 1263 203 1346 apertis
218 1263 365 1346 pluribus,
391 1263 494 1346 paullo
518 1267 543 1302 ³¹
557 1285 577 1325 a
592 1262 720 1326 Phocea
746 1266 786 1326 ad
802 1265 969 1347 Romanos,
993 1283 1137 1353 parantes

88 1350 333 1432 instruentesqne
348 1369 380 1412 se
396 1349 435 1412 ad
447 1350 553 1412 navale
564 1361 731 1428 eermmen,
743 1351 842 1414 rediit.
887 1351 963 1415 lnde
977 1357 1137 1420 ”centum

88 1437 312 1518 quinquaginta
325 1435 415 1498 tectis
430 1435 566 1513 navibus,
578 1436 690 1518 apertis
706 1436 802 1498 ferme
817 1437 1049 1520 quinquaginta,
1063 1461 1137 1524 pro·

90 1522 175 1600 fecti,
207 1523 317 1603 primo,
341 1521 530 1604 aquilonibus
557 1523 733 1584 transversis
759 1543 851 1606 quum
877 1538 1076 1606 urguerentur
1104 1529 1137 1590 in

89 1618 217 1686 terram,
232 1607 419 1689 cogebantur
445 1607 528 1669 tenui
545 1608 666 1688 agmine
689 1629 785 1691 prope
799 1609 830 1670 in
855 1610 993 1673 ordinem
1011 1612 1137 1694 singula

85 1713 178 1756 nares
195 1695 257 1770 ire3
282 1693 403 1772 deinde,
418 1704 452 1756 ut
477 1693 571 1756 lenita
584 1693 719 1775 paullum
733 1696 777 1757 vis
797 1697 878 1758 venti
894 1709 951 1775 est,
975 1697 1015 1759 sd
1039 1698 1136 1783 Cory-

57 1809 63 1822 ,
84 1800 157 1844 cum
174 1793 309 1862 portum,
324 1780 376 1864 qui
391 1801 480 1862 super
495 1777 679 1864 Cyssuntem
694 1792 753 1859 est,
768 1783 870 1843 conati
886 1795 957 1845 sunt
971 1783 1122 1865 trajicere.

129 1863 249 1928 XhlV.
285 1865 498 1950 Polyxenidas,
527 1877 562 1927 ut
595 1865 839 1948 adpropinquare
869 1869 970 1930 hostes
1001 1870 1227 1950 adlatumPuata
1241 1891 1286 1934 ns·

1 1976 2 1981 ¹
83 1964 144 2032 est,
159 1953 324 2014 occasione
346 1952 502 2035 pugnandi
517 1953 615 2028 laetus,
628 1951 783 2014 sinistrum
798 1953 862 2036 ipse
884 1955 1026 2017 cornuin
1041 1957 1137 2020 altum
1148 1943 1213 1994 *ὼ*

81 2039 241 2117 extendit,
265 2038 413 2102 dextrum
433 2058 529 2100 eomu
554 2036 712 2119 prefectos
737 2039 860 2100 navium
882 2040 923 2102 ad
949 2051 1061 2103 terram
1081 2062 1138 2105 err·

81 2125 204 2208 plicare
215 2125 316 2206 jubet,
331 2137 364 2188 et
377 2145 463 2205 aequa
477 2123 575 2185 fronte
598 2123 787 2205 adpugnare
807 2125 1002 2207 procedebat.
1047 2127 1138 2199 Quod

83 2212 137 2274 ubi
168 2211 250 2274 vidit
279 2209 447 2287 Romanus,
472 2209 539 2270 vela
568 2209 731 2288 contrahit,
757 2210 913 2292 malosque
939 2211 1076 2291 inclinat,
1105 2225 1139 2277 et

80 2297 179 2359 simul
208 2307 398 2358 armamenta
420 2315 620 2376 componens,
642 2297 799 2377 opperitur
822 2296 1015 2378 insequentes
1038 2319 1139 2362 naves.

78 2382 160 2446 Jam
178 2382 275 2444 ferme
289 2383 415 2462 triginta
429 2381 460 2442 in
484 2381 582 2442 fronte
596 2392 694 2458 erant,
716 2384 743 2420 ³³
755 2382 862 2462 quibus
877 2395 912 2446 ut
933 2395 1065 2465 aequaret
1086 2386 1138 2448 lae·

76 2489 159 2530 vum
177 2489 285 2547 cornu,
311 2471 337 2508 ³⁴
350 2468 510 2530 dolonibus
527 2467 635 2528 erectis
659 2467 755 2529 altum
771 2479 874 2550 petere
898 2469 1049 2532 intendit:
1068 2470 1137 2552 jus-

75 2556 135 2633 sis,
155 2555 211 2636 qui
236 2555 449 2636 sequebantur,
473 2553 614 2615 adversus
638 2552 780 2616 dextrum
796 2574 890 2616 comu
915 2575 1008 2637 prope
1024 2567 1136 2620 terram

76 2661 197 2724 proras
213 2640 352 2721 dirigere.
395 2638 546 2702 Eumenes
569 2659 678 2720 agmen
699 2640 840 2721 cogebat.
856 2650 1001 2720 ceterum,
1025 2653 1061 2704 ut
1081 2643 1136 2705 de-

76 2726 209 2790 mendis
224 2726 421 2790 armamentis
435 2725 612 2788 tumultuari
627 2725 758 2807 primum
774 2731 909 2808 coeptum
925 2739 992 2806 est,
1005 2739 1037 2789 et
1060 2728 1136 2810 ipse,

75 2823 206 2894 quanta
228 2812 363 2874 maxima
391 2812 546 2874 celeritate
572 2821 683 2892 potest,
710 2813 847 2874 concitat
870 2833 971 2876 naves.
1024 2816 1051 2854 ³⁵
1064 2813 1137 2876 ,lam

64 2898 257 2960 omnibuslt
281 2898 310 2960 in
327 2907 493 2980 conspectu
507 2909 594 2960 erant
604 2919 614 2958 a
625 2897 703 2958 'duae
719 2896 838 2960 Punieae
863 2918 955 2960 naves
972 2901 1135 2961 antecede·

62 2985 161 3047 hant
195 2983 370 3046 Romanam
394 2984 533 3060 classem,
559 2983 667 3063 quibus
694 2983 788 3044 obviae
814 2995 876 3046 tres
902 2983 1024 3044 fuerunt
1048 2985 1138 3062 regiae

72 3091 188 3133 naves.
216 3083 249 3133 et
264 3080 298 3131 ut
314 3071 346 3132 in
369 3089 495 3131 numero
511 3068 621 3150 inpari,
647 3068 715 3130 duae
729 3068 818 3149 regiae
841 3087 934 3130 unam
962 3069 1136 3131 circumsis-

41 3165 44 3168 '
71 3165 151 3220 tunt
166 3178 176 3219 t
205 3167 239 3217 et
253 3156 384 3238 primum
399 3155 438 3216 ab
453 3165 584 3234 utroque
599 3154 695 3216 latere
710 3175 809 3216 remos
824 3153 1004 3237 detergunt:
1029 3153 1138 3217 deindo

531 3295 544 3332 ¹¹
556 3315 626 3348 amares
637 3301 705 3350 Cres.

100 3425 128 3462 e
147 3420 218 3472 raas
237 3419 268 3467 aa
288 3417 375 3482 aaa]
390 3417 484 3483 usal„
504 3415 601 3474 aarum
629 3425 655 3465 a
676 3415 792 3478 oaqtna
813 3428 919 3467 mmo·
941 3405 1029 3470 snat
1057 3421 1139 3487 quau.

66 3487 251 3550 cognominem
263 3483 352 3533 inauloe.
629 3482 713 3532 additae
724 3493 822 3545 quatuor
832 3495 857 3533 et
864 3484 945 3548 viginti
959 3487 1072 3538 Eumenis
1084 3490 1138 3539 effi·

101 3553 129 3588 ³⁰
159 3549 284 3598 Phocaeam
311 3545 438 3612 tray'ica'unt]
470 3545 530 3594 Eam
558 3560 598 3592 ur·
629 3548 827 3597 ciuntnumerum
839 3551 1030 3612 quemrolumua.

67 3615 139 3677 bem,
166 3631 248 3679 quum
271 3621 360 3676 pareret
386 3610 513 3669 Antiocho,
534 3621 599 3658 metu
662 3611 684 3646 ⁸³
702 3611 785 3665 Quibus
802 3623 830 3662 ut
848 3615 1032 3675 aequantlaeoum
1050 3619 1132 3682 aornar]

66 3697 125 3732 sese
139 3679 263 3730 Romanis
281 3693 332 3726 turn
350 3677 462 3726 dedidisse
481 3673 599 3738 Appianua
630 3675 718 3724 Volane
743 3677 845 3737 efficere,
862 3689 889 3726 nt
910 3679 994 3728 lerum
1015 3696 1087 3730 cornu
1109 3685 1138 3732 iia

65 3747 173 3796 inlibro
197 3745 230 3792 de
251 3742 349 3807 Syriacis
366 3741 431 3790 bellis
448 3741 527 3792 tradit.
559 3738 598 3788 De
630 3739 763 3803 aequari,id
782 3753 826 3799 eat,
843 3743 955 3806 equuleus
969 3744 1053 3794 habore
1069 3747 1137 3796 hon.

67 3829 97 3863 u
128 3811 205 3861 enim
235 3809 315 3874 procul
340 3805 409 3855 dublo
436 3805 598 3864 intelligendus
628 3817 677 3854 tem
687 3816 771 3869 posset,
787 3806 857 3870 *ipse
876 3807 900 3856 in
917 3809 1022 3858 dextram
1039 3812 1136 3862 tendens

64 3889 117 3938 est,
127 3873 246 3989 quamvis
260 3873 342 3922 vitiose
358 3871 418 3937 apud
436 3885 491 3919 eura
508 3870 598 3933 beatur
628 3870 701 3982 1qltum
709 3871 1020 3984 petiitqqaqbqequentibus
1035 3889 1060 3923 re
1072 3875 1137 3924 nari-

55 3947 127 4041 Ἥ
138 3943 185 4052 oq.
207 4001 314 4066 Phoron]
341 4003 392 4052 lrno
418 4001 449 4048 nd
474 3997 597 4062 Phocaeam,
627 3947 954 4064 aaududrpdtnddrlinquenrsdddddm
971 3950 1136 4002 mum

64 4069 107 4119 ael
132 4071 191 4119 sine
218 4067 380 4133 praepositione
406 4062 530 4112 Phaecam.
562 4063 598 4112 Ex
661 4065 684 4102 ³⁴
700 4064 819 4114 Dolonlbm
839 4065 926 4129 nmis]
951 4067 1056 4118 Dolones
1081 4081 1137 4120 sunt

64 4137 206 4200 quoeoim
228 4133 326 4182 Romani
338 4135 461 4182 Phocaeam
478 4131 599 4192 trajecere,
629 4129 953 4193 insanissimamque
970 4138 1135 4201 supremajora

63 4201 152 4250 nullus
175 4199 242 4247 alius
259 4199 392 4248 oomloatur
409 4195 482 4259 locus,
493 4209 539 4258 quo
556 4207 598 4244 aa·
629 4195 752 4245 celeritatis
762 4210 828 4244 rausa
837 4195 964 4256 eriguntur.

62 4267 223 4328 rigaverint.
660 4261 681 4296 ³⁸
697 4259 750 4308 alum
775 4275 846 4309 omnes
869 4262 894 4308 in
922 4271 1034 4324 coapata
1059 4261 1135 4329 emat]

95 4333 126 4368 ³²
146 4331 258 4379 Centum
275 4323 447 4392 quinqssogiarta]
470 4325 596 4388 Lagecunt
629 4323 761 4386 vugojan
770 4325 878 4374 manibus·
909 4324 956 4374 Sed
973 4328 1076 4376 Andreas
1091 4329 1135 4376 hs.

58 4393 278 4450 JamGronotio,
292 4399 380 4441 emtum
390 4393 490 4454 quinqua.
524 4391 597 4454 Supra
628 4393 762 4440 betoaenea:
788 4391 847 4453 qnod
867 4391 950 4440 merito
965 4393 1050 4457 placuit
1068 4391 1135 4442 Peri.

62 4454 596 4516 asaaicttmc.1tvtuahabuuseman
629 4457 706 4508 aonio.
739 4453 816 4506 Omns
837 4455 947 4510 mane
964 4457 1039 4510 dassia
1053 4473 1132 4512 maes·

115 4547 206 4596 voL.
227 4543 281 4588 111.
668 4543 689 4586 'l'
