3068 5186
384 403 443 456 ⁴04
485 463 495 474 ,
786 395 869 456 mur
891 395 990 454 trun

160 565 168 578 '
221 576 255 626 υ,
266 575 294 624 c,
306 575 361 625 565.
388 553 474 614 mrim
489 550 630 616 Atticum
646 539 770 615 centum
787 550 894 632 viginti
909 561 1028 633 septem
1044 547 1160 612 millia:
1186 550 1213 587 ³·
1223 546 1439 631 cistophorllrn

220 642 358 695 A.c.187.
390 640 523 714 ducenta
550 639 791 722 quinquaginta:
816 641 841 676 ³¹
853 635 1080 719 Philippeorum
1106 657 1268 698 aureorum
1296 653 1439 697 nummo-

390 748 454 788 rum
478 727 611 788 sedecim
634 725 730 787 millia
755 735 907 788 trecentos
937 724 1067 806 vigintiz
1097 735 1130 786 et
1159 745 1245 786 arma
1275 723 1436 806 spoliaque

389 815 487 877 multa
501 811 632 892 Gallica,
657 812 809 896 carpentis
835 822 1018 874 transvecta.
1046 811 1137 873 duces
1160 812 1299 874 hostium
1325 811 1387 872 duo
1406 821 1438 869 et

389 902 610 984 quinquaginta
636 900 720 962 ducti
746 911 820 961 ante
844 919 977 961 currum.
1006 898 1153 960 militibus
1181 903 1209 938 ⁸²
1222 898 1437 980 quadragenos

389 989 477 1050 binos
515 987 654 1049 denarios
684 987 797 1066 divisit,
828 986 941 1068 duplex
966 987 1157 1064 centurioni3
1187 997 1219 1047 et
1246 983 1435 1069 stipendium

390 1073 501 1157 duplex
516 1075 548 1135 in
563 1074 683 1157 pedites
699 1073 795 1151 dedit,
810 1074 922 1155 triplex
946 1073 978 1134 in
1002 1074 1130 1156 equites.
1174 1071 1268 1134 Multi
1295 1071 1434 1134 omnium

389 1162 542 1241 ordinum,
573 1161 678 1231 donati
715 1160 894 1223 militaribus
931 1160 1030 1238 donis,
1066 1181 1185 1224 curmm
1217 1161 1320 1222 secuti
1355 1171 1436 1220 sunt.

389 1248 583 1330 carminaque
600 1248 778 1310 amilitibus
805 1269 843 1309 ea
868 1247 899 1308 in
926 1248 1142 1331 imperatorem
1167 1247 1261 1326 dicta,
1284 1259 1323 1309 ut
1346 1245 1435 1306 facile

389 1334 560 1418 adpareret,
584 1336 617 1397 in
633 1335 741 1408 ducem
756 1335 967 1416 indulgentem
987 1337 1014 1373 ³³
1025 1335 1282 1415 ambitiosumque
1299 1353 1339 1394 ea
1354 1331 1414 1394 dici
1423 1353 1434 1410 ;

389 1423 576 1505 triumphum
600 1443 666 1485 esse
688 1422 811 1483 militari
827 1422 925 1503 magis
941 1421 1055 1500 favore,
1070 1442 1161 1503 quam
1177 1421 1332 1504 populari,
1354 1418 1433 1481 cele-

388 1509 483 1570 brem.
528 1507 590 1571 Sed
606 1509 644 1570 ad
659 1509 764 1591 populi
787 1529 907 1590 quoque
933 1509 1065 1590 gratiam
1093 1509 1322 1571 conciliandam
1348 1507 1437 1569 amici

388 1592 511 1658 Manlii'
535 1595 703 1658 valuerunt.
744 1596 852 1676 quibus
890 1596 1095 1658 adnitentibus
1127 1595 1436 1658 'senatusconsultum

387 1680 503 1744 factum
519 1694 575 1758 est,
591 1679 660 1743 ‘Ut
675 1703 712 1744 ex
727 1683 867 1765 pecunia,
882 1703 947 1766 quae
961 1683 993 1743 in
1009 1683 1163 1766 triumpho
1178 1684 1333 1745 translata
1344 1692 1434 1758 esset,

387 1767 440 1806 ‘³⁴
453 1769 637 1852 stipendium
653 1770 808 1832 conlatum
823 1770 967 1852 apopulo
979 1770 1011 1831 in
1023 1771 1189 1853 publicum,
1200 1771 1286 1853 quod
1302 1768 1370 1852 ejus
1385 1791 1435 1830 so-

387 1854 399 1887 ‘
414 1855 513 1918 lutum
536 1867 626 1918 antea
639 1877 700 1918 non
716 1869 806 1934 esset,
822 1855 1008 1919 solveretur!
1053 1855 1184 1919 Vicenos
1200 1858 1313 1940 quinos
1334 1869 1368 1919 et
1388 1878 1436 1918 se-

388 1941 495 2004 misses
511 1943 542 2004 in
558 1943 655 2004 millia
666 1945 731 2005 aeris
743 1956 906 2028 quaestores
921 1944 1027 2005 urbani
1043 1965 1112 2005 cum
1127 1944 1189 2006 fide
1200 1957 1233 2007 et
1248 1965 1325 2007 cura
1336 1945 1431 2006 solve-

388 2041 468 2092 runt.
490 2027 546 2092 Per
558 2031 640 2092 idem
652 2031 888 2114 tempustribuni
899 2030 1097 2093 militumduo
1104 2051 1142 2092 ex
1148 2032 1268 2094 duabus
1275 2029 1431 2114 Hispaniis

389 2137 459 2178 cum
474 2117 570 2179 literis
586 2116 622 2179 C.
638 2117 734 2181 Atinii
759 2129 790 2179 et
806 2117 842 2179 L.
859 2116 981 2196 Manlii,
1001 2119 1052 2198 qui
1079 2139 1129 2180 cas
1155 2120 1331 2202 provincias
1349 2119 1427 2181 obti-

388 2205 513 2284 nebant,
530 2217 684 2268 venerunt.
729 2203 777 2266 Ex
802 2206 839 2267 iis
863 2204 957 2266 literis
984 2206 1142 2286 cognitum
1168 2216 1226 2283 est,
1254 2205 1425 2269 Celtiberos

388 2287 608 2373 Lusitanosque
632 2293 664 2353 in
690 2293 780 2353 armis
804 2312 880 2370 esse,
895 2302 927 2353 et
942 2291 1091 2354 sociorum
1109 2313 1197 2374 agros
1213 2293 1367 2376 populari.
1393 2294 1430 2354 de

387 2397 425 2440 ea
439 2399 470 2440 re
485 2378 739 2441 consultationem
765 2379 913 2461 integram
937 2387 1058 2440 senatus
1082 2379 1122 2441 ad
1148 2401 1242 2442 novos
1268 2381 1431 2462 magistra-

386 2521 410 2557 et
427 2511 450 2558 in
468 2510 632 2574 exemplaribus
642 2523 695 2559 ante
706 2527 760 2560 eum
773 2511 840 2560 editis
851 2527 889 2560 re·
922 2512 978 2559 buta
1005 2527 1080 2560 serino
1106 2525 1175 2570 esset,
1194 2530 1241 2562 ooo
1270 2515 1367 2579 privatis
1391 2515 1428 2562 eli·

387 2577 476 2639 peritur
494 2578 545 2624 haec
562 2577 638 2633 lectio,
653 2593 720 2640 qnam
735 2577 774 2625 illa
787 2575 891 2641 plurimis
923 2577 975 2640 quid
987 2577 1120 2626 solvendum
1138 2595 1166 2627 ex
1185 2581 1264 2627 aerario
1280 2581 1373 2638 suisset,
1390 2581 1430 2628 sed

387 2641 536 2689 verbisvelut
555 2657 664 2690 nasama
682 2657 707 2691 ee
724 2643 834 2706 proditam
855 2659 890 2691 es·
921 2644 1001 2706 privari
1034 2644 1148 2692 immunes
1181 2646 1276 2693 faciendi
1301 2661 1317 2693 e
1336 2648 1429 2694 solm-

385 2707 466 2754 serult.
500 2707 688 2755 Nectsmenillr
705 2707 775 2756 altera
793 2708 891 2773 scriptu·
921 2711 952 2756 do
965 2725 994 2757 eo
1009 2711 1068 2772 quod
1086 2712 1165 2758 aerario
1186 2712 1300 2760 deburat.
1334 2713 1424 2776 Super·

386 2785 420 2827 re,
434 2787 502 2835 quarn
521 2773 614 2820 damnet
636 2773 706 2830 idern,
725 2785 787 2822 caret
809 2791 904 2826 exem..
921 2787 957 2822 eet
968 2791 1021 2834 ergo
1032 2788 1057 2822 ut
1069 2776 1106 2825 bic
1123 2793 1198 2824 sermo
1212 2793 1257 2824 esse
1277 2777 1426 2826 existimetur

401 2836 436 2883 lis.
468 2835 526 2886 Vide
545 2854 612 2902 supra
628 2838 646 2886 l.
664 2851 768 2887 xxxvtt.
784 2855 804 2889 c.
816 2843 855 2892 59.
866 2855 891 2891 et
921 2841 950 2888 de
967 2842 1062 2903 petuma
1073 2859 1085 2888 a
1096 2844 1187 2906 privetis
1198 2843 1274 2890 collate
1292 2845 1319 2890 td
1337 2842 1423 2905 juven·

396 2912 496 2950 .xxxv.
509 2920 530 2951 c.
542 2904 582 2950 2⁰.
922 2906 973 2952 dem
984 2907 1062 2954 aeraria
1077 2907 1184 2970 inopiam
1214 2907 1258 2955 Sed
1275 2923 1318 2956 ner
1334 2923 1424 2956 nomen

417 2965 442 2999 ³⁰
464 2966 613 3030 Cistoplrorltm
651 2968 746 3016 ducenta
783 2973 891 3033 quinqua.
920 2973 1023 3030 stipendii
1050 2972 1083 3020 sic
1103 2989 1204 3036 unquam
1228 2977 1348 3036 accepturi
1378 2991 1429 3024 ene

383 3032 460 3095 finio]
486 3033 570 3098 Supple
591 3031 669 3081 millia.
707 3032 821 3083 Denarior
841 3053 890 3083 am·
922 3036 1036 3092 novimus,
1050 3040 1359 3104 etprtetereapostfinitum
1378 3039 1427 3088 bel-

385 3096 445 3160 pliue
459 3099 560 3148 133333.
592 3098 683 3147 Merena
698 3101 787 3163 argenti
805 3114 891 3151 nosna-
922 3099 970 3148 lum
982 3103 1093 3150 Punicum
1105 3105 1231 3152 secumdum
1249 3105 1313 3152 nullo
1330 3105 1372 3152 tali
1389 3123 1429 3154 tu·

384 3161 562 3226 resplusaota.
922 3165 976 3216 xilio
1003 3169 1131 3230 respublica
1157 3172 1245 3232 eguisse
1269 3183 1427 3229 memoratum

416 3228 437 3261 ³¹
459 3225 622 3290 Philippeorum
662 3246 779 3277 carmin
823 3248 888 3279 nam.
922 3246 1065 3294 querentem
1084 3239 1186 3296 pecuniae
1203 3251 1245 3300 per
1263 3237 1322 3284 illud
1342 3236 1427 3284 bellom

383 3307 468 3340 nwmm
482 3295 572 3351 tulerim
592 3293 663 3342 millia
680 3293 803 3360 CCCXX]
829 3297 889 3345 Pon·
921 3313 934 3344 a
959 3297 1051 3361 privatis
1072 3301 1254 3362 collaturam,
1274 3317 1356 3350 earum
1375 3302 1428 3349 ulti-

383 3361 426 3407 dur
437 3357 480 3406 erit
491 3374 617 3407 marcarum
638 3362 776 3408 nocentium
795 3364 889 3425 emplius
921 3377 982 3412 mam
1004 3365 1134 3427 pensionem
1156 3369 1254 3415 solutam
1278 3384 1330 3415 esse
1351 3383 1427 3414 oam-

384 3423 440 3472 509.
921 3429 1050 3487 urstisius,
1066 3431 1083 3480 l.
1104 3435 1289 3482 xxxnt.c.42.
1323 3433 1427 3480 Secundo
1524 3481 1525 3486 ,

414 3486 605 3552 ”Qrtodrogenor
622 3490 680 3537 binos
699 3490 808 3554 Άιπαήω]
835 3493 887 3542 lla·
920 3494 980 3556 quod
1001 3495 1108 3544 dicontur
1128 3508 1253 3558 quaestores
1275 3500 1360 3546 olom
1378 3501 1426 3560 qai-

383 3553 428 3601 claa
446 3554 534 3612 argenti
553 3567 664 3604 normate-s
681 3561 704 3605 5.
723 3572 775 3604 cum
792 3559 888 3618 duobus,
919 3575 957 3606 noa
970 3569 999 3613 et,
1011 3564 1103 3610 umber
1123 3563 1147 3610 in
1164 3564 1235 3612 millia
1255 3565 1307 3611 ests
1327 3564 1426 3620 robiate,

383 3633 409 3667 ut
421 3631 510 3676 avocant,
520 3622 607 3677 grossis.
918 3623 1000 3673 horum
1011 3627 1103 3688 quidem
1112 3628 1231 3676 verborum
1243 3631 1279 3678 sic
1294 3631 1358 3676 nude
1368 3631 1427 3692 poei-

414 3683 464 3717 ³³⁸
478 3685 629 3748 Amlririrunm]
654 3683 703 3732 Qui
725 3688 795 3734 nimia
813 3687 886 3737 sacili.
918 3703 994 3738 totum
1015 3707 1094 3740 sensus
1116 3709 1161 3741 nou
1180 3695 1290 3743 obscurare
1309 3707 1353 3743 eet.
1387 3695 1426 3742 ln·

381 3761 429 3797 tate
440 3752 532 3808 gratiam
544 3752 601 3812 apud
613 3752 697 3799 milites
708 3763 827 3816 captasset.
918 3757 1054 3816 telliguntur
1077 3759 1145 3807 facile
1173 3759 1196 3806 in
1226 3761 1316 3822 singule
1343 3761 1427 3810 edum

414 3813 582 3875 ³⁴Stipendium
605 3817 707 3863 collatum
725 3835 739 3864 a
762 3821 841 3879 pqmln
861 3821 886 3868 in
918 3821 986 3868 millio
998 3823 1070 3872 viceni
1082 3824 1252 3888 etqninitsres
1269 3843 1325 3874 curn
1345 3830 1428 3874 semb-

378 3879 509 3943 pollinem]
542 3878 605 3933 Quid
615 3881 724 3942 significet
735 3882 835 3932 hocloco
846 3885 885 3932 Li·
916 3889 1271 3953 aesolutieaseequoestoribm.
1302 3893 1348 3940 Sed
1361 3907 1427 3953 qure-

380 3946 509 4002 vitabant!
528 3945 594 3993 facite
612 3961 647 3996 est
665 3959 774 3996 statuere.
809 3949 884 3998 Prima
916 3965 1034 4001 namsunt
1053 3956 1091 4003 illa
1110 3957 1194 4004 assium
1213 3958 1303 4006 millia?
1326 3974 1426 4022 quona-

380 4009 501 4059 dillicultar
521 4013 621 4060 occurrit
641 4015 664 4059 in
683 4029 737 4061 voce
754 4017 884 4075 ,stipendium
905 4010 978 4066 ¹mine
997 4021 1116 4070 solvuntur
1135 4022 1210 4070 viceni
1230 4037 1256 4072 et
1277 4023 1342 4086 quini
1363 4041 1427 4074 asses

380 4092 432 4138 quse
450 4091 495 4125 nec
512 4091 552 4140 pro
571 4079 661 4126 militari
681 4079 794 4142 stipendio
815 4083 883 4142 accipi
916 4099 969 4132 cum
987 4087 1099 4135 semisse?
1117 4087 1156 4135 An
1174 4103 1293 4137 usurarum
1312 4093 1427 4139 nomiae?

378 4153 463 4204 potest,
485 4143 514 4189 de
538 4159 583 4206 quo
606 4143 643 4192 bic
660 4145 724 4191 nullo
746 4145 813 4192 modo
836 4148 882 4206 agi·
916 4163 993 4213 utpro
1007 4151 1100 4212 singulis
1117 4154 1201 4200 assium
1221 4153 1323 4203 millibus
1341 4173 1427 4218 qun

379 4220 432 4266 rur;
455 4223 530 4270 neque
548 4225 590 4272 pro
608 4212 694 4256 tributo
711 4211 819 4257 acivibas
836 4213 882 4260 eol·
915 4216 1002 4262 civrbru
1023 4219 1104 4265 collata
1123 4217 1206 4275 forent,
1228 4233 1314 4284 praetet
1335 4236 1426 4270 sortem

378 4269 740 4335 leto,(quumvisinterdurnboc
758 4293 826 4324 sensu
843 4293 881 4324 su·
915 4283 984 4327 etiam
996 4281 1067 4330 viceni
1079 4294 1102 4330 et
1113 4284 1178 4344 quini
1188 4301 1252 4334 mee
1265 4301 1320 4333 cum
1339 4289 1426 4335 remis-

379 4349 462 4395 matur,
481 4349 506 4386 nt
526 4339 542 4386 l.
561 4353 587 4387 rr.
605 4359 627 4388 c.
646 4345 682 4404 9.)
700 4343 882 4404 quandoquidem
914 4347 1023 4394 sensuris
1041 4360 1221 4399 numerarentur.
1255 4351 1288 4400 ltt
1306 4353 1434 4418 interme-¹

379 4413 502 4462 quaestores
530 4405 608 4452 urbani
633 4421 685 4452 mox
707 4410 814 4454 dicuntur
830 4425 882 4457 cum
916 4423 978 4459 tatur
994 4411 1136 4462 Glareanus:
1154 4429 1196 4463 nos
1215 4431 1267 4466 reru
1283 4433 1383 4467 omnem
1404 4421 1427 4466 io

378 4481 432 4513 cura
450 4479 474 4515 et
493 4469 537 4516 fide
556 4471 645 4517 solvisse
669 4473 797 4533 pecuniam,
817 4489 882 4520 nem·
915 4477 1158 4541 mediorelinquimus.

377 4547 407 4596 pe
417 4532 509 4597 priuatis
521 4536 658 4596 execratio,
678 4539 697 4583 si
708 4549 785 4586 tutem
799 4539 827 4586 de
839 4541 883 4587 tri.
