3110 5204
435 377 513 440 Lus.
527 379 673 442 xxxut
688 379 879 440 CARXLll.
1079 404 1085 418 ·
1127 387 1185 446 145

141 531 154 566 ‘
170 549 295 609 meum,
307 529 417 595 deirrde
428 541 462 592 et
471 529 656 616 Philippum,
671 531 987 618 ⁷usurpsndo'aliena
997 535 1184 617 possedisse:
1197 556 1231 608 u,
1243 555 1273 611 c,
1285 563 1343 612 ssu

140 617 152 650 ⁴
169 617 252 680 sicut
266 617 404 697 quedam
419 638 458 678 ex
472 619 614 700 proxima
626 619 769 700 Thracia,
783 639 848 702 quae
862 620 1032 682 indubitate
1047 618 1185 704 Lysima-
1197 625 1229 672 A.
1238 625 1269 674 C·
1283 629 1338 677 1⁹6·

141 703 154 735 ‘
170 703 224 766 ehi
239 702 362 765 fuerint.
404 702 477 764 ⁸Ad
492 725 529 766 es
543 705 685 768 facienda
699 707 730 768 in
746 707 903 790 antiquum
917 706 1054 769 venisse:
1078 718 1111 769 et
1124 706 1186 792 lry-

140 788 364 867 ‘simuchism,
384 789 516 852 deletam
530 789 685 854 Thracum
701 793 817 876 inpetu,
837 793 876 854 de
899 793 1019 874 integro
1042 792 1186 872 condere,

143 875 156 907 ‘
172 885 209 936 ut
223 873 369 936 Seleucus
379 874 457 938 filius
472 897 540 938 eam
555 877 657 939 sedem
673 879 758 959 regni
774 876 905 942 habeat!
1050 922 1051 926 =

160 1005 163 1012 .
190 959 274 1024 XLl.
296 959 356 1030 His
378 961 648 1045 disceptationibus
674 985 729 1047 per
755 966 820 1028 dies
846 966 964 1047 aliquot
990 966 1113 1044 habitis,
1135 983 1331 1038 rur-heinfare·

144 1067 214 1112 mor
229 1049 295 1110 sine
310 1047 373 1110 ullo
395 1049 470 1110 satis
485 1061 570 1112 certo
584 1061 710 1114 auctore
729 1051 850 1114 adlatus
865 1052 904 1115 de
919 1063 1017 1116 morte
1030 1052 1185 1116 Ptolomaei
1196 1050 1333 1103 anemos..

147 1133 240 1214 regis,
267 1137 326 1196 ”ut
349 1133 448 1196 nullus
464 1136 563 1198 exitus
578 1136 774 1222 inponeretur
788 1139 986 1202 sermonibus.
1011 1160 1083 1202 nam
1098 1141 1186 1204 diesi·

142 1220 281 1284 mulabat
306 1231 533 1304 pessumisque
555 1244 589 1284 se
612 1224 731 1286 audisse
742 1247 752 1302 3
780 1234 813 1286 et
833 1223 866 1285 la
882 1223 1050 1304 Cornelius,
1077 1227 1126 1288 eui
1141 1227 1187 1288 le-

146 1306 233 1386 gatio
258 1306 299 1368 ad
320 1306 395 1368 duos
421 1327 518 1390 reges,
542 1309 729 1373 Antiochum
751 1309 1017 1392 Ptolemaeumque,
1041 1311 1189 1376 mandato

149 1403 229 1469 eret,
253 1391 384 1474 spatium
404 1393 517 1456 modici
540 1398 683 1480 temporis
699 1418 718 1457 s
730 1395 970 1458 conveniendum
991 1396 1188 1460 Ptolemaeum

147 1478 292 1558 petebat:
325 1480 351 1516 ¹⁰
362 1489 406 1556 ut,
429 1481 604 1562 priusquam
627 1493 796 1544 moveretur
818 1481 933 1562 aliquid
958 1483 990 1542 in
1016 1503 1097 1545 nova
1117 1505 1194 1565 poe--

147 1563 283 1634 sessione
298 1565 393 1645 regni,
407 1568 576 1648 perveniret
595 1568 627 1629 in
642 1565 834 1650 AEgyptum3
860 1578 894 1629 et
906 1567 1078 1630 Antiochus
1101 1587 1189 1630 suam

148 1647 217 1710 fore
334 1661 410 1729 tum,
438 1656 461 1691 ¹¹
474 1653 500 1714 si
524 1665 591 1716 turn
616 1653 736 1716 occasio
757 1664 847 1730 esset,
874 1654 1026 1715 censebat.
1071 1651 1192 1734 ltaque,

150 1733 283 1798 dimissis
324 1736 452 1816 omanis,
476 1738 640 1820 relictoque
666 1737 794 1802 Seleuco
817 1739 881 1800 filio
905 1759 973 1800 curn
1000 1739 1189 1802 terrestribus

149 1821 251 1902 copiis
273 1821 310 1882 sd
336 1823 565 1902 restituendam,
590 1825 834 1901 ut'imtituemt,
861 1821 1097 1906 Lysimachiam,
1124 1826 1190 1906 ipse

148 1907 235 1968 omni
251 1907 346 1970 classe
366 1909 513 1989 navigans
535 1909 702 1990 Ephesum,
725 1909 833 1990 legatis
860 1908 900 1970 ad
923 1909 1100 1978 Quinctium
1115 1911 1191 1972 mis·

148 1991 203 2069 sie,
227 1995 252 2032 ¹²
261 1993 313 2074 qui
328 1992 369 2056 ad
382 1993 476 2056 fidem
498 1995 536 2056 tle
552 1995 701 2057 societate
723 2004 857 2076 egerent,
880 2015 966 2056 oram
980 1994 1060 2056 Asius
1074 1995 1200 2076 legens'

147 2079 287 2158 pervenit
316 2079 350 2140 in
385 2076 530 2162 Lyciam:
568 2079 744 2161 Patarisque
779 2081 915 2161 cognito,
951 2081 1049 2142 vivere
1088 2079 1190 2142 Ptole-

147 2182 270 2239 mm,
296 2165 459 2245 navigandi
484 2167 606 2247 quidem
622 2166 654 2227 in
669 2164 840 2249 AEgyptum
863 2167 1008 2228 omissum
1030 2165 1190 2228 consilium

146 2257 205 2308 est.
251 2247 384 2332 Cyprum
399 2251 596 2314 nihilominus
618 2251 758 2329 tendens,
780 2271 871 2331 quum
887 2250 1103 2313 Chelidonium
1118 2273 1191 2334 pro·

145 2335 336 2397 montorium
351 2350 534 2417 superasset,
558 2337 722 2420 paullisper
740 2337 889 2399 seditione
910 2337 1058 2418 remigum
1081 2350 1128 2400 est
1142 2359 1190 2400 re-

146 2429 251 2483 tentus
277 2420 310 2482 in
333 2418 511 2506 Pamphylia
536 2423 618 2486 eirca
642 2421 909 2506 Eurymedontem.
929 2423 1062 2484 amnem.¹
1115 2420 1192 2485 Inde

145 2504 321 2587 profectum
336 2527 406 2570 eum
431 2511 456 2547 ¹⁸
468 2509 508 2570 ad
531 2511 634 2591 capits
660 2508 738 2589 (quse
752 2509 875 2588 vocant)
904 2506 970 2570 Sari
987 2508 1118 2570 fluminis
1132 2507 1189 2570 fue·

149 2591 191 2653 ds
204 2601 371 2674 tempestas
386 2594 494 2657 oborta
515 2595 608 2678 prope
628 2613 698 2656 cum
721 2593 805 2656 omni
821 2594 917 2656 classe
932 2593 1087 2656 demersit.
1110 2593 1189 2655 mul·

147 2687 188 2738 tre
201 2697 292 2738 naves
309 2677 469 2759 1‘ejectser
497 2681 599 2742 multos
613 2681 657 2742 ita
671 2681 786 2741 haustis
806 2681 892 2757 mari,
919 2690 954 2742 ut
976 2699 1067 2741 nemo
1081 2680 1113 2740 in
1129 2691 1189 2742 ter·

147 2783 215 2826 ram
229 2765 372 2826 enaverit
416 2763 600 2848 Magnetis
625 2767 784 2828 hominum
810 2766 850 2826 ibi
867 2765 994 2844 interiit,
1019 2785 1082 2828 non
1098 2766 1190 2826 remi-

147 2869 221 2931 gum
250 2861 371 2912 tantum
396 2851 584 2933 militumque
609 2853 796 2934 ignotonrm,
827 2853 881 2916 sed
907 2851 1000 2912 etiam
1026 2851 1190 2932 insignium

149 2935 328 2999 amicorum.
352 2935 526 3001 ‘Conleotis
552 2939 684 3022 reliquiis
708 2938 871 3019 naufragii,
895 2957 988 3019 quum
1011 2958 1058 2998 res
1079 2957 1142 2998 non
1158 2937 1190 2996 in

148 3041 188 3088 ,eo
203 3033 292 3100 esset,
307 3033 343 3085 ut
357 3021 490 3106 Cyprum
505 3036 649 3103 tentaret,
670 3025 771 3086 minus
788 3024 935 3106 opulento
950 3024 1082 3105 agmine,
1098 3039 1190 3103 quam

150 3105 306 3186 proiectus
326 3120 403 3186 erat,
426 3108 609 3174 Seleuciam
622 3111 711 3173 redit,
737 3111 778 3178 ibi
803 3111 929 3173 subduci
951 3109 1078 3171 naribus
1097 3106 1195 3188 jussis

150 3189 227 3273 (jam
242 3194 323 3254 enim
337 3203 389 3254 etc
412 3197 510 3258 hiems
532 3196 679 3277 instabat)
707 3198 773 3280 ipse
795 3197 827 3258 in
850 3197 978 3259 hiberna
991 3192 1189 3255 Antiochiam

147 3278 307 3360 processit.
350 3276 386 3339 ln
401 3279 459 3342 hoc
474 3293 556 3344 statu
572 3303 676 3363 regum
692 3294 780 3342 erant
795 3303 853 3342 res.

193 3359 294 3426 XLII.
317 3361 420 3428 Romae
435 3387 472 3428 eo
488 3367 620 3449 primum
645 3386 726 3427 anno
742 3371 767 3404 ¹⁵
779 3364 926 3427 triumviri
942 3361 1089 3446 epulones
1103 3363 1188 3443 faeti,
1199 3390 1324 3441 Triumviri

1201 3458 1321 3524 epulones.
1416 3485 1417 3492 κ

542 3506 554 3534 ⁶
564 3508 586 3550 et
596 3497 640 3547 del.
652 3497 725 3546 Gron.
735 3499 803 3548 Crer-

181 3585 193 3621 ⁷
210 3583 226 3614 '
239 3584 379 3652 Unrrpcndo]
394 3590 439 3638 Pro
450 3589 498 3637 suis
508 3589 615 3637 tenendo.
685 3587 746 3651 rent]
756 3587 802 3635 Vel
817 3587 919 3636 edenda
935 3587 972 3636 her
988 3601 1055 3636 voces
1070 3590 1100 3636 od
1108 3587 1191 3652 Μαι,

179 3648 560 3717 urasodeusnomiquum]
582 3653 654 3711 Meus
685 3653 722 3702 rel
749 3653 893 3715 corrigenda.
935 3654 1064 3702 Gronovius
1083 3655 1192 3704 emendat

149 3711 213 3761 livii
223 3727 309 3779 aperte,
319 3719 386 3766 verbs
402 3721 479 3767 viriste
493 3729 555 3766 sunt.
588 3718 654 3779 Legit
684 3719 769 3766 didm.

148 3776 480 3848 Grmwtussamsutgoos
496 3785 522 3830 ia
538 3785 654 3846 emiquurn
719 3783 739 3818 ¹⁸
754 3783 790 3830 Ad
800 3781 998 3846 cupito....Sor'i]
1009 3784 1070 3832 Cere
1080 3781 1192 3844 intelliges

142 3844 195 3903 jus,
205 3847 349 3896 tieem.
685 3847 774 3896 fontes:
803 3850 842 3896 sed
864 3847 939 3911 potins
958 3849 1058 3897 tumulos
1081 3848 1190 3908 quosdsru

185 3910 198 3946 ⁹
216 3909 333 3959 Uteullur
348 3912 427 3976 uitur]
443 3914 507 3962 Ante
525 3913 568 3962 hss
585 3927 655 3962 voces
685 3913 780 3960 fortusse
790 3928 816 3961 sc
827 3929 895 3976 rupes
905 3912 929 3960 in
940 3911 1017 3960 littore
1029 3912 1113 3960 stsri
1124 3911 1192 3969 ostie,

149 3973 414 4042 cnciditvcrbnmsecit.
685 3978 875 4041 quemadmodum
886 3975 982 4024 nonne
1016 3973 1190 4024 eholinThes-

185 4037 208 4070 ¹⁰
226 4037 413 4108 [ltprimum]
430 4043 489 4092 llere
507 4057 554 4091 nou
575 4043 654 4092 eristi·
686 4043 920 4104 nlismontesetque
931 4053 996 4087 rursu
1015 4073 1022 4088 .

148 4104 299 4154 munissent
310 4107 370 4155 diets
380 4107 604 4172 polsmsComeliot
616 4110 656 4156 sed
721 4109 741 4142 ¹⁴
759 4105 875 4170 *liam
891 4107 919 4153 ln
929 4105 1001 4152 littus.

148 4169 280 4230 ment
291 4173 421 4232 camillum,
431 4173 569 4237 quodtscits
579 4185 657 4222 mente
721 4173 742 4207 ¹⁵
760 4172 880 4220 Triumviri
900 4166 1019 4230 Epulones]
1049 4165 1134 4216 Dorum
1160 4177 1192 4218 est

149 4234 211 4296 spud
221 4235 386 4287 revolvebst.'
687 4238 722 4286 hir
740 4253 823 4294 mmor,
839 4234 914 4298 inquit
933 4233 1024 4288 Fusus,
1043 4235 1100 4296 wll
1117 4235 1200 4302 ‘PM

184 4297 204 4336 ¹¹
221 4299 247 4346 Si
273 4307 323 4348 tuor
347 4307 426 4352 milo
450 4303 511 4365 suet]
541 4304 613 4364 Lege,
638 4305 657 4352 ri
687 4303 798 4350 budiomdi
822 4301 874 4348 loni
897 4299 1013 4360 ceterisque
1033 4299 1075 4345 diis
1098 4306 1191 4360 potestu-

147 4366 322 4414 ¹¹⁸tttoersrione
338 4375 397 4424 aret,
414 4379 454 4416 sat
470 4368 529 4416 eliud
547 4370 602 4430 quid
623 4367 656 4416 si·
687 4375 730 4414 terr
756 4367 864 4414 minent
908 4361 984 4410 Docet
1003 4361 1103 4418 Tullius,
1123 4363 1191 4412 hm.

148 4427 215 4476 mlle·
687 4433 716 4479 ds
728 4430 801 4480 Onu.
814 4431 852 4480 7³.
872 4443 916 4491 qua
934 4428 963 4474 de
978 4441 1043 4476 caure
1059 4427 1191 4475 crestilue-

182 4491 204 4528 ¹²
220 4491 267 4548 Qui
289 4496 320 4544 ed
337 4494 409 4560 fidon
433 4499 461 4551 dr
485 4500 583 4549 nciam
602 4513 655 4564 oge-
686 4496 740 4547 rint.
788 4493 911 4558 Pontifices,
935 4491 1019 4556 inquit,
1041 4500 1130 4555 propter
1154 4505 1194 4540 ro·
