3026 5164
256 411 262 418 ·
343 402 403 464 roa
724 385 847 460 sucu
866 399 968 461 urvu
1052 395 1057 402 ’

180 571 319 628 uasto.
345 557 435 621 ‘csse
445 559 566 638 debent,
576 559 608 619 in
619 557 733 619 crimen
744 558 846 620 vertis.
870 557 1009 637 Ego,nec
1020 557 1109 619 obses
1119 551 1272 618 Romanis
1280 565 1316 618 ut
1326 565 1383 618 tra·

180 640 252 694 Μ·
266 642 318 692 182.
345 645 358 680 ‘
372 647 468 722 derer,
481 667 537 708 nec
551 656 584 706 ut
593 645 710 726 legatus
726 645 863 705 mitterer
884 643 1025 722 Romam,
1048 644 1132 728 petii.
1148 665 1167 704 a
1178 655 1210 705 te
1224 643 1332 704 missus
1345 643 1386 704 ire

346 734 358 766 ‘
372 753 432 794 non
441 733 584 794 recusavi.
596 741 722 812 utroque
735 742 871 814 tempore
883 731 928 792 ita
940 751 989 791 rne
1001 731 1089 811 gessi,
1100 751 1139 792 ne
1149 730 1204 792 tibi
1217 730 1342 812 pudori,
1350 749 1390 790 ue

346 819 357 854 ‘
371 839 465 901 regno
472 829 537 895 tuo,
548 837 585 878 ne
596 816 680 898 genti
691 805 895 877 Macedonum
907 837 1014 878 essem.
1038 815 1143 898 itaque
1155 817 1231 877 mihi
1244 835 1318 877 cum
1331 814 1393 876 Ro·

347 907 359 939 ‘
373 906 470 966 manis
483 903 621 964 amicitiae
631 923 736 963 caussa
744 913 779 963 tu
793 903 886 981 fuisti,
899 913 994 984 pater.
1016 901 1125 973 Quoad
1136 914 1239 964 tecum
1253 901 1316 963 iilis
1331 921 1393 988 patr

348 990 520 1067 ‘manebit
530 1008 649 1050 mecum
662 1007 781 1070 quoque
796 989 895 1070 gratia
905 989 977 1050 erit:
1000 989 1026 1050 si
1041 989 1152 1049 beilum
1168 1009 1232 1050 esse
1249 989 1392 1071 coeperit,

348 1078 360 1112 ‘
375 1077 425 1158 qui
435 1078 535 1152 obses,
542 1076 592 1156 qui
602 1075 868 1157 legatuspropatre
877 1095 938 1136 non
947 1075 1061 1136 inutilis
1072 1075 1324 1153 fui,idem,hostis
1334 1074 1394 1137 illis

349 1163 361 1198 ‘
376 1163 537 1226 acerrimus
548 1183 610 1223 ero.
633 1159 698 1222 Nec
711 1161 812 1239 hodie,
823 1172 858 1221 ut
869 1162 963 1243 prosit
973 1161 1046 1222 mihi
1059 1162 1156 1242 gratia
1167 1160 1390 1238 Romanorum,

350 1249 362 1283 ‘
376 1249 512 1332 postulo;
525 1269 564 1310 ne
575 1248 666 1326 obsit,
676 1259 795 1308 tantum
806 1246 960 1331 deprecor.
971 1267 1026 1309 nec
1037 1248 1067 1308 in
1077 1247 1156 1308 bello
1166 1249 1271 1330 coepit,
1281 1247 1390 1308 necad

351 1338 361 1370 ‘
375 1335 486 1397 bellum
498 1345 670 1396 reservatur.
693 1331 779 1394 Pacis
791 1333 898 1415 pignus
913 1333 966 1411 sui,
978 1334 1017 1394 ad
1026 1353 1133 1415 pacem
1143 1333 1337 1394 retinendam
1346 1332 1392 1394 le-

349 1423 362 1455 ‘
375 1433 463 1504 gatus
477 1422 584 1482 missus
597 1441 671 1481 sum.
686 1429 795 1480 neutra
805 1439 850 1480 res
863 1420 937 1481 mihi
948 1440 1003 1480 nec
1014 1419 1126 1500 gloriae,
1138 1441 1196 1480 nec
1207 1421 1328 1480 crimini
1341 1421 1392 1480 sit.

349 1508 360 1540 ‘
374 1507 452 1588 Ego,
467 1508 491 1568 si
504 1507 576 1588 quid
587 1507 669 1587 iupis
680 1506 711 1566 in
721 1517 763 1584 te,
773 1516 867 1588 pater,
877 1507 901 1567 si
915 1506 988 1588 quid
996 1506 1140 1567 scelerate
1153 1507 1184 1566 in
1197 1505 1325 1567 fratrem
1334 1505 1393 1566 ad-

349 1595 361 1628 ‘
375 1595 454 1672 misi,
476 1593 589 1654 nullam
605 1593 751 1675 deprecor
766 1613 899 1673 poeuam.
921 1593 946 1653 si
967 1592 1112 1653 innocens
1126 1613 1205 1670 sum,
1220 1613 1260 1653 ne
1276 1592 1392 1652 invidia

348 1680 360 1713 ‘
375 1679 569 1761 conflagrem,
585 1697 679 1760 quum
694 1679 820 1740 crimine
830 1698 890 1740 non
902 1679 1190 1762 possim,deprecor.
1211 1676 1285 1739 Non
1297 1677 1394 1740 hodie

349 1767 361 1800 ‘
376 1786 424 1827 me
436 1765 566 1848 primum
584 1763 676 1826 frater
697 1767 832 1826 accusat:
856 1765 909 1826 sed
921 1765 1011 1826 hodie
1026 1765 1157 1846 primunr
1175 1775 1288 1847 aperte,
1304 1763 1392 1826 nullo

348 1854 361 1886 ‘
376 1872 445 1912 meo
460 1852 534 1912 inse
546 1851 663 1913 merito.
688 1848 722 1911 si
732 1851 806 1911 mihi
818 1861 902 1933 pater
914 1863 1113 1929 succenseret,
1125 1861 1157 1912 te
1166 1849 1310 1932 majorem
1323 1850 1390 1911 fra·

349 1940 361 1975 ‘
375 1950 451 2000 trem
465 1959 521 2020 pro
533 1938 647 1998 minore
659 1936 812 2021 deprecari
826 1937 996 2019 oportebat,
1007 1949 1039 1998 te
1051 1937 1271 2014 adolescentia,
1285 1951 1318 1999 te
1337 1957 1385 1998 er·

349 2025 362 2058 ‘
376 2025 436 2087 rori
448 2025 565 2084 veniam
575 2025 747 2106 impetrare.
758 2026 784 2064 ⁴⁹
795 2024 825 2083 in
835 2045 883 2101 eo,
894 2025 945 2084 ubi
958 2023 1127 2105 praesidium
1138 2039 1205 2084 esse
1216 2023 1388 2104 oportebe'st,

350 2113 361 2145 ‘
377 2111 417 2172 ibi
430 2111 552 2172 exitium
563 2121 617 2171 est.
640 2107 701 2171 ⁵⁰E
711 2109 848 2170 convivio
860 2120 892 2170 et
901 2109 1182 2171 comissationibus·
1194 2110 1387 2192 propesemi-

350 2199 362 2232 ‘
376 2217 499 2259 somnus
509 2207 611 2278 raptus
617 2216 682 2257 sum
693 2197 731 2256 ad
737 2217 873 2257 caussam
883 2195 1035 2278 parricidii
1048 2196 1220 2258 dicendam.
1229 2199 1254 2236 ⁶¹
1264 2195 1385 2257 sinnad-

350 2285 362 2318 ‘
375 2283 500 2360 vocatis,
515 2284 580 2344 sine
591 2269 737 2364 patronis,
748 2283 812 2364 ipse
823 2301 879 2364 pro
889 2303 938 2344 me
950 2281 1050 2343 dicere
1058 2303 1162 2364 cogor.
1185 2285 1214 2322 ⁵¹
1220 2279 1253 2343 Si
1263 2303 1317 2364 pro
1325 2281 1386 2342 alio

349 2370 361 2404 ‘
377 2369 538 2430 dicendum
558 2379 648 2446 esset,
663 2379 783 2450 tempus
799 2369 837 2428 ad
851 2368 1080 2430 meditandum‘
1095 2378 1126 2430 et
1140 2369 1389 2450 componendam

289 2487 298 2498 -
350 2455 542 2516 ‘·orationem
554 2455 735 2532 sumsisscm,
745 2457 772 2494 ⁶³
780 2449 872 2535 quum
882 2455 956 2537 quid
966 2453 1060 2533 aliud,
1069 2475 1159 2538 quarn
1169 2455 1284 2536 ingenii
1296 2455 1390 2531 fama,

350 2542 362 2575 ‘
376 2541 560 2622 periclitarer
568 2541 585 2600 i·
602 2538 738 2621 Ignarus,
750 2541 823 2621 quid
834 2543 991 2603 arcessitus
1004 2561 1111 2618 essem,
1126 2553 1156 2602 te
1171 2541 1281 2603 iratum
1293 2553 1325 2603 et
1335 2540 1389 2624 ju-

350 2627 497 2688 ‘bentem
514 2626 614 2688 dicere
627 2647 775 2705 caussam,
786 2627 910 2690 fratrem
926 2639 1119 2689 accusantem
1129 2627 1238 2690 audivi.
1266 2626 1321 2688 ssle
1334 2627 1387 2688 diu

349 2712 362 2744 ‘
376 2724 448 2774 ante
459 2723 635 2794 praeparata,
644 2712 791 2774 meditata
802 2713 832 2775 in
842 2735 890 2775 mc
900 2715 1037 2776 oratione
1048 2726 1095 2776 cst
1104 2735 1171 2775 usus
1181 2737 1190 2774 τ
1202 2735 1259 2793 ego
1270 2713 1302 2773 id
1312 2725 1380 2773 tau-

351 2801 442 2860 ‘tum
466 2797 623 2881 temporis,¹
645 2819 706 2880 quo
726 2811 881 2860 accusatus
896 2821 973 2878 sum,
989 2801 1027 2862 ad
1044 2800 1289 2882 cognoscendum,
1305 2797 1380 2879 quid

352 2888 364 2920 ‘
378 2895 526 2966 ageretur,
541 2885 644 2945 habui.
666 2882 777 2946 Utrum
791 2898 948 2949 momento
957 2886 1009 2948 illo
1018 2887 1101 2948 horae
1111 2897 1309 2947 accusatorem
1324 2903 1381 2945 au-

346 2974 364 3006 ·‘
379 2971 498 3033 diram?
516 2991 554 3031 an
566 2969 771 3032 defensionem
783 2972 967 3034 meditarer?
989 2973 1154 3034 Adtonitus
1169 2971 1322 3054 repentino
1337 2981 1385 3032 at·

272 3061 276 3070 “
352 3060 364 3092 ‘
380 3078 438 3141 que
451 3057 611 3139 inopinato
626 3057 718 3134 malo,
732 3057 794 3134 vix,
810 3058 882 3138 quid
899 3057 1089 3138 objiceretur,
1101 3058 1270 3138 intelligere
1280 3057 1387 3140 potui:

353 3146 364 3178 ‘
378 3145 489 3208 nedum
501 3143 573 3204 satis
585 3143 689 3221 sciam,
700 3144 862 3223 quomodo
872 3165 920 3205 me
931 3157 1026 3206 tuear.
1049 3145 1132 3215 Quid
1143 3145 1218 3205 mihi
1227 3145 1292 3226 spei
1300 3153 1391 3222 esset,

341 3231 363 3266 ·⁴
379 3230 435 3292 nisi
452 3239 567 3312 patrem
571 3227 708 3311 judicem
717 3230 880 3294 haberem?
899 3231 979 3312 apud
991 3253 1080 3312 quem
1095 3231 1215 3293 etiarnsi
1232 3231 1358 3293 caritate
1371 3249 1392 3290 a

353 3318 364 3378 ‘.
379 3317 469 3380 tratre
479 3314 594 3396 majore
604 3315 717 3393 vincor,
728 3315 934 3377 misericordia
943 3329 1025 3379 certa
1034 3337 1101 3379 reus
1115 3317 1194 3378 uinci
1210 3338 1273 3378 non
1284 3317 1392 3378 debeo.

349 3404 365 3438 '‘
379 3401 446 3484 Ego
462 3403 555 3478 enirn,
569 3413 603 3462 ut
619 3422 667 3464 me
678 3403 753 3463 mihi
768 3401 883 3483 tibique
895 3423 1004 3482 serves,
1019 3424 1146 3486 precor:
1173 3403 1236 3480 ille,
1250 3412 1286 3464 ut
1299 3423 1347 3463 me
1362 3403 1393 3463 in

348 3491 366 3524 ·‘
380 3489 572 3551 securitatem
588 3507 674 3550 suam
689 3489 822 3565 occidas,
844 3490 986 3571 postulat.
1019 3489 1101 3561 Quid
1116 3511 1197 3568 euru,
1208 3509 1308 3570 quum
1323 3509 1392 3569 reg-

349 3578 366 3610 ⁴
380 3595 453 3636 num
469 3575 496 3636 ei
512 3574 682 3653 tradideris,
706 3574 855 3636 facturum
880 3576 977 3637 credis
1002 3577 1034 3638 in
1060 3587 1134 3637 meu
1157 3597 1235 3653 esse,
1258 3577 1310 3658 qui
1327 3573 1393 3657 jam

341 3663 367 3750 '⁴
381 3661 614 3742 nuucsanguine
630 3681 700 3722 meo
715 3661 771 3722 sibi
786 3660 933 3743 indulgeri
948 3682 1065 3744 oequum
1081 3675 1186 3724 censet
1196 3661 1220 3724 i'

342 3787 517 3836 flammatum
527 3779 596 3834 'Creu
640 3779 806 3833 ‘suffundam
816 3767 1049 3836 Grod.Crev.Doer.
1095 3787 1236 3836 ramea
1244 3785 1398 3840 Gramcter.

386 3875 545 3931 ultumi
560 3875 748 3934 presidium...
767 3874 797 3922 ibi
812 3877 858 3923 eai-
890 3876 1281 3940 Adoocutaueetisquiedestreo,
1299 3879 1395 3926 etseei

357 3945 414 3991 ticon
424 3940 467 4003 est]
485 3940 532 3988 Hae
548 3953 615 3986 vocet
633 3940 657 3985 ia
675 3953 698 3986 eo
719 3937 778 3985 nibil
798 3939 859 3986 aliud
889 3941 964 3988 severe
975 3953 1188 4003 penaeasteeutur.
1215 3941 1336 4001 Patronus,
1352 3945 1393 4007 qui

356 4009 462 4058 ridentur
484 4019 541 4061 eree,
565 4018 632 4066 quam
657 4004 776 4064 glomemt,
799 4005 861 4066 quod
890 4021 931 4070 pro
941 4021 981 4053 reo
991 4008 1055 4054 dicit.

356 4074 385 4120 ad
403 4071 559 4136 explicandum
576 4067 607 4116 cd
624 4069 663 4115 ubi
679 4069 773 4130 margini
791 4085 860 4133 appo·
922 4070 945 4104 Β
955 4069 980 4116 Si
995 4087 1035 4131 pm
1050 4072 1093 4118 aiio
1109 4073 1223 4118 dioermrm
1238 4071 1301 4132 etet]
1331 4073 1395 4123 Hae

337 4139 427 4192 ‚eitum
450 4136 477 4184 ia
504 4143 595 4184 textum
626 4134 709 4182 deinde
737 4133 859 4198 irrepserit.
891 4137 962 4197 armis
978 4135 1086 4184 decerent
1103 4137 1242 4198 Romanum,
1259 4151 1300 4184 aur
1319 4139 1400 4187 Athe-

357 4202 447 4250 Victor.
457 4201 528 4248 codex
539 4199 624 4249 omittit
633 4199 667 4246 ia.
890 4202 994 4250 nieasem
1010 4202 1094 4258 civem,
1114 4216 1182 4264 quam
1203 4201 1260 4261 regis
1282 4202 1398 4252 Macedo·

389 4265 445 4312 ⁶0E
465 4268 560 4314 carcinio
584 4272 604 4312 et
630 4262 781 4326 embtmioae]
821 4264 859 4315 Sic
891 4267 1040 4315 numfilium.
1071 4266 1155 4330 Neque
1165 4266 1227 4314 enim
1237 4268 1277 4314 trio
1288 4269 1396 4316 messuit

357 4327 420 4378 vict.
437 4330 508 4378 codex
518 4342 542 4378 et
559 4330 675 4378 Andreae:
693 4329 774 4377 melius
785 4345 861 4391 quam,
892 4333 916 4379 in
927 4349 1021 4393 regnum
1032 4331 1097 4396 aulis,
1119 4345 1146 4380 ut
1160 4346 1242 4379 eorum
1259 4332 1300 4379 filii
1317 4349 1399 4382 canu

358 4405 386 4442 ut
414 4395 488 4454 rugo,
519 4394 704 4442 comissationibus.
746 4394 861 4456 Imquitur
891 4409 991 4446 orarent.

357 4458 711 4508 enimdecomissationenoctis
728 4462 860 4523 praeceden-
923 4463 971 4498 ⁶³⁸
984 4461 1060 4514 Quaen
1083 4465 1136 4526 quid
1157 4459 1232 4524 atiud]
1267 4462 1300 4510 Ee
1317 4473 1400 4510 umen

358 4525 396 4574 tit.
597 4559 600 4566 ·
875 4536 956 4584 ¹tunc,
973 4530 1088 4590 quoduam
1108 4527 1167 4575 aliud
1190 4528 1318 4590 periculum
1350 4529 1401 4579 ndi·

390 4589 502 4656 imina
527 4590 640 4647 αάωωείε,
668 4591 714 4638 uae
745 4591 854 4656 patronis]
889 4605 948 4653 rem,
959 4608 1026 4657 quam
1034 4595 1062 4645 de
1072 4593 1157 4656 ingenii
1167 4593 1248 4642 bna?
