3080 5196
370 387 434 444 tm
793 377 876 438 TlTl
898 373 1002 438 mvn-

186 603 191 618 ,
207 537 242 592 tt
252 537 283 588 a.
293 537 350 590 tat.
376 547 408 598 et
424 533 585 597 duodecim
601 533 700 616 clipea
714 533 868 596 inaurata:
885 543 917 594 et
931 529 1025 593 iidem
1037 530 1190 616 porticum
1205 541 1292 594 extra
1305 544 1426 616 portam

176 634 180 643 “
207 599 278 661 ⁸⁴⁰·
288 605 343 654 Μ·
373 619 583 702 Trigeminam
598 623 625 659 ⁴⁴
641 621 721 682 inter
737 620 881 702 lignarios
896 619 1043 680 lecerunt.

386 783 388 785 Ι
416 706 519 769 XLII.
543 706 671 769 lntentis
698 707 729 766 in
755 707 935 788 adparatum
955 704 1027 765 novi
1051 705 1122 765 belli
1147 702 1307 782 Romanis,
1331 725 1371 766 ne
1392 705 1429 768 ab

374 794 530 858 Antiocho
546 793 670 874 quidem
695 788 879 854 cessabatur.
922 788 999 854 Tres
1018 811 1088 854 eum
1111 791 1250 852 civitates
1267 792 1427 872 tenebam,

374 877 516 963 Smyrna,
540 890 572 941 et
585 877 772 942 Alexandria
793 877 902 956 Troas,
926 889 958 938 et
983 875 1191 958 Lampsacus3
1229 873 1313 958 quas
1328 897 1427 960 neque

373 967 402 1027 vi
419 985 593 1048 expugnare
609 963 649 1025 ad
664 985 733 1026 eam
748 965 829 1026 diem
849 969 876 1003 ⁴⁵
888 963 1379 1046 poterat,'ncque.conditionibus
1395 965 1425 1026 in

373 1051 542 1113 amicitiam
557 1051 713 1133 perlicere,
728 1071 826 1131 neque
843 1072 861 1111 a
875 1063 962 1130 tergo
986 1051 1166 1129 relinquere,
1186 1046 1342 1131 trajiciens
1363 1051 1428 1133 ipse

373 1139 406 1206 in
423 1135 589 1219 Europam,
611 1138 740 1199 volebat.
783 1135 897 1198 Tenuit
911 1157 982 1198 cum
997 1148 1029 1197 et
1050 1135 1089 1196 de
1109 1131 1282 1198 Hannibale
1310 1136 1426 1199 delibe-

205 1231 319 1309 Anuochi
332 1233 362 1284 ds
375 1225 466 1286 ratio.
493 1223 535 1287 Et
549 1225 647 1306 primo
662 1245 753 1285 naves
770 1235 892 1306 apertae,
905 1242 979 1303 quas
994 1243 1064 1284 cum
1080 1241 1117 1284 eo
1133 1222 1278 1284 missurus
1293 1223 1325 1283 in
1341 1221 1423 1284 Afri-

204 1297 338 1376 Hmnnan
374 1332 442 1377 cam
458 1310 568 1388 fuerat,
581 1321 704 1376 moratae
719 1323 805 1371 sunt:
831 1309 950 1384 deinde,
962 1329 1001 1372 an
1016 1309 1142 1372 omnino
1155 1307 1322 1384 mittendus
1335 1323 1426 1387 esset,

206 1362 349 1417 ‘mmm
374 1397 559 1460 consultatio
574 1399 659 1458 mota
683 1408 739 1474 est,
761 1397 895 1465 maxime
910 1416 929 1456 a
942 1391 1085 1456 Thoante
1106 1393 1224 1472 AEtolo,
1240 1395 1304 1476 qui,
1325 1397 1424 1458 omni-

372 1485 429 1544 bus
445 1484 476 1544 in
490 1481 608 1546 Graecia
622 1483 754 1545 tumultu
778 1482 949 1564 eompletis,
965 1480 1195 1542 Demetriadem
1219 1480 1380 1544 adferebat
1393 1484 1424 1546 in

373 1579 527 1652 potestate
542 1589 629 1632 esse:
654 1581 696 1647 et,
713 1569 821 1650 quibus
846 1567 1012 1630 mendaciis
1029 1567 1067 1632 de
1083 1587 1165 1649 rege,
1189 1567 1423 1657 multiplicando

373 1655 470 1716 verbis
495 1655 598 1738 copias
622 1654 696 1736 ejus,
727 1666 866 1717 erexerat
894 1654 1060 1715 multorum
1086 1653 1119 1713 in
1146 1650 1264 1715 Graecia
1293 1655 1422 1732 animos,

375 1741 483 1804 iisdem
498 1754 530 1803 et
552 1743 630 1824 regis
646 1763 732 1824 spem
748 1741 892 1803 inflabat:
928 1740 938 1774 ‘
954 1739 1091 1802 omnium
1106 1739 1185 1800 votis
1209 1759 1279 1802 eum
1303 1741 1424 1803 arcessi.

373 1825 385 1860 ‘
400 1848 580 1890 concursum
596 1829 633 1892 nd
651 1829 741 1890 litora
752 1827 896 1904 firturum,
908 1826 989 1887 unde
1005 1825 1132 1888 classem
1148 1825 1263 1907 regiam
1276 1847 1422 1910 prospex-

372 1912 511 1984 ‘ssissent'
556 1912 618 1976 Hic
641 1915 723 1976 idem
739 1935 829 1976 ausus
844 1913 883 1975 de
898 1911 1073 1974 Hannibale
1093 1924 1275 1976 estmovere
1299 1924 1421 1975 senten·

370 1999 446 2062 tiam
463 2021 558 2082 prope
569 1999 636 2082 jam
649 2011 764 2062 certam
779 2001 867 2081 regis.
882 2019 954 2060 nam
977 1999 988 2030 ⁶
1002 2019 1098 2079 neque
1114 1998 1330 2060 dimittendam
1353 2019 1420 2082 par·

370 2086 383 2119 ‘
397 2098 460 2147 tem
477 2088 598 2150 navium
609 2108 628 2148 a
640 2087 735 2148 classe
746 2084 840 2167 regia'
857 2085 1018 2147 censebat:
1043 2085 1089 2124 ‘⁶‘
1103 2079 1213 2164 neque,
1224 2085 1250 2145 si
1266 2086 1421 2150 mittenda

371 2173 385 2204 ‘
397 2192 487 2233 naves
503 2173 614 2251 forent,
624 2172 725 2234 minus
740 2171 938 2254 quempiam¹³
948 2171 976 2230 ei
985 2170 1086 2248 classi,
1098 2191 1189 2252 quam
1201 2167 1420 2252 Hannibalem,

369 2257 632 2340 ‘praeficiendum
677 2257 823 2322 Exsulem
839 2258 924 2319 illum
939 2268 972 2318 et
994 2255 1121 2318 Poenum
1136 2277 1214 2334 esse,
1229 2259 1278 2334 cui
1295 2258 1377 2320 mille
1391 2259 1421 2320 in

369 2343 382 2378 ‘
396 2343 461 2406 dies
477 2365 557 2406 nova
567 2345 695 2408 consilia
705 2345 751 2406 vel
763 2345 886 2406 fortuna
897 2365 961 2422 sua,
971 2344 1018 2405 vel
1030 2343 1185 2424 ingenium
1201 2345 1302 2426 possit
1312 2344 1424 2407 faeere.

369 2430 381 2464 ‘
394 2427 436 2502 Et
451 2430 548 2512 ipsam
563 2451 632 2492 eam
647 2429 776 2513 gloriam
791 2430 873 2507 belli,
899 2449 959 2511 qua
972 2430 1055 2492 velut
1070 2429 1141 2492 dote
1164 2427 1322 2495 Hannibal
1345 2452 1421 2494 con·

369 2515 525 2594 ‘cilietur,
539 2516 666 2578 nimiam
683 2517 714 2576 in
730 2515 872 2598 praelecto
888 2517 972 2598 regio
984 2537 1059 2577 esse.
1104 2514 1222 2598 Regem
1238 2519 1264 2564 ⁴⁷
1272 2516 1421 2600 conspici,

329 2651 333 2658 .
370 2601 497 2680 ‘regern
514 2617 606 2663 unum
623 2602 743 2679 ducem,
761 2623 853 2664 unum
874 2603 1088 2685 imperatorem
1103 2601 1198 2662 videri
1219 2602 1338 2664 debere.
1386 2601 1421 2665 Si
1527 2613 1535 2632 ⁹

370 2685 381 2718 ‘
396 2687 535 2765 classem,
560 2689 585 2749 si
600 2688 767 2751 exercitum
794 2688 917 2750 amittat
939 2687 1106 2765 Hannibal,
1121 2688 1202 2750 idem
1217 2689 1319 2750 damni
1342 2688 1423 2770 lore,

369 2771 381 2803 ‘
396 2771 469 2832 acsi
485 2793 539 2854 per
555 2773 647 2838 alium
663 2773 772 2834 ducem
796 2774 987 2836 amittantur.
1003 2772 1116 2857 siquid
1131 2795 1268 2858 prospere
1283 2775 1423 2854 eveniat,

369 2857 379 2889 ‘
394 2855 578 2919 Hannibalis
592 2879 672 2938 earn,
686 2879 748 2920 non
764 2859 920 2937 Antiochi,
944 2860 1072 2940 gloriam
1087 2859 1164 2922 lore.
1205 2857 1323 2922 sivero
1343 2862 1421 2924 uni-

368 2942 481 3020 ‘verso
504 2943 585 3006 bello
599 2945 738 3006 vincendi
761 2943 918 3006 Romanos
944 2946 1066 3009 fortuna
1091 2945 1190 3024 detur,
1215 2966 1306 3028 quam
1329 2965 1420 3030 spem

368 3027 468 3108 ‘esse,
495 3031 551 3091 snb
579 3052 650 3112 rege
675 3032 824 3093 victurum
850 3030 1133 3103 Hannibalemnni
1160 3031 1344 3114 subjectum,
1368 3033 1424 3115 qui

368 3113 379 3146 ‘
394 3115 522 3195 patriam
538 3137 633 3199 prope
655 3137 716 3179 non
732 3117 857 3179 tulerit?
890 3115 962 3179 Non
983 3119 1026 3178 ita
1041 3139 1072 3180 se
1088 3139 1108 3178 a
1117 3117 1244 3198 juventa
1258 3139 1331 3180 eum
1347 3139 1419 3202 ges·

367 3200 477 3279 ‘sisse,
504 3223 557 3284 spe
571 3204 735 3283 animoque
756 3203 950 3286 complexum
972 3205 1052 3266 orbis
1075 3217 1222 3267 terramm
1246 3205 1420 3287 imperium,

368 3286 428 3348 ‘ut
442 3288 474 3348 in
490 3300 647 3351 senectute
657 3289 821 3350 dominum
838 3288 952 3350 laturus
967 3291 1114 3353 videatur.
1158 3288 1280 3353 Nihilo
1301 3311 1337 3354 us
1355 3311 1420 3354 esse

367 3372 377 3403 ‘
393 3373 455 3453 regi
471 3373 645 3436 Hannibale
661 3376 748 3453 duee,
759 3376 875 3450 comite
890 3387 922 3438 et
937 3376 1110 3438 consiliario
1125 3375 1232 3437 eodem
1306 3378 1420 3440 bellum

366 3457 436 3518 ‘uti
452 3480 551 3540 posse.
597 3463 622 3498 ⁴⁸
629 3459 790 3522 Modicum
806 3462 937 3523 fructum
961 3483 999 3524 ex
1015 3462 1138 3542 ingenio
1154 3463 1208 3524 tali
1229 3483 1331 3544 neque
1345 3484 1416 3546 gra·

365 3543 469 3623 ‘vem,
486 3565 583 3625 neque
598 3546 735 3610 inutilem
752 3547 825 3608 fore.
842 3549 866 3609 si
877 3569 996 3610 summa
1010 3558 1166 3630 petantur,
1180 3558 1213 3610 et
1229 3547 1366 3628 dantem,
1382 3559 1416 3612 et

365 3629 384 3692 ‘c
392 3629 593 3711 accipientem
606 3632 848 3714 praegravatum!

776 3730 926 3796 lampacem
937 3733 1006 3782 Cres.

394 3939 417 3973 44
432 3936 496 3986 Inrsr
514 3940 628 4004 lignarios]
647 3941 702 3992 Hoc
719 3917 811 3992 videtur
826 3959 870 3992 uo·
934 3944 957 3979 44
976 3943 989 3972 “
1004 3917 1260 4006 Μοάὶσιιυι]νιιὲιιωι’..
1272 3914 1322 3996 ...εἰ
1332 3913 1418 3996 saud

331 4047 332 4050 ,
362 4013 417 4050 nen
435 4018 486 4052 esse
497 4005 541 4053 loci
550 4006 583 4054 sie
594 4005 675 4054 dictis
690 4007 791 4072 lignariis
802 4009 871 4073 opili·
901 4007 1018 4070 tammus]
1039 4009 1306 4058 tauriniensem
1320 4024 1416 4074 respur-

363 4066 871 4134 c‘ibusritautr'nterligncn'oreademsorma
902 4073 966 4122 dent.
1000 4074 1025 4122 Si
1047 4074 1102 4122 saris
1120 4074 1203 4122 habeat
1230 4089 1272 4122 rex
1298 4075 1416 4126 modicam

363 4131 461 4243 ἀὶᾒιυὲ,
472 4151 515 4197 qur
524 4135 605 4248 lpipil
613 4137 635 4184 Β.
646 4139 704 4184 inter
712 4140 767 4186 daos
775 4139 843 4190 lucos.
901 4138 1012 4250 papatum,
1028 4138 1140 4188 modicam
1158 4135 1285 4216 utilitatem
1298 4155 1328 4217 en
1338 4139 1413 4188 Aur-

391 4200 583 4324 „nu
607 4211 798 4264 ³⁶⁴
901 4205 1415 4334 ³³³¹·ss

360 4323 435 4400 elassa]
456 4325 504 4374 Hrc
526 4325 555 4374 rb
571 4346 707 4394 quanquam,
727 4334 788 4396 quod
805 4333 869 4396 Sigo-
901 4330 1059 4398 nculopcsse.
1083 4335 1418 4401 Atsiexeosumraspeut.

360 4400 414 4434 mus
424 4389 511 4440 afferte
522 4407 563 4440 suo
574 4393 687 4452 librc,nor
698 4397 722 4444 io
733 4399 799 4448 vics
810 4415 869 4462 quo.
901 4398 919 4445 si
932 4399 1043 4447 maximos
1062 4415 1164 4462 quosque
1180 4398 1279 4448 fruetus·
1287 4416 1317 4450 ex
1333 4416 1370 4457 eo,
1387 4411 1415 4448 ut

359 4467 406 4528 <pre
417 4466 506 4504 errmre
523 4460 691 4520 comperimus:
708 4463 783 4524 aptius
796 4467 870 4514 visum
901 4477 930 4510 ex
949 4479 1030 4526 magno
1051 4465 1120 4521 duce,
1137 4465 1156 4512 si
1179 4467 1291 4530 quaesitu
1308 4463 1414 4525 tebald

360 4529 396 4566 sat
407 4535 485 4584 quam,
500 4524 614 4584 quemodo
629 4524 695 4586 vulgo
710 4527 776 4588 editi,
794 4543 867 4594 ptam·
900 4529 993 4594 utrique
1005 4529 1164 4581 ncriurntore.
