3044 5194
220 468 223 478 .
283 505 286 512 Ι
353 429 373 481 a
440 423 442 430 ¹
748 415 949 478 rmnrvu
1037 369 1040 376 ’

188 587 222 638 U.
232 589 262 639 c.
275 591 331 642 551.

186 655 218 704 A.
230 653 259 707 C.
271 657 324 706 2⁰1.

353 587 554 639 conservaret.
597 571 716 638 Eodem
731 571 792 637 fe're
808 585 943 658 tempore
965 569 998 635 P.
1014 567 1116 634 AElius
1130 572 1234 634 consul
1261 572 1293 634 in
1312 567 1388 634 Gal-

354 665 404 744 lie,
426 683 517 748 quum
538 663 671 734 audisset
684 685 703 725 a
717 660 800 724 Boiis
822 674 893 724 ante
917 681 1002 722 suum
1026 659 1189 722 adventum
1203 655 1389 724 incursiones

352 750 383 812 in
406 771 493 832 agros
520 745 670 814 sociorum
698 749 803 825 factas,
831 748 945 810 duabus
966 746 1135 828 legionibus
1160 744 1310 808 subitariis
1336 758 1387 808 tu·

352 837 465 899 multus
479 835 544 919 ejus
559 857 665 898 caussa
676 835 808 917 scriptis,
823 833 994 916 additisque
1009 832 1049 894 ad
1064 854 1114 894 eas
1133 843 1262 916 quatuor
1277 833 1388 895 cohor-

352 923 431 985 tibus
446 923 484 984 de
499 923 632 984 exercitu
647 941 711 998 suo,
739 925 761 960 ¹¹
784 918 823 982 C.
837 919 973 1002 Oppium
997 919 1171 1000 prefectum
1192 919 1306 980 socium
1330 919 1388 980 hae

353 1009 548 1071 tumultuaria
562 1029 654 1070 manu
670 1011 695 1046 ¹²
705 1027 759 1089 per
773 1004 935 1068 Umbriam
953 1004 1057 1086 (quam
1076 1005 1188 1068 tribum
1209 1003 1388 1088 Sappiniam

353 1095 474 1174 vocant)
501 1115 604 1176 agrum
627 1091 772 1155 Boiorum
798 1093 938 1154 invadere
948 1090 1050 1174 jussit.
1066 1092 1130 1174 ipse
1154 1091 1275 1169 eodem,
1298 1113 1387 1174 aper-

353 1194 387 1243 to
413 1181 529 1258 itinere,
555 1183 643 1262 ¹³per
663 1179 779 1240 medios
801 1191 921 1241 montes
949 1177 1045 1240 duxit.
1088 1177 1215 1268 Oppius,
1238 1178 1388 1260 ingramus

258 1273 262 1280 '
354 1267 485 1328 hostium
511 1267 596 1345 lines,
625 1265 723 1348 primo
752 1263 961 1347 populationes
988 1265 1061 1326 satis
1086 1284 1228 1346 prospere
1254 1285 1290 1326 ac
1319 1276 1388 1327 tuto

247 1413 250 1420 ,
353 1352 436 1414 fecit.
459 1352 578 1413 delecto
596 1351 705 1414 deinde
724 1351 765 1412 ad
787 1361 918 1412 castrum
933 1349 1079 1412 Mutilum
1092 1349 1168 1411 satis
1181 1349 1292 1412 idoneo
1307 1351 1387 1430 loco,
1405 1403 1408 1408 .

188 1704 317 1784 90...

185 1785 325 1820 mmm·

187 1847 226 1888 m
235 1854 250 1885 1
262 1836 329 1888 me

354 1438 394 1499 ad
416 1438 599 1500 demetenda
622 1436 773 1499 frumenta
799 1435 873 1518 (jam
897 1436 978 1497 enim
1001 1449 1126 1498 matura
1145 1435 1391 1521 erant'segetesl

353 1523 515 1606 proiectus,
529 1544 628 1605 neque
643 1523 800 1606 explorato
816 1523 906 1599 cirea,
928 1542 985 1583 nec
1000 1521 1178 1583 stationibus
1194 1517 1266 1583 'satis
1281 1521 1387 1602 firmis,

353 1629 418 1690 quae
440 1622 563 1672 armatae
585 1611 714 1670 inermes
737 1619 828 1688 atque
853 1607 936 1690 operi
957 1607 1090 1668 intentos
1109 1609 1288 1687 artarentur,
1304 1610 1387 1690 posi-

352 1695 403 1774 tis,
423 1696 577 1779 inproviso
595 1695 699 1776 inpetu
714 1691 870 1756 Gallorum
892 1713 961 1754 cum
983 1692 1252 1784 frumentatoribus
1265 1709 1313 1757 est
1327 1695 1387 1756 cir-

353 1797 538 1846 cumventus.
583 1778 657 1841 lnde
679 1800 771 1862 pavor
793 1780 922 1863 fugaque
942 1778 1033 1840 etiam
1054 1791 1186 1842 armatos
1201 1781 1292 1862 cepit.
1334 1781 1386 1844 Ad

352 1880 467 1952 septem
483 1866 579 1930 millia
601 1866 757 1928 hominum
774 1867 878 1949 palata
898 1886 952 1948 per
973 1877 1089 1948 segetes
1104 1878 1175 1929 suut
1189 1881 1285 1928 cesae
1308 1868 1386 1930 iuter

351 1975 427 2037 quos
451 1955 515 2036 ipse
537 1951 574 2015 C.
584 1951 702 2036 Oppius
726 1951 893 2035 prefectus.
916 1953 1008 2014 ceteri
1032 1953 1064 2014 in
1087 1965 1188 2015 castra
1201 1963 1286 2016 metu
1300 1975 1385 2016 eom·

351 2040 442 2124 pulsi,
456 2040 527 2101 inde
547 2039 613 2100 sine
627 2050 712 2101 certo
735 2039 811 2101 duce
824 2059 972 2102 consensu
986 2038 1109 2101 militari
1124 2039 1263 2122 proxima
1284 2053 1387 2120 noete,

351 2127 457 2189 relicta
477 2145 590 2206 magna
611 2136 698 2208 parte
717 2146 817 2187 rerum
837 2146 968 2204 suamm,
992 2125 1032 2186 ad
1053 2125 1208 2187 consulem
1223 2147 1278 2208 per
1292 2128 1386 2190 saltus

351 2233 447 2296 prope
461 2212 558 2274 invios
572 2231 744 2293 pervenere.
769 2213 831 2293 qui,
855 2212 914 2275 nisi
937 2211 1018 2292 quod
1039 2212 1202 2293 populatus
1225 2225 1272 2274 est
1292 2211 1385 2274 Boio-

353 2319 418 2360 rum
447 2297 534 2377 fines,
564 2307 596 2358 et
621 2319 690 2360 cum
721 2296 863 2379 Ingaunis
892 2296 1051 2380 Liguribus
1080 2297 1178 2360 foedus
1206 2297 1269 2375 icit,
1300 2299 1385 2377 nihil,
1499 2355 1502 2362 .

353 2385 434 2468 quod
459 2395 539 2445 esset
561 2383 769 2461 memorabile,
793 2385 875 2447 aliud
900 2385 931 2446 in
949 2381 1105 2466 'provincia
1126 2405 1217 2466 quum
1232 2386 1386 2466 gessisset,

353 2470 484 2533 Romam
501 2468 601 2531 rediit.

397 2554 454 2620 llI.
476 2555 577 2627 Quum
591 2557 722 2639 primum
745 2566 883 2620 senatum
908 2555 1026 2634 habuit,
1048 2556 1189 2619 universis
1203 2557 1385 2640 postulanti-

351 2645 419 2720 bus,
445 2662 483 2704 ne
509 2662 600 2723 quam
621 2643 704 2726 prius
727 2663 802 2720 rem,
829 2653 919 2725 quam
945 2642 983 2703 de
1012 2640 1152 2727 Philippo
1177 2645 1385 2727 sociorumque

351 2727 492 2812 querelis,
519 2739 641 2810 ageret3
673 2729 802 2791 relatum
824 2727 977 2811 extemplo
1006 2740 1071 2792 est:
1106 2729 1295 2811 decrevitque
1323 2729 1384 2792 fre-

351 2835 445 2898 quens
467 2829 600 2894 senatua,
625 2827 660 2877 ut
674 2813 709 2877 P.
717 2813 818 2876 AElius
837 2814 953 2892 consul,
977 2835 1065 2896 quem
1081 2815 1231 2878 videretur
1251 2811 1291 2894 ei,¹
1315 2838 1384 2880 cum

351 2900 480 2984 imperio
494 2901 639 2979 mitteret,
662 2901 724 2983 qui,
747 2902 843 2963 classe
864 2912 1000 2985 accepta,
1023 2921 1115 2982 quam
1140 2924 1179 2964 ex
1201 2899 1306 2967 Sicilia
1328 2903 1386 2966 Cn.

350 2986 494 3049 Octavius
520 2989 687 3065 reduceret,
716 2985 746 3047 in
777 2986 992 3050 Macedoniam
1022 2987 1187 3071 trajiceret.
1231 2986 1278 3051 M.
1292 2985 1385 3052 Vale·

350 3072 411 3134 rius
439 3071 575 3137 Levium
598 3079 764 3156 propraetor
787 3074 905 3151 missus,
935 3073 1015 3135 circa
1035 3071 1187 3136 Vibonem
1210 3073 1385 3156 duodequa-

352 3159 493 3241 draffi‘nta
517 3160 643 3222 navibus
662 3161 700 3222 ab
723 3157 780 3222 Cn.
795 3159 923 3222 Octavio
948 3160 1092 3241 acceptia,
1112 3162 1144 3222 in
1168 3158 1384 3224 Macedoniam

350 3248 527 3309 transmisit
557 3245 712 3327 adquam
739 3266 832 3327 quum
862 3243 910 3308 M.
935 3244 1074 3307 Aurelius
1100 3245 1215 3329 legatus
1243 3247 1385 3326 venisset,

350 3332 578 3413 edocuissetque
604 3353 684 3410 eum,
706 3343 836 3413 quantos
851 3331 1013 3409 exercitus,
1032 3344 1179 3415 quantum
1192 3333 1313 3396 navium
1326 3355 1383 3395 nu·

349 3439 467 3480 merum
482 3430 687 3500 comparasset
700 3439 763 3496 rex,
787 3431 819 3480 et
831 3416 1087 3498 quemadmodum
1107 3419 1189 3480 circa
1202 3437 1307 3482 omnes
1323 3441 1384 3484 non

351 3504 535 3566 continentis
556 3503 649 3564 modo
667 3503 767 3582 urbes,
786 3504 842 3564 sed
863 3504 957 3565 etiam
981 3503 1102 3581 insulas,
1124 3504 1236 3586 partim
1250 3505 1316 3588 ipse
1330 3506 1386 3568 ad-

351 3587 463 3666 eundo,
487 3588 597 3670 partim
612 3607 667 3670 per
682 3589 810 3670 legatos,
830 3588 964 3650 conciret
986 3590 1122 3652 homines
1137 3589 1177 3652 ad
1191 3610 1276 3654 arma
1284 3615 1294 3670 3
1317 3613 1384 3655 ma-

346 3673 415 3756 jore
430 3685 542 3736 conatu
557 3672 703 3736 Romanis
718 3676 751 3737 id
765 3675 983 3758 capessendum
994 3675 1106 3738 bellum
1122 3697 1199 3755 esse,
1218 3699 1268 3757 ne,
1291 3698 1385 3742 eunc-

350 3760 484 3824 tantibus
498 3761 546 3839 iis,
562 3760 686 3822 auderet
701 3759 867 3845 Philippus,
882 3761 965 3843 quod
987 3759 1115 3845 Pyrrhus
1136 3764 1218 3847 prius
1241 3784 1329 3827 ausus
1344 3785 1384 3828 ex

385 3944 405 3978 ¹¹
423 3943 452 3993 C.
463 3941 569 4008 Oppium]
586 3941 648 4011 Ante
663 3943 782 4005 &ouium
797 3944 854 3994 edixi
884 3944 950 3994 nobie
968 3947 1103 4010 pennatam
1121 3947 1179 3997 bane
1197 3961 1266 3997 uuam
1283 3948 1386 4000 nime

350 4008 466 4059 habebam
478 4009 613 4070 &Appium
623 4009 732 4058 Mutavit
741 4009 793 4059 illea
810 4025 854 4059 aee
885 4011 996 4068 tribubus.
1012 4011 1037 4059 in
1057 4027 1114 4075 quas
1133 4013 1217 4062 Umbri
1237 4015 1279 4078 ipsi
1298 4015 1388 4066 ‹livida-

351 4075 477 4124 irnmerito.
508 4074 591 4136 Oppius
600 4074 663 4122 euim
681 4076 755 4136 gentis
768 4089 854 4124 nomeu
885 4076 981 4124 boumn
998 4077 1079 4126 mem
1098 4077 1245 4141 planem
1262 4094 1290 4127 ae
1309 4096 1388 4140 uuas,

352 4149 404 4188 est:
422 4141 504 4200 Appius
513 4153 652 4202 prmomem
887 4156 933 4202 quo
946 4141 1041 4204 supral.
1051 4153 1089 4190 tx.
1100 4158 1121 4190 e.
1132 4147 1173 4194 ⁴1.
1183 4145 1211 4192 de
1230 4144 1309 4200 iisdem
1325 4147 1388 4196 Um·

388 4202 410 4236 ¹¹
425 4201 470 4250 Per
489 4201 599 4253 Umbriam
615 4204 787 4267 (amotus
798 4203 855 4268 Sep·
886 4205 950 4254 brier
966 4205 1390 4273 Phgcanaffletemr'prtrpprl-

351 4269 437 4330 plain
465 4265 564 4330 mosoll]
601 4267 645 4316 Per
673 4285 724 4317 eam
753 4268 856 4318 Umbriae
887 4269 956 4334 lant)
1292 4311 1297 4318 .

355 4345 451 4396 partem,
461 4347 513 4394 quea
523 4331 551 4377 ab
561 4333 804 4397 ipsistribuaSappiaia
815 4351 857 4400 ep·
923 4335 942 4368 ¹⁵
959 4332 1005 4382 Per
1019 4323 1097 4384 radios
1113 4336 1203 4400 ousta]
1218 4335 1388 4386 Victor.eodex

354 4397 463 4461 placor.
495 4395 555 4443 Hac
576 4399 727 4456 reinserta,
743 4413 857 4460 m...
890 4400 977 4460 ignorat
997 4415 1077 4452 rorem
1098 4403 1184 4468 medior,
1205 4417 1272 4464 quam
1295 4403 1390 4454 imeruit

355 4469 440 4518 meant,
455 4459 806 4524 quibututinousoletLiriua,
819 4463 859 4512 ubi
890 4464 1001 4527 Sigonius.
1135 4485 1137 4490 ·
1293 4496 1297 4504 ·

355 4525 456 4582 tribuum
474 4525 628 4578 asumma
646 4528 736 4578 uomina
754 4529 859 4593 appellat,
