3044 5194
375 407 416 466 ³⁶
504 375 516 461 ζ
800 407 884 470 urrr
903 409 1005 472 arvu

214 559 367 642 masan
380 569 427 624 ter
449 559 586 643 objectos
611 564 742 646 undique
765 585 864 628 ramos
891 567 1099 650 inpediebant.
1148 565 1336 632 Cretensium
1364 588 1425 632 uua

212 624 355 682 mm
367 649 490 716 ,cohors
510 671 571 714 rron
591 651 705 715 inutilis
729 665 809 714 erat:
835 652 888 714 sed
909 672 947 716 ea
971 675 1089 736 quoque
1110 655 1176 737 ipsa
1189 667 1235 734 ut,
1253 657 1278 717 si
1295 655 1361 736 quis
1377 657 1424 718 in·

381 749 505 820 pactum
526 737 650 819 iaceret,
675 740 705 801 in
720 751 876 822 patentem
894 742 1007 804 vulneri
1028 763 1140 823 equum
1164 743 1360 824 equitemque
1375 763 1423 804 sa-

380 825 475 905 gittas
498 825 649 908 conjicere
674 839 804 910 poterat,
826 828 872 891 ita
892 829 1068 892 ⁴⁸adversus
1092 840 1179 890 scuta
1202 827 1422 892 Romanauec

381 911 421 974 ad
442 911 652 995 trajiciendum
667 916 740 976 satis
756 936 899 997 magnam
915 917 974 976 uim
991 916 1134 994 habebat,
1150 935 1207 976 nec
1223 916 1320 998 aperti
1334 915 1422 997 quid·

380 1018 472 1080 quam
496 1002 571 1080 erat,
595 1001 676 1082 quod
698 1013 827 1084 peteret.
871 1001 977 1085 Itaque
1000 1003 1031 1066 id
1056 1015 1091 1066 ut
1114 1023 1224 1064 vanum
1248 1003 1302 1064 teli
1326 1023 1422 1083 genua

378 1099 537 1150 senserunt
563 1109 638 1168 esse,
662 1090 743 1150 saxis
770 1091 882 1173 passim
909 1103 975 1153 tota
997 1090 1076 1152 valle
1091 1089 1423 1172 jacentibusrincaa'se-

378 1171 454 1234 bant
476 1175 606 1238 hostem.
632 1198 679 1256 ea,
707 1174 822 1258 majore
848 1197 917 1239 curn
940 1177 1051 1256 sonitu,
1079 1197 1172 1260 quam
1200 1176 1423 1254 vulnercullo,

375 1258 510 1406 pulsatio
533 1275 688 1326 scutorum
712 1285 875 1349 parumper
901 1265 1099 1328 succedentes
1126 1262 1282 1326 Romanos
1312 1263 1423 1325 tenuit.

208 1334 319 1450 emap·
407 1345 506 1426 einde,
522 1349 558 1410 iis
577 1371 697 1432 quoque
717 1354 836 1434 spretis,
856 1353 979 1436 partim,
995 1350 1174 1414 testitudine
1184 1350 1277 1428 iacta
1296 1349 1422 1434 perad-

205 1415 363 1536 ffigssm'
375 1453 477 1498 versos
492 1436 609 1498 vadunt
621 1437 750 1506 ¹hostes:
776 1441 898 1520 partim,
922 1440 1002 1501 brevi
1017 1439 1143 1502 circuitu
1159 1457 1251 1518 quum
1266 1439 1298 1500 in
1312 1437 1421 1518 jugum

207 1533 260 1589 aua.
376 1521 462 1583 collis
477 1523 651 1602 evasissent,
675 1526 810 1608 trepidos
830 1547 869 1587 ex
889 1528 1036 1610 praesidiis
1056 1525 1296 1606 stationibusque
1313 1522 1422 1585 Mace·
1520 1523 1521 1550 ³

375 1604 471 1670 donas
498 1609 680 1671 deturbant:
706 1625 747 1690 et,
763 1623 798 1674 ut
812 1612 844 1674 in
859 1614 935 1675 locis
949 1614 1093 1696 inpeditis
1109 1611 1222 1674 difficili
1244 1611 1329 1694 fuga,
1353 1610 1420 1694 ple·
1520 1629 1521 1670 2

373 1715 483 1776 rosque
495 1696 588 1758 etiam
603 1698 798 1761 obtruncant.
824 1751 827 1758 .

365 1851 369 1862 ¹
416 1779 485 1842 XL.
508 1780 556 1844 Ita
580 1784 725 1864 angustiae
751 1785 867 1848 minore
889 1788 1067 1866 certamine,
1086 1805 1178 1868 quam
1201 1786 1285 1867 quod
1310 1785 1422 1848 animis

334 1925 343 1944 ,
372 1877 612 1950 proposuerant,¹
633 1883 791 1952 superatae,
823 1884 854 1933 et
879 1874 910 1933 in
937 1873 1097 1935 Eordaeam
1129 1886 1328 1954 perventum3
1366 1873 1417 1933 ubi

371 1955 550 2036 pervastatis
564 1956 677 2037 passim
698 1957 790 2038 agris,
812 1959 853 2026 in.
866 1958 1013 2022 Elimeam
1036 1981 1069 2021 se
1092 1959 1218 2040 recepit.
1239 1958 1311 2019 inde
1332 1960 1419 2040 inpe-

365 2052 438 2124 ,tum
462 2042 494 2102 in
509 2041 682 2104 Orestidem
698 2042 770 2105 iecit
779 2066 789 2121 3
813 2055 845 2106 et
856 2046 1003 2127 oppidum
1018 2045 1172 2107 Celetrum
1188 2056 1236 2106 est
1249 2045 1420 2125 adgressus,

369 2121 403 2188 in
425 2128 584 2210 peninsula
612 2128 714 2194 situm.
758 2127 856 2192 laem
882 2133 996 2194 moenia
1017 2132 1133 2213 cingit:
1162 2133 1299 2212 angustis
1321 2130 1418 2193 sauci-

368 2213 425 2276 bus
452 2235 545 2276 unum
574 2235 613 2276 ex
638 2216 807 2279 continenti
834 2218 892 2279 iter
921 2229 978 2280 est.
1029 2217 1130 2280 Primo
1158 2218 1220 2279 situ
1243 2219 1310 2298 ipso
1336 2217 1418 2294 freti,

371 2300 481 2362 clausis
505 2302 612 2384 portis,
637 2302 797 2386 imperium
825 2305 977 2366 abnuere:
1007 2303 1128 2380 deinde,
1152 2313 1313 2386 postquam
1329 2303 1418 2383 signa

369 2387 453 2465 terri,
477 2409 513 2448 ac
540 2387 693 2450 testudine
718 2389 840 2451 succedi
863 2391 904 2451 ad
928 2401 1061 2474 portam,
1090 2391 1288 2471 obsessasque
1314 2388 1418 2450 fauces

366 2473 494 2554 agmine
508 2473 641 2536 hostiurn
656 2474 807 2552 viderunt,
822 2476 996 2558 priusquam
1019 2475 1229 2558 experirentur
1250 2486 1419 2552 certarnen,

367 2570 455 2622 metu
481 2559 513 2620 in
537 2559 725 2622 deditionem
748 2575 906 2624 venerunt.
949 2562 999 2624 Ab
1022 2561 1144 2625 Celetro
1170 2562 1201 2623 in
1224 2559 1420 2623 Dassaretios

371 2646 531 2728 processit,
551 2647 721 2728 urbemque
742 2647 859 2710 Pelium
878 2650 908 2712 ‚vi
930 2650 1022 2732 cepit.
1044 2649 1166 2710 servitia
1184 2645 1253 2708 inde
1274 2666 1346 2706 cum
1363 2666 1419 2707 ce·

371 2743 438 2794 tera
451 2732 551 2814 praeda
565 2732 703 2810 abduxit,
720 2747 751 2797 et
767 2735 862 2796 libera
876 2736 979 2818 capita
998 2735 1064 2796 sine
1079 2735 1180 2818 pretio
1196 2731 1311 2794 dimisit
1320 2754 1331 2809 ;
1358 2752 1419 2814 op·

371 2818 539 2902 pidumque
554 2818 591 2880 iis
606 2820 752 2899 reddidit,
769 2821 908 2904 praesidio
924 2822 1024 2883 valido
1040 2821 1185 2905 inposito.
1209 2839 1280 2882 nam
1301 2828 1335 2880 et
1356 2820 1420 2882 sita

372 2917 543 2990 opportune
566 2906 637 2968 urbs
662 2919 730 2970 erat
748 2908 789 2970 ad
813 2907 932 2990 inpetus
951 2909 984 2969 in
1006 2905 1226 2970 Macedoniam
1251 2905 1420 2967 faciendos.

371 2989 423 3056 Ita
446 2992 614 3075 peragratis
639 2992 773 3055 hostium
798 2995 888 3074 agris,
910 2994 1016 3056 consul
1039 2995 1070 3056 in
1091 2994 1160 3056 loca
1170 2991 1238 3074 jam
1253 3003 1366 3072 pacata
1381 2991 1420 3052 ad

371 3079 580 3165 Apolloniam,
594 3077 676 3140 uude
695 3101 780 3140 orsus
803 3081 915 3142 bellurn
941 3091 1018 3159 erat,
1045 3081 1150 3164 copias
1172 3078 1305 3140 reduxit.
1347 3077 1420 3139 Phi-

373 3169 488 3252 lippum
503 3175 674 3229 averterant
687 3162 797 3245 AEtoli,
812 3179 845 3229 et
862 3167 1117 3246 Athamanes,-et
1134 3164 1286 3241 Dardani,
1311 3175 1345 3225 et
1371 3173 1419 3224 tot

372 3256 452 3320 bella
467 3264 592 3336 repente
607 3251 668 3314 alia
681 3273 721 3314 ex
736 3253 803 3314 aliis
818 3254 893 3316 locis
914 3265 1031 3317 exorta.
1075 3252 1230 3314 Adversus
1245 3249 1420 3326 Dardanos,

370 3342 435 3426 jam
453 3341 633 3424 recipientes
655 3359 695 3400 ex
718 3337 903 3402 Macedonia
925 3361 1002 3419 sese,
1024 3339 1255 3420 Athenagoram
1280 3356 1351 3398 cum
1365 3355 1420 3396 ex·

374 3428 485 3512 peditis
512 3426 667 3508 peditibus
693 3446 729 3486 ae
754 3425 869 3508 majore
896 3426 1160 3508 parte.equitatus
1187 3423 1283 3502 misit,
1304 3420 1423 3503 jussum

374 3515 489 3577 instare
514 3512 553 3572 ab
576 3523 663 3592 tergo
686 3511 878 3589 abeuntibus,
906 3525 949 3588 et,
970 3510 1124 3594 carpendo
1150 3522 1339 3594 postremum
1365 3528 1421 3589 ag-

371 3621 458 3678 men,
484 3596 638 3678 segniores
662 3617 714 3658 eos
740 3599 781 3661 ad
810 3597 976 3660 movendos
999 3598 1093 3660 domo
1116 3597 1265 3659 exercitus
1291 3596 1423 3656 efficere.

374 3682 500 3760 AElelos
516 3681 711 3753 Danrocritus
725 3696 846 3768 praetor,
868 3684 918 3765 qui
939 3705 1031 3748 urorae
1046 3684 1086 3745 ad
1107 3682 1332 3745 decantandum
1357 3680 1424 3741 bel-

378 3784 441 3847 lum
458 3780 497 3844 ad
518 3773 714 3859 Naupactum
730 3785 837 3836 auctor
852 3771 960 3847 fuerat,
980 3771 1060 3832 idern
1077 3769 1218 3851 proximo
1233 3767 1366 3830 concilio
1382 3767 1425 3828 ad

378 3891 464 3934 arma
478 3863 670 3930 conciverat:
695 3871 765 3942 post
779 3859 891 3922 samam
907 3857 1052 3940 equestris
1065 3856 1103 3917 ad
1120 3853 1329 3936 Oetolophum
1345 3873 1425 3936 pug-

379 3980 436 4036 11ae,
460 3950 734 4028 Dardanommque
757 3958 789 4008 et
814 3943 945 4006 Pleurati
970 3963 1039 4004 cum
1066 3939 1176 4024 illyriis
1201 3940 1363 4004 transitum
1390 3940 1424 4000 in

379 4038 610 4116 Macedoniam,
626 4034 666 4098 ad
677 4034 741 4096 haec
756 4029 1021 4103 classisRomanae
1036 4031 1062 4070 ⁴⁹
1073 4027 1237 4093 adventum
1248 4028 1281 4090 in
1296 4024 1426 4104 Oreum,

383 4230 888 4302 siraquadsxutrsquepsrtecaesimferire
953 4231 975 4267 ⁰
989 4229 1112 4279 Adventum
1132 4231 1158 4277 r'a
1180 4225 1273 4290 Orsum]
1306 4225 1368 4285 tage
1385 4225 1430 4274 ad·

296 4295 305 4360 ⁸,
384 4316 468 4370 purast.
499 4303 553 4350 vid.
564 4299 669 4350 Martiali
683 4299 793 4346 aenean.
921 4303 1010 4343 uentum
1032 4293 1202 4408 Orsauqqo'ziq¹
1212 4292 1230 4340 1.
1229 4303 1319 4405 ,dnm
1338 4305 1359 4337 c.
1383 4289 1430 4401 uile

385 4367 587 4497 mqupqqnga
607 4359 821 4478 iuAimliamiiiir·
841 4361 891 4474 iii
921 4361 1181 4489 mellillam,
1195 4423 1267 4487 qap
1309 4388 1430 4472 enirm

385 4508 502 4563 porceto·
520 4509 601 4562 parum
617 4495 756 4559 prandebat,
773 4493 826 4557 quia
844 4507 889 4542 uec
921 4499 986 4543 mutu
997 4493 1022 4543 in
1033 4489 1121 4544 osum.
1347 4533 1363 4564 4

387 4594 395 4618 ι
405 4563 502 4618 ..uua
507 4562 609 4630 peditum
615 4570 771 4626 arsanparmae
777 4557 889 4627 equitum
