3044 5194
353 411 389 464 ιε
570 477 574 488 ,
680 443 683 450 .
766 391 970 459 nuruum

190 583 223 638 u,
234 585 262 638 c,
275 589 332 637 552.
355 556 584 642 exspectatique
594 555 671 618 'inde
685 555 790 638 legati,
804 551 992 635 aliquamdiu
1006 550 1081 613 nihil
1096 561 1238 631 egentem
1254 555 1392 610 tenueret

190 655 220 700 A.
233 649 330 704 0·2⁰⁰·
353 658 388 709 et
406 667 503 726 neque
527 645 594 708 illos
617 644 716 706 excire
742 642 782 704 ad
804 661 889 703 arma
910 639 1021 724 potuit,
1043 638 1210 720 gaudentes
1230 647 1394 715 utcumque

355 732 526 816 composita
548 751 617 794 eom
640 729 780 814 Philippo
802 749 887 812 pace.
912 739 944 790 et
966 727 1030 808 ipse
1056 723 1243 804 Rhodiique,
1266 722 1291 782 si
1308 721 1392 783 insti-

355 820 464 883 tissent
487 830 561 882 tune
585 817 734 900 Philippo,
760 815 914 897 egregium
936 813 1069 874 liberatae
1094 831 1149 894 per
1169 830 1202 870 se
1217 807 1340 870 Graeciae
1355 807 1394 869 ti-

356 906 454 970 tulum
476 906 587 968 habere
608 905 797 987 potuissent;
822 900 967 983 patiendo
991 919 1091 961 mrsus
1116 917 1185 959 eum
1212 896 1243 956 in
1271 892 1394 956 Helles-

356 1008 485 1076 pontum
505 991 653 1073 trajicere,
677 998 937 1072 occupantemque
959 989 986 1033 ⁷³
997 983 1118 1047 Graeciae
1139 991 1314 1069 opportuna
1329 981 1413 1043 loca·
1517 981 1519 986 ’

296 1111 298 1116 ·
356 1079 433 1142 vires
449 1079 611 1158 conligere,
625 1075 739 1138 bellum
755 1075 876 1152 aluere;
899 1072 1087 1155 gloriamque
1102 1069 1168 1152 ejus
1183 1068 1261 1152 gesti
1277 1067 1396 1153 persee-

357 1166 441 1247 tique
457 1163 604 1226 Romanis
620 1172 845 1248 concesserunt.
1220 1215 1222 1220 .

354 1297 359 1308 .,
398 1249 484 1313 XVI.
507 1249 662 1332 Philippus
682 1248 779 1330 magis
805 1247 888 1330 regio
913 1245 1016 1309 animo
1040 1257 1088 1308 est
1108 1263 1201 1307 usus:
1225 1244 1287 1328 qui,
1302 1263 1394 1327 quum

304 1345 308 1351 ’
356 1336 495 1418 Attalum
521 1336 719 1415 Rhodiosque
746 1335 848 1396 hostes
874 1354 937 1395 non
966 1333 1168 1410 sustinuisset,
1191 1352 1230 1393 ne
1254 1330 1395 1393 Romano

358 1423 491 1504 quidem,
511 1421 592 1506 qnod
607 1419 786 1498 inminebat,
808 1420 889 1492 bello
903 1421 1037 1498 territus,
1048 1459 1051 1466 «
1061 1417 1194 1482 Philocle
1210 1417 1343 1500 quodam
1357 1438 1395 1480 ex

358 1509 506 1593 proeiectis
528 1508 589 1570 suis
612 1527 681 1570 cum
702 1507 817 1569 duobus
843 1506 976 1568 millibus
1000 1506 1151 1588 peditum,
1169 1505 1320 1587 equitibus
1337 1503 1394 1566 du-

359 1595 457 1656 centis
471 1593 715 1677 adpopulandos
730 1592 961 1655 Atheniensium
983 1613 1071 1673 agros
1093 1592 1195 1668 misso,
1217 1591 1313 1652 classe
1329 1601 1395 1651 tra·

359 1681 426 1744 dita
437 1683 464 1728 ⁷⁴
475 1678 643 1757 Heraclidi,
651 1691 687 1741 ut
697 1677 878 1741 Maroneam
890 1689 1017 1760 peteret,
1031 1678 1097 1760 ipse
1111 1687 1191 1738 terra
1200 1677 1307 1738 eodem
1324 1695 1396 1738 cum

310 1831 317 1839 „
359 1767 509 1850 expeditis
533 1766 649 1828 duobus
667 1766 798 1828 millibus
820 1765 969 1846 peditum,
993 1763 1142 1844 equitibus
1164 1763 1301 1825 ducentis
1326 1783 1397 1845 per-

360 1853 416 1934 git.
458 1851 500 1915 Et
537 1851 718 1914 Maroneam
758 1850 880 1932 quidem
897 1899 899 1904 s
919 1851 1017 1932 primo
1048 1850 1154 1932 inpetu
1189 1849 1396 1933 expugnavite
1518 1905 1519 1926 ,

360 1936 477 2000 AEnum
491 1938 564 2000 inde
579 1957 648 1998 cum
662 1957 775 2020 magno
791 1937 904 2014 labore,
927 1948 1081 2018 postremo
1103 1936 1275 2018 proditione
1290 1933 1396 2019 Gany·
1517 1939 1519 2000 ἶ

361 2025 458 2086 medis
472 2025 606 2107 preelecti
622 2023 785 2101 Ptolemaei,
810 2023 900 2106 cepit.
916 2022 1057 2108 deinceps
1078 2023 1137 2084 elia
1151 2023 1287 2100 castella,
1312 2019 1395 2106 Cyp-
1479 2063 1481 2071 ,

360 2110 432 2188 sela,
455 2123 488 2173 et
506 2109 670 2189 Doriscon,
685 2122 718 2173 et
732 2107 905 2185 Serrheum,
928 2119 1066 2191 occupat
1081 2108 1152 2170 inde
1167 2127 1342 2191 progressus
1358 2108 1398 2170 ad
1518 2101 1519 2112 ³

360 2195 595 2273 Chersonesum,
615 2195 755 2258 Elaeunta
773 2207 806 2258 et
820 2194 1095 2277 Alopeconnesum,
1111 2195 1299 2257 tradentibus
1313 2195 1400 2276 ipsis,
1518 2225 1519 2262 f

360 2285 486 2366 recepit.
530 2283 687 2365 Callipolis
711 2303 830 2364 quoque
855 2293 887 2343 et
911 2278 1056 2364 Madytos
1078 2279 1193 2359 dedita,
1216 2294 1248 2343 et
1272 2280 1397 2342 castella

232 2373 253 2420 ι’
360 2371 499 2450 quedam
525 2369 680 2451 ignobilia.
724 2367 875 2451 Abydeni,
899 2387 937 2428 ne
964 2367 1071 2449 legatis
1097 2367 1219 2448 quidem
1246 2367 1398 2444 admissis,

361 2455 425 2536 regi
451 2467 553 2538 portas
582 2455 763 2516 clauserunt.
792 2475 830 2516 ea
857 2454 1044 2536 obpugnatio
1070 2453 1121 2515 diu
1148 2451 1320 2538 Philippum
1350 2465 1397 2514 te-

361 2541 446 2604 nuit:
470 2541 606 2624 eripique
621 2561 660 2602 ex
679 2540 847 2618 obsidione,
869 2541 900 2601 ni
922 2551 1072 2624 cessatum
1089 2540 1126 2600 ab
1141 2539 1246 2602 Attalo
1260 2551 1291 2601 et
1307 2537 1397 2602 Rho-

362 2629 418 2690 diis
443 2627 532 2705 foret,
555 2637 729 2710 potuerunt.
771 2627 894 2690 Attalus
917 2637 1069 2689 trecentos
1092 2635 1212 2688 tantum
1232 2625 1340 2687 milites
1363 2625 1397 2686 in

362 2713 543 2798 presidium,
570 2712 682 2776 Rhodii
705 2713 925 2794 quadriremem
943 2733 1036 2774 unum
1059 2732 1097 2773 ex
1120 2712 1227 2790 classe,
1248 2731 1340 2795 quum
1356 2712 1397 2773 ad

362 2799 523 2862 Tenedum
549 2812 655 2877 staret,
681 2789 838 2862 miserunt'
863 2799 971 2862 eodem
994 2810 1112 2881 postea,
1134 2807 1234 2880 quum'
1252 2797 1318 2880 jem
1346 2797 1398 2859 vix

363 2887 548 2950 stutinerent
572 2885 770 2965 obsidionem,
799 2897 833 2949 et
857 2884 928 2966 ipse
943 2885 1064 2947 Attalus
1094 2906 1187 2967 quum
1216 2883 1399 2968 trajecisset,

364 2993 450 3056 spem
464 2983 583 3036 tantum
595 2971 697 3036 auxilii
708 2992 746 3034 eu
754 2972 924 3056 propinquo
936 2972 1080 3052 ostendit,
1089 2992 1186 3053 neque
1197 2982 1286 3051 terra,
1299 2991 1399 3053 neque

364 3060 441 3123 mari
457 3059 569 3142 adjutis
584 3059 684 3122 sociis.

285 3208 289 3216 ,
407 3144 517 3209 xvh„
530 3145 669 3230 Abydeni
694 3146 804 3228 primo,
835 3145 992 3208 tormentis
1022 3165 1076 3228 per
1100 3165 1200 3226 muros
1230 3141 1400 3227 dispositis,

253 3249 259 3262 ·
364 3253 426 3296 non
440 3245 520 3296 terra
540 3233 631 3295 modo
647 3233 791 3296 adeuntes
812 3231 895 3294 aditu
910 3233 1064 3312 arcebant,
1078 3233 1133 3294 sed
1147 3231 1304 3293 ⁷⁶navium
1320 3250 1398 3310 quo-

364 3341 423 3403 que
452 3321 614 3383 stationem
637 3320 779 3382 infestam
810 3321 889 3382 hosti
913 3319 1076 3382 faciebant.
1104 3330 1220 3402 postes,
1244 3337 1336 3399 quum
1365 3328 1397 3379 et

364 3408 442 3470 muri
456 3427 525 3490 pars
539 3418 634 3468 strata
648 3407 751 3485 ruinis,
777 3417 809 3469 et
834 3405 874 3466 ad
896 3406 1069 3469 interiorem
1091 3407 1201 3488 raptim
1216 3405 1398 3487 -obpositum

365 3513 485 3556 murum
500 3492 645 3554 cuniculis
656 3490 721 3572 jam
736 3502 909 3575 perventum
926 3503 1015 3570 esset,
1037 3493 1154 3573 legatos
1177 3491 1217 3554 ed
1240 3510 1343 3571 regem
1359 3489 1399 3551 de

275 3647 277 3651 ,
366 3577 592 3656 conditionibus
616 3578 771 3640 tradenda
794 3577 875 3638 urbis
899 3577 1054 3640 miserunt
1098 3577 1329 3640 Paciscebantur
1343 3596 1398 3638 eu·

367 3675 441 3743 tem,
462 3676 497 3727 ut
519 3661 672 3725 Rhodiam
686 3663 907 3746 quadriremem
927 3683 997 3725 cum
1022 3661 1111 3726 sociis
1124 3663 1291 3741 navalibus,
1305 3661 1398 3724 Atta·

366 3748 447 3834 lique
469 3749 639 3833 presidium
665 3751 761 3813 emitti
792 3749 914 3826 liceret3
938 3759 1028 3831 atque
1056 3750 1129 3834 ipsis
1154 3751 1227 3814 urbe
1252 3747 1401 3812 excedere
1459 3801 1460 3808 ,

366 3857 436 3900 cum
465 3836 591 3919 singulis
616 3837 812 3900 vestimentis.
870 3833 985 3905 Quibus
1012 3857 1106 3918 quum
1135 3835 1294 3919 Philippus
1322 3833 1399 3897 nihil

366 3924 480 4007 pacati,
502 3923 560 3986 nisi
582 3923 685 3994 omnia
710 3922 966 4006 permittentibus,
992 3923 1215 4005 respondisset3
1248 3921 1324 3983 adeo
1352 3941 1401 3981 re-

365 4012 511 4074 nunciata
525 4011 589 4074 hec
611 4009 723 4092 legatio
746 4010 784 4071 ab
809 4009 1018 4091 indignatione
1033 4010 1122 4072 simul
1137 4030 1174 4072 ac
1190 4007 1401 4092 desperatione

399 4213 421 4253 ’Β
439 4212 528 4264 Greeie
549 4223 669 4278 opportuna
697 4209 754 4280 loca]
779 4209 868 4260 Merito
898 4209 945 4258 lem
961 4209 1112 4260 Tarenthrum
1127 4211 1205 4270 fuisse,
1219 4225 1245 4260 ae
1260 4211 1335 4260 virum
1348 4223 1403 4258 om·

367 4279 458 4328 uidetur
472 4279 600 4328 Gronovius
619 4279 740 4328 emendare
762 4273 868 4324 limate.
899 4275 967 4324 nibus
978 4275 1068 4336 flagitiis
1080 4277 1228 4335 maculosum,
1240 4277 1309 4324 docet
1321 4274 1403 4339 Polyb.

367 4345 484 4406 Siquidem
497 4341 571 4392 AEmu
581 4356 605 4392 et
616 4346 737 4403 Maronea,
753 4352 778 4391 et
792 4353 868 4388 cetera
899 4339 917 4390 l.
930 4352 989 4390 xttr.
1025 4399 1028 4406 .

367 4423 421 4474 quae
444 4425 498 4458 mox
525 4421 657 4458 enarremur
682 4410 739 4466 loca,
764 4404 868 4456 'lhraciae
898 4429 903 4434 ·
932 4402 1154 4456 ⁷⁵¹h⁷aoium.,..
1167 4403 1290 4466 stationem]
1306 4402 1404 4454 Efficie-

368 4475 442 4524 suere.
900 4470 955 4517 bant
978 4480 1004 4517 ut
1024 4485 1092 4518 naves
1110 4469 1207 4534 Philippi
1226 4469 1298 4517 multa
1313 4470 1404 4516 inoom·

400 4539 423 4578 ⁷⁴
435 4535 561 4603 Heraclidi]
580 4537 650 4590 Hunc
659 4536 805 4590 Heraclidem
814 4551 870 4588 eru·
902 4535 969 4590 moda
979 4549 1007 4587 eo
1018 4536 1057 4586 ubi
1067 4535 1157 4585 stabam
1167 4536 1218 4586 loeo
1227 4543 1371 4599 peterentur.
