3080 5196
411 395 488 458 LlB.
501 395 740 458 mvtcal’.
752 393 817 454 Vll.
1081 394 1138 452 att
1249 438 1254 448 ,

97 551 195 616 acula
209 551 330 637 publice
353 555 551 640 privatimque
572 556 694 619 labante
718 553 841 638 egregia
864 549 1018 636 quondam
1046 549 1137 612 disci·
1152 549 1183 600 U·
1196 549 1224 600 C·
1237 553 1294 602 ⁵6¹·

95 641 178 726 plina
190 644 302 724 gentis,
319 654 351 706 et
374 646 571 707 ²⁴multorum
587 667 624 707 eo
640 655 733 722 statu,
756 643 806 724 qui
821 641 976 704 diuturnus
992 659 1058 700 esse
1072 639 1138 700 sine
1149 619 1180 666 A.
1193 616 1222 666 ⁰·
1237 617 1290 668 ¹9¹·

96 729 263 792 mutatione
279 751 377 793 renim
392 752 454 794 non
469 743 583 816 posset.
628 730 758 792 Obviam
784 729 884 791 effusis
907 727 1041 809 undique
1063 725 1137 816 lloe-
1207 777 1211 788 .

96 817 162 878 otia
177 817 374 900 principibus,
389 817 513 881 'lhebas
526 819 619 882 venit.
641 819 684 880 ibi
699 818 731 878 in
746 816 875 878 concilio
898 815 1007 898 gentis,
1030 834 1136 899 quam-

87 923 183 986 -quam
207 905 301 966 etad
325 905 459 984 Delium,
484 907 590 990 inpetu
613 905 645 966 in
669 904 840 988 presidium
854 902 1026 966 Romanum
1043 901 1137 980 iacto,

96 1002 127 1054 et
140 991 180 1054 ad
195 989 374 1055 Chalcidem
389 993 584 1056 commiserat
598 1013 657 1054 nec
672 1014 691 1055 a
705 993 806 1073 parvis
821 1013 877 1054 nec
899 990 997 1053 dubiis
1024 989 1137 1072 princi-

96 1079 151 1162 piis
165 1078 289 1160 bellum,
314 1091 419 1144 tamen
442 1081 583 1142 eamdem
598 1080 768 1142 orationem
783 1099 919 1158 exorsus,
944 1098 1004 1160 qua
1018 1077 1048 1138 in
1063 1098 1139 1139 con·

88 1166 196 1248 loquio
212 1168 312 1249 primo
327 1168 367 1230 ad
383 1167 574 1246 Chalcidem,
601 1186 719 1248 quaque
734 1188 788 1250 per
810 1168 928 1248 legatos
950 1166 982 1226 in
1007 1165 1139 1228 concilio

96 1250 275 1316 Achaeorum
299 1275 371 1317 usus
397 1268 474 1335 erat,
498 1266 533 1318 ut
548 1255 714 1318 amicitiam
730 1275 832 1316 secum
848 1253 976 1330 institui,
998 1271 1060 1313 non
1075 1251 1139 1312 bel-

97 1339 159 1402 lum
184 1341 279 1404 indici
305 1341 453 1406 Romanis
478 1343 666 1427 postularet;
700 1340 866 1420 neminem,
893 1339 966 1422 quid
990 1349 1140 1420 ageretur,

94 1425 230 1491 iullebat.
254 1429 411 1492 decretum
425 1442 530 1510 tamen
543 1431 632 1490 ²⁵sub
648 1428 704 1490 levi
724 1429 883 1490 verborum
908 1436 1057 1510 praetextu
1083 1446 1140 1508 pro

95 1535 166 1596 rege
192 1515 338 1602 'adversus
373 1516 527 1579 Romanos
556 1515 670 1578 factum
695 1527 750 1578 est.
805 1513 875 1578 Hac
902 1533 1021 1595 quoque
1047 1523 1140 1594 gente

97 1601 252 1684 adjuncta,
281 1601 459 1666 Chalcidem
488 1623 648 1686 regressus,
681 1603 841 1685 premissis
871 1601 942 1663 inde
968 1599 1074 1678 literis,
1104 1609 1141 1659 ut

47 1709 50 1724 ·
96 1685 322 1753 Demetriadem
346 1690 542 1752 convenirent
563 1691 714 1774 principes
734 1687 920 1766 AEtolorum,
945 1708 1014 1751 cum
1030 1685 1139 1768 quibus
1151 1691 1273 1773 Defluat

99 1775 134 1838 de
148 1795 268 1840 summa
281 1797 381 1839 rerum
397 1777 588 1855 deliberaret,
613 1777 740 1839 navibus
764 1799 801 1840 eo
826 1776 866 1838 ad
889 1777 968 1838 diem
990 1775 1138 1836 indictam
1151 1775 1282 1874 Elim:

99 1863 226 1924 concilio
241 1864 335 1926 venit.
378 1862 420 1926 Et
441 1863 639 1948 Amynander
660 1863 779 1927 adcitus
795 1863 835 1926 ad
850 1862 1086 1926 consultandum
1101 1879 1140 1923 ex
1150 1843 1237 1942 ξω,

97 1947 303 2012 Athamaniae
331 1961 363 2012 et
388 1949 544 2030 Hannibal
569 1950 699 2030 Poenus‚¹
718 1950 785 2033 jam
811 1952 862 2014 diu
889 1971 951 2013 non
976 1948 1142 2028 adhibitus,

98 2035 232 2098 interfuit
257 2037 286 2098 ei
312 2037 452 2098 concilio.
498 2035 710 2100 Consultatum
738 2037 777 2100 de
806 2034 1023 2102 Thessalorum
1051 2046 1143 2118 gente

102 2133 154 2201 est,
171 2143 308 2204 ¹quorum
330 2121 482 2199 omnibus,
506 2122 558 2202 qui
582 2121 719 2199 aderant,
742 2125 883 2188 uoluntas
899 2124 1045 2186 tentanda
1059 2123 1143 2185 vide-

101 2209 196 2272 batur.
219 2210 251 2271 in
265 2231 302 2272 eo
317 2208 411 2270 modo
435 2209 560 2270 diversa
585 2209 742 2270 sententia
766 2223 874 2292 erant;
907 2211 989 2296 quod
1012 2209 1063 2272 ulii
1090 2231 1145 2272 ex-

100 2298 214 2378 templo
229 2295 382 2378 agendum
391 2317 402 2373 3
426 2293 478 2355 alii
494 2314 533 2356 ex
547 2294 660 2372 hieme,
682 2316 747 2377 quae
761 2307 827 2358 tum
843 2299 938 2360 ferme
953 2297 1055 2360 media
1069 2307 1146 2375 erat,

102 2383 303 2446 differendum
317 2382 349 2444 in
363 2381 440 2444 veris
455 2380 636 2464 principium
648 2402 659 2459 3
682 2382 779 2444 etalii
795 2382 912 2466 legatos
932 2384 1147 2447 tantummodo

100 2470 291 2548 mittendos3
314 2469 365 2532 alii
379 2489 449 2531 cum
465 2468 603 2530 omnibus
618 2468 714 2551 copiis
729 2470 861 2534 eundum
883 2471 1059 2551 censebant,
1082 2481 1144 2534 ter·

100 2557 269 2641 rendosque
281 2567 374 2634 metu,
390 2556 416 2617 si
431 2566 655 2618 cunctarentur.

143 2641 215 2706 Vll.
239 2643 340 2714 Quum
374 2643 457 2705 circa
484 2643 563 2706 hanc
590 2641 653 2704 lere
680 2645 934 2711 consultationem
962 2646 1147 2732 disceptatio

104 2733 200 2794 omnis
215 2742 392 2809 verteretur,
416 2727 582 2810 Hannibal,
605 2731 787 2796 nominatim
803 2734 1005 2817 interrogatus
1020 2747 1146 2798 senten-

103 2820 185 2898 tiam,
211 2818 243 2880 iu
266 2818 397 2880 universi
423 2816 499 2904 belli-
521 2818 739 2900 cogitationem
761 2841 862 2903 regem
891 2835 981 2904 atque
1005 2843 1068 2901 eos,
1093 2817 1146 2906 qui

106 2906 238 2986 aderant,
253 2905 308 2968 tali
323 2905 461 2968 oratione
476 2905 602 2968 avertit:
626 2901 693 2984 ‘Si,
708 2927 745 2970 ex
757 2927 817 2990 quo
828 2907 1005 2991 trajecimus
1017 2911 1049 2970 in
1060 2907 1146 2972 Grae·
1158 2921 1297 2974 Hannibal·

105 2994 116 3026 ‘
128 2991 217 3072 ciam,
233 2993 386 3055 adhibitus
402 3013 499 3054 essem
522 2992 553 3053 in
576 2993 747 3072 consilinm,
771 3016 863 3076 quum
889 2996 927 3058 da
951 2995 1080 3074 Euboea,
1106 2991 1319 3057 deocletiano-

106 3079 115 3113 ‘
126 3079 256 3158 Achaeis,
266 3079 304 3142 de
314 3077 437 3142 Boeotia
446 3080 609 3160 agebatu13
621 3080 787 3142 eamdemm
796 3085 980 3146 sententiam
990 3083 1147 3162 dixissem,
1159 3071 1290 3172 ΨΜ·

106 3165 220 3250 ‘quam
231 3167 336 3245 hodie,
352 3185 445 3246 quum
457 3162 660 3226 deThassulis
672 3168 782 3248 agitur,
798 3169 911 3231 dicam.
946 3171 1029 3232 Ante
1044 3145 1170 3231 omniat
1193 3157 1201 3174 ’

106 3251 304 3338 ‘Philippum
320 3263 352 3314 et
366 3249 557 3312 Macedonas
571 3251 602 3312 in
615 3251 794 3316 societatem
806 3255 877 3318 belli
893 3276 1083 3338 quacumque
1099 3277 1147 3318 ra·

106 3339 214 3403 ‘tione
228 3343 372 3414 ”censeo
388 3336 581 3400 deducendos
595 3357 671 3400 esse.
688 3360 759 3403 nam
771 3342 853 3422 quod
863 3341 904 3404 ad
915 3341 1064 3406 Euboeam
1075 3341 1149 3406 Boe·

106 3425 115 3460 ‘
129 3440 257 3510 otosque
270 3417 473 3488 etThessalos
485 3423 615 3503 adtinet,
628 3425 677 3486 cui
689 3427 813 3490 dubium
825 3441 882 3508 est,
899 3431 982 3512 quin,
997 3433 1148 3516 atquibus

42 3525 45 3530 ’
109 3515 118 3546 ‘
131 3515 220 3576 nullae
229 3535 291 3577 sua
299 3513 377 3576 vires
388 3513 460 3591 sint,
471 3513 665 3594 presentibus
677 3513 830 3579 adulando
839 3537 969 3600 semper,
982 3539 1072 3602 quem
1082 3539 1148 3582 me·

109 3601 194 3664 ‘tum
217 3601 249 3664 in
267 3600 397 3664 consilio
418 3599 561 3678 habeant,
586 3599 693 3664 eodem
719 3602 758 3664 ad
784 3603 1005 3688 impetrandam
1027 3609 1150 3671 veniam

68 3717 69 3720 ¹
111 3687 268 3752 ‘utanturi
292 3687 412 3750 ¹7simul
428 3707 464 3750 ac
476 3684 649 3750 Romanum
664 3689 830 3754 exercitum
841 3691 873 3754 iu
883 3689 999 3758 Gracia
1006 3695 1153 3773 viderint,

343 3801 439 3852 ¹an
448 3801 495 3852 del.
507 3803 581 3852 Gron.
593 3802 661 3854 Cres.
755 3813 773 3840 ¹¹¹
784 3823 830 3856 enm
841 3807 905 3858 Eed.

139 3883 160 3918 Ἢ
183 3883 308 3935 Motorum
328 3901 353 3936 ω
373 3894 441 3944 aaa,
456 3883 506 3952 pul]
530 3883 611 3939 oum
642 3888 810 3939 enetohacuri.

112 3950 175 3998 multi
192 3967 234 4016 par
252 3952 333 4001 luxum
354 3969 380 4002 ac
401 3951 495 4000 delicias
512 3950 611 4000 fortunia
666 3951 696 4000 ,ω
714 3953 791 4004 Gnaeo
809 3954 952 4020 dedmnrdod
977 3956 1094 4012 Libenter
1107 3963 1151 4011 de·

114 4016 213 4065 omuibus
231 4019 302 4066 eversi
319 4019 343 4066 in
361 4033 389 4066 eo
404 4027 465 4066 statu
482 4029 567 4078 essent,
585 4029 611 4066 nt
642 4018 764 4069 laverimus
775 4022 871 4072 verbum
884 4039 963 4072 mino.
994 4025 1073 4088 maga
1086 4029 1151 4077 enin

113 4077 232 4133 incolumes
242 4100 291 4132 esse
306 4085 348 4133 uisi
364 4084 462 4162 turbatis
480 4081 548 4159 rebus
565 4097 611 4131 noa
643 4087 732 4135 videtur
748 4086 798 4138 iore
817 4089 845 4136 sd
863 4102 955 4150 gustum
974 4089 1042 4149 Livii,
1057 4093 1149 4155 utlaga·

116 4150 314 4265 attiuhi?
331 4147 614 4278 lthlss‘dtltht
644 4162 708 4265 tt
723 4151 1064 4284 insatiam
1078 4175 1151 4272 ima

41 4289 42 4328 l
116 4273 200 4340 Polybii
214 4281 278 4330 loom
288 4281 313 4330 io
323 4283 431 4346 Excerpt.
442 4279 471 4330 de
481 4279 614 4330 Virtutibus
646 4280 775 4344 Philippum
792 4292 814 4332 et
837 4285 969 4334 Macedones
986 4287 1011 4334 a·
1030 4291 1150 4338 matutam

42 4353 57 4408 ζ·
118 4343 224 4406 avidis,
235 4348 251 4394 l.
263 4358 311 4396 xx.
646 4347 697 4397 belli
715 4363 849 4414 pomumque
865 4352 949 4398 rotinus
966 4353 1098 4403 dadam
1116 4371 1149 4402 es-

43 4435 47 4464 ,
146 4407 168 4442 2⁵
182 4409 278 4460 Suthul
292 4413 403 4462 arbonem
418 4412 536 4478 pretextu]
560 4412 615 4462 De·
646 4429 675 4462 ιι.
708 4413 1150 4480 ludicentiiquibusnotaestleime

120 4484 200 4522 cretum
215 4476 300 4524 iactum
315 4492 362 4538 est,
380 4491 407 4528 ut
425 4491 553 4528 numeratur
566 4479 614 4528 bel·
646 4479 739 4543 phrasis.

44 4561 52 4598 s
119 4535 164 4586 lun
184 4541 288 4591 advenas
307 4543 432 4607 Romanoa,
456 4561 503 4594 non
522 4545 614 4608 quidem
680 4545 700 4582 π
716 4547 789 4596 Simul
805 4548 843 4611 oc]
869 4545 992 4598 Malleolus
1014 4565 1068 4599 oum
1089 4549 1153 4596 Gro-

44 4601 47 4640 Ἰ
121 4603 251 4664 nominatos,
267 4610 305 4656 red
324 4609 398 4659 uerbis
414 4625 464 4659 rem
483 4609 616 4666 irajarites
646 4611 724 4672 novio,
746 4627 783 4674 oc,
804 4612 870 4660 umal
887 4613 1010 4664 lionam
1027 4616 1155 4679 imperinm

45 4641 48 4740 i
122 4673 293 4806 Pllssgelptippp
312 4688 337 4726 ac
359 4677 496 4740 leucadius,
513 4685 539 4728 ut
557 4675 614 4730 ru'hil
646 4677 735 4809 diupi,
746 4677 979 4745 praemaluerunt
989 4691 1063 4745 cipue.
