3068 5186
367 347 373 353 ’
416 383 495 444 nro.
514 381 689 444 mvnr.
716 383 798 444 cnr.
818 381 874 443 xr.
1122 389 1180 446 ars

136 539 226 622 ginta
238 538 344 621 pondo
363 537 510 602 dederont
521 561 539 602 ε·
557 539 646 622 signa
660 533 746 602 aen'eo
766 559 996 622 marmoreaque
1018 549 1050 602 et
1070 541 1181 604 tabulae
1194 545 1228 598 U·
1239 547 1268 598 C·
1280 549 1337 600 tat.

137 627 238 709 pictos,
253 627 360 710 quihus
374 627 509 688 ornatior
519 625 695 704 Ambracia,
709 624 794 706 (quia
804 626 889 707 regio
898 626 939 688 ibi
952 623 1056 709 Pyrrhi
1068 626 1178 708 fuerat)
1193 613 1223 664 A*
1235 612 1265 664 ⁰·
1279 613 1336 666 ¹⁸⁹·

135 733 232 795 quarn
253 723 360 775 cetera
381 713 512 794 regionis
526 711 590 793 ejus
610 713 701 774 urbes
716 723 814 790 erant,
835 711 954 776 sublate
967 713 1071 776 omnia
1092 735 1180 776 avoc·

140 811 244 880 taque.
259 799 335 861 nihil
350 810 494 880 praterea
507 808 625 862 tectum
641 799 834 862 violatumvo.
1144 846 1156 860 .

182 885 224 948 X.
247 884 402 948 Profectus
423 887 462 947 ab
483 885 649 948 Ambracia
671 886 777 948 consul
799 887 830 948 in
854 885 1074 950 mediterraneo
1088 885 1179 951 AEto·

139 973 200 1052 lire,
215 973 255 1035 ad
268 973 368 1054 Argos
382 971 653 1054 Amphilochium⁰
672 967 791 1054 (viginti
814 974 877 1035 duo
894 973 990 1036 millia
1003 975 1043 1036 ab
1053 974 1180 1036 Ambra·

113 1111 121 1124 .
138 1061 190 1122 eia
204 1058 302 1139 abest)
328 1070 429 1122 castra
443 1059 555 1141 posuit.
576 1081 615 1122 co
630 1059 756 1121 tandem
771 1059 864 1140 legati
880 1057 990 1138 AEtoli,
1014 1063 1041 1099 ³⁴
1052 1061 1181 1124 mirante

139 1147 275 1224 consule,
297 1146 380 1227 quod
403 1161 602 1225 morarentur,
622 1157 780 1225 venerunt.
827 1145 913 1224 lude,
940 1157 1100 1228 postquam
1127 1148 1181 1209 od-

137 1234 283 1316 probasse
310 1251 419 1315 pacem
441 1233 605 1312 concilium
621 1229 797 1296 AEtolorum
825 1233 954 1314 occepit,
970 1231 1062 1314 jussis
1087 1233 1182 1316 proli-

138 1320 212 1382 eisci
231 1319 373 1382 Romam
405 1318 446 1380 ad
467 1331 619 1399 senatum,
644 1319 862 1400 permissoque,
886 1330 920 1379 ut
946 1333 978 1382 et
1001 1318 1125 1398 Rhodii,
1150 1332 1183 1382 et

87 1433 93 1442 ·
136 1406 367 1469 Atheniensem
394 1405 605 1486 deprecatores
629 1405 719 1484 irent,
743 1405 829 1482 dato,
856 1405 906 1486 qui
936 1405 1026 1468 simul
1053 1426 1121 1468 eum
1145 1409 1181 1468 iis

137 1493 391 1574 proficisceretur,
416 1490 452 1553 C.
465 1490 586 1554 Valerio
609 1491 712 1570 fratre,
735 1492 845 1574 ipsein
869 1488 1099 1573 Cephalleniam
1117 1503 1181 1554 tre·

135 1577 247 1660 jecit·
286 1577 514 1660 Praeoecupstas
543 1598 629 1640 aures
656 1579 835 1658 animosque
872 1577 1041 1660 principum
1077 1576 1182 1640 Romae

140 1665 318 1728 criminibus
335 1664 466 1746 Philippi
486 1666 663 1726 invenerunt
672 1686 682 1742 3
705 1665 768 1746 qui,
779 1685 836 1746 per
856 1663 985 1744 legatos,
1000 1683 1053 1746 per
1067 1663 1182 1748 literas,

140 1749 327 1834 ³⁵Dolopos,
352 1749 641 1832 Amphilochosque,
674 1762 706 1814 et
729 1750 949 1813 Athamaniam
975 1763 1092 1832 ereptas
1124 1749 1182 1814 sibi

141 1859 281 1920 querens,
303 1837 500 1920 presidioque
524 1857 588 1914 sus,
613 1831 768 1919 postremo
795 1836 889 1898 etiam
904 1835 998 1898 filium
1012 1836 1120 1899 Perseo
1144 1857 1182 1899 ex
1231 1879 1235 1890 ·

140 1924 352 2008 Amphilochis
368 1923 498 2006 pulsum,
524 1934 673 1986 averterat
698 1933 836 1986 senatum
852 1924 890 1984 ob
906 1921 1065 1984 audiendis
1081 1923 1181 2005 preci·

142 2013 200 2073 bus
228 2032 341 2074 eorum.
393 2010 507 2072 Rhodii
538 2022 641 2071 tamen
671 2020 704 2071 et
731 2009 933 2073 Athenienses
963 2029 1033 2070 cum
1062 2010 1183 2072 silentio

141 2099 239 2160 auditi
262 2109 343 2160 sunt.
394 2096 590 2162 Atheniensis
614 2097 731 2178 legatus
755 2095 851 2174 Iseon,
877 2093 979 2158 leoeiae
1004 2095 1093 2173 lilius,
1119 2096 1183 2158 olo-

142 2185 268 2266 quentia
296 2185 389 2246 etiarn
420 2183 530 2246 dicitur
560 2182 710 2244 movisse:
744 2183 796 2264 qui
825 2182 948 2263 volgato
977 2181 1185 2262 similitudine,

142 2272 220 2332 mari
235 2270 409 2352 tranquillo,
431 2268 513 2352 quod
526 2268 623 2330 ventis
646 2267 859 2347 concitaretur,
879 2268 1092 2350 aequiparando
1100 2269 1184 2330 mul-

143 2357 309 2420 titudinem
319 2353 507 2433 AEtolorum,
522 2375 603 2433 usus,
624 2355 739 2436 ‘quum
755 2355 786 2417 in
801 2355 860 2418 lide
872 2353 1017 2418 Romanae
1032 2355 1185 2418 societatis

142 2445 155 2478 ‘
171 2437 364 2520 mansissent,
379 2445 405 2483 ³⁶
416 2442 508 2504 inrita
521 2441 621 2522 gentis
644 2441 861 2534 tranquillitate
872 2441 988 2522 quiesse
999 2462 1051 2505 eos
1063 2442 1184 2504 aiebat:

120 2528 128 2540 '
147 2533 159 2566 ‘
175 2543 338 2614 postquam
354 2531 380 2575 ³⁷
391 2527 462 2590 flore
478 2529 517 2589 ab
539 2527 612 2589 Asia
622 2525 725 2590 Thoas
741 2539 772 2590 et
787 2523 989 2606 Dicaearchus,
1012 2529 1050 2589 ab
1064 2527 1185 2610 Europe

143 2619 154 2650 ‘
172 2615 353 2680 Menestam
365 2626 396 2678 et
404 2613 597 2676 Damocritus
608 2613 786 2697 coepissent3
803 2626 868 2676 tum
880 2615 963 2675 illam
972 2625 1186 2697 tempestatem

144 2704 156 2738 ‘
172 2713 320 2813 coortam,
332 2721 396 2783 quse
408 2700 448 2762 ad
458 2698 645 2763 Antiochum
654 2720 718 2778 eos,
732 2702 759 2738 ³³
770 2700 858 2762 sicuti
869 2710 880 2738 ¹
890 2700 943 2763 in·
957 2701 1125 2850 sqopulum,
1137 2701 1185 2762 in·

145 2789 300 2852 ‘tulisset

191 2875 248 2938 XI.
269 2875 332 2938 Diu
343 2873 453 2955 jactati
474 2869 583 2952 AEtoli‚
610 2873 734 2936 tandem
749 2885 784 2936 ut
798 2873 990 2938 conditiones
1005 2875 1088 2958 pacis
1113 2895 1186 2938 cou—
1198 2879 1335 2930 Prxffiaolir

144 2964 293 3041 venirent,
305 2962 477 3024 effecerunt.
522 2959 656 3023 Fuerunt
678 2972 780 3022 autem
795 2961 860 3022 hae:
882 2963 931 3002 ‘³⁹
942 2958 1104 3043 Imperium
1120 2949 1249 3022 mir-'⁶²³⁸
1261 2947 1350 2998 ΕΜ·

145 3049 369 3134 ξ’]εειαωιηᾳυε
388 3047 492 3132 populi
508 3045 640 3110 Romani
655 3067 729 3128 gens
741 3044 915 3108 AEtolorum
930 3058 1107 3110 conseruato
1122 3047 1187 3109 sine

88 3163 96 3182 ⁸
180 3181 393 3246 ⁰Anplr'lorlrlrnm
404 3180 472 3230 Crev.
533 3175 1009 3231 roormnmosolttrtttcmn.crev.
1066 3179 1188 3232 intono
1298 3221 1301 3229 .

148 3245 214 3298 Est
279 3247 435 3295 'suutGrom
509 3243 701 3293 'dcutodcren

179 3355 202 3389 ³⁴
216 3353 338 3406 Mirum..
349 3353 434 3416 ..prod
444 3349 592 3413 normam]
606 3349 653 3399 Hic
684 3363 760 3400 terum
771 3351 884 3400 editorum
893 3351 973 3408 lectio,
986 3361 1045 3401 utto
1063 3352 1187 3405 Gronorio.

147 3420 221 3478 πῶϋ,
237 3429 263 3467 ut
281 3432 305 3468 et
323 3417 448 3474 Gronorio,
467 3417 537 3476 magis
554 3415 654 3478 doceret
685 3415 757 3466 Nunc
769 3419 835 3478 vulgo
845 3417 995 3498 lampridio
1028 3417 1188 3482 Soddioplioet

145 3486 211 3546 ᾳίἀ.
254 3484 310 3532 Non
326 3494 404 3532 tameo
422 3483 517 3530 omnino
537 3493 652 3544 receptam
683 3483 861 3539 domuum,
876 3484 933 3530 doru
948 3484 974 3528 io
988 3483 1105 3542 ronchum.
1137 3484 1188 3532 Fir·

147 3547 272 3598 resim
291 3549 453 3613 improbemur.
485 3545 652 3596 vuarato.
684 3557 732 3601 orat
743 3545 1189 3598 adurismrnohirlccdoocm'l'orcn·

147 3615 390 3664 octrumum.
685 3612 848 3670 tiorsl’horm·
867 3615 967 3663 Acran.
985 3613 1055 3662 Sol.
1088 3613 1190 3672 Hermai

145 3707 148 3715 ι
182 3679 205 3716 ³⁵
221 3677 322 3740 Dolopas,
335 3677 534 3742 Airrphiloclrocprc,
552 3676 654 3724 ctAtlro·
684 3679 975 3740 quidulir‚hrricoroodrr,
988 3681 1059 3742 quine
1074 3679 1189 3742 adremu-

146 3744 349 3807 rrronimnptor]
367 3743 394 3791 Si
415 3745 445 3792 ita
461 3743 548 3805 scripu't
567 3743 656 3800 Livius,
686 3743 883 3805 hnononqm'llo
892 3742 981 3807 inseret.
1120 3757 1127 3768 ·
1277 3783 1281 3794 .

151 3809 265 3871 naphal
275 3824 367 3858 mooun
379 3825 446 3872 quarn
465 3808 493 3856 ad
503 3821 570 3856 rocco
579 3819 655 3856 ormo·
717 3811 739 3846 ὓ
754 3807 874 3868 Imperium
883 3806 1066 3869 najacmpn]
1086 3807 1142 3858 Huc
1153 3811 1190 3858 lo·
1201 3811 1205 3820 ¹

151 3877 197 3938 elit,
210 3889 300 3940 prorm
321 3877 385 3938 queri
408 3875 509 3930 diri-cr,
533 3871 655 3934 Dolopiam,
686 3871 720 3922 eit
735 3871 1015 3936 ollmmaSigooiolorru
1027 3874 1146 3922 ciceronis
1159 3889 1190 3923 aa

32 3937 37 3942 '
145 3940 572 4004 unamquamquam·
611 3937 657 3986 Sed
687 3940 789 3988 oration·
799 3953 842 4003 pro
858 3937 1022 3995 Carnunto,
1038 3941 1108 3988 mhi.
1140 3941 1189 3988 At-

147 4007 250 4054 fmus
259 4006 461 4066 &maumam
681 4006 788 4066 junctam
796 4004 856 4051 illud
864 4006 930 4052 omn
941 4012 982 4061 ert,
995 4005 1052 4064 quod
1065 4018 1110 4050 mn
1119 4011 1149 4052 rot
1163 4006 1190 4052 r'o

186 4069 210 4108 ³⁶
225 4066 655 4146 Iositogsntr'rtrcnquillitolrJ'S'rclib.
687 4070 783 4144 mnibus
799 4066 936 4132 scdorlhur:
962 4067 1096 4128 Mrjortrrtom
1114 4071 1191 4130 populi

153 4135 656 4264 ,nme
688 4133 890 4257 mnu
903 4130 1191 4261 mro,
1223 4188 1230 4206 ·

152 4275 204 4314 lam
214 4266 310 4315 metui
318 4265 496 4320 similitudinem,
510 4263 658 4326 loquiturque
691 4263 828 4318 ...Aurem
836 4263 929 4312 oltsrr'or
941 4263 1018 4324 populi
1027 4263 1124 4322 oropum
1135 4279 1190 4312 corr·

149 4333 183 4378 ds
199 4331 254 4380 belli
265 4331 361 4379 AEtolici
378 4331 538 4386 concitorilros,
550 4342 657 4391 troqooro
688 4329 771 4378 mmo
780 4329 885 4390 jubetur,
906 4330 933 4376 do
949 4329 1018 4376 eluro
1034 4329 1118 4386 ιίὶαιιν,
1133 4337 1190 4377 certo

148 4397 409 4458 doreodsquibucdom
424 4394 577 4458 violentisqui
588 4409 660 4453 mue,
686 4395 727 4446 illo
734 4395 827 4456 poprrluc
838 4395 863 4441 in
877 4395 983 4455 superiori
1000 4393 1120 4442 conditiore
1136 4409 1191 4442 corr·
