3080 5196
370 359 432 427 '272
787 349 990 416 'l'l'l‘lffllll

236 527 243 582 .’
269 535 282 580 ¹.
293 531 349 582 561.
373 513 413 576 ad
436 505 568 575 veterem
586 509 719 594 'classem
739 511 885 594 pervenit.
929 509 978 573 Ad
1003 502 1162 592 Scy'llseuin
1187 501 1341 570 Eumenes
1363 525 1416 567 rex

270 599 344 650 ·¹⁹¹·
372 620 442 662 cum
472 599 567 662 tribus
597 598 720 660 navibus
750 598 884 660 obcurrit
896 619 906 675 3
942 615 1034 678 quum
1061 591 1182 675 AEginse
1205 593 1257 654 diu
1283 593 1416 654 incertis

373 685 490 750 consilii
505 679 630 763 fuisset,
645 681 746 746 utrum
761 684 802 746 ad
825 683 974 746 tuendum
998 680 1111 743 rediret
1132 699 1269 761 regnum,
1296 677 1414 760 (audie-

372 774 426 836 but
448 772 530 834 enim
558 771 747 834 Antiochum
772 769 885 853 Ephesi
912 769 1033 830 navales
1062 777 1278 848 terrestresque
1309 785 1414 849 parere

344 858 489 943 copias)
520 878 560 920 an
585 877 733 939 nusquam
762 856 939 918 abscederet
964 856 1003 916 ab
1030 852 1186 932 Romanis,
1215 873 1256 913 ex
1287 871 1413 933 quorum

372 946 496 1008 fortuna
509 963 564 1006 sua
577 943 736 1027 penderet.
780 941 809 1003 A
824 941 935 1004 Piraeeo
956 940 996 1002 A.
1010 939 1132 1018 Atilius,
1147 939 1270 1001 traditis
1293 959 1414 1000 succes·

372 1032 432 1092 sori
447 1031 579 1116 quinque
602 1042 635 1092 et
648 1029 755 1112 viginti
770 1029 897 1091 navibus
919 1027 1020 1105 tectis,
1037 1024 1167 1087 Romam
1182 1037 1230 1086 est
1251 1025 1414 1108 proiectus.

371 1115 474 1178 Livius
494 1135 555 1179 una
577 1127 611 1178 et
635 1116 793 1197 octoginta
816 1111 953 1176 rostratis
979 1113 1116 1191 navibus,
1141 1112 1246 1174 multis
1268 1125 1414 1194 praeterea

371 1203 549 1282 minoribus,
564 1223 629 1284 quse
644 1213 697 1263 aut
711 1213 822 1285 aperte
836 1211 984 1276 rostram,
1005 1209 1061 1261 aut
1073 1199 1139 1260 sine
1154 1199 1259 1260 rostris
1274 1199 1411 1284 specula·

371 1289 457 1352 toriae
472 1285 570 1366 erant,
586 1285 698 1350 Delum
713 1286 845 1369 trajecit.
1078 1301 1081 1306 '

413 1373 529 1438 XLlll.
550 1373 597 1436 Fre
623 1374 684 1435 iere
709 1385 846 1457 tempore
873 1371 978 1435 consul
997 1371 1113 1434 Acilius
1137 1369 1333 1454 Naupactum
1356 1373 1413 1434 ob·

371 1461 538 1544 pugnabat.
560 1459 678 1522 livium
692 1458 763 1521 Deli
778 1481 833 1543 per
847 1460 964 1540 aliquot
988 1458 1053 1519 dies
1071 1457 1117 1536 (et
1130 1469 1178 1518 est
1202 1459 1414 1520 ventosissima

341 1617 344 1626 λ
371 1547 456 1627 regio
472 1547 551 1608 inter
566 1544 727 1629 Cycladas,
750 1546 835 1607 iretis
859 1546 933 1606 alias
953 1543 1128 1624 majoribus,
1153 1545 1229 1618 alias
1249 1544 1414 1605 minoribus

369 1632 495 1712 divisas)
524 1631 638 1694 adversi
666 1632 747 1693 venti
769 1641 941 1692 tenuemnt.
994 1629 1206 1712 Polyxenidas,
1230 1631 1344 1692 certior
1364 1651 1415 1713 per

372 1715 534 1800 dispositas
557 1717 774 1800 speculatorias
799 1737 889 1778 neves
913 1716 1020 1792 sactus,
1043 1714 1114 1778 Deli
1138 1728 1219 1778 stare
1242 1715 1414 1778 Romanam

372 1801 510 1882 classem,
525 1804 651 1866 nuncios
666 1801 706 1864 ad
729 1821 833 1884 regem
848 1802 939 1864 misit
951 1802 1025 1883 ¹qui,
1050 1803 1180 1881 omissis,
1196 1823 1261 1884 quaa
1283 1803 1315 1864 in
1339 1801 1415 1864 Hel·

373 1885 515 1972 lesponto
530 1890 651 1971 agebat,
667 1907 737 1951 cum
760 1888 897 1950 rostratis
919 1888 1055 1965 navibus,
1071 1900 1217 1969 quantum
1241 1889 1413 1950 adcelerare

372 1977 484 2058 potuit,
498 1973 654 2058 Ephesum
670 1975 780 2038 rediit:
803 1987 836 2036 et
850 1975 1009 2036 consilium
1031 1975 1185 2057 extemplo
1200 1975 1319 2053 habuit,
1340 1975 1414 2036 faei-

373 2062 526 2124 endumne
549 2061 715 2145 periculum
742 2061 856 2123 navalis
882 2061 1056 2122 certaminis
1081 2061 1168 2122 foret.
1188 2075 1192 2082 “
1212 2059 1414 2144 Polyxenidas

207 2157 336 2211 muschus
370 2149 507 2230 negabat
532 2148 734 2210 cessandum:
759 2148 815 2208 ‘et
837 2147 940 2227 utique
955 2147 1037 2229 prius
1061 2147 1300 2228 confligendum,
1325 2167 1414 2228 quem

208 2239 360 2337 ΝὙᾞΒ·
373 2234 384 2268 ‘
397 2235 501 2296 classis
516 2232 661 2296 Eumenis
676 2245 709 2296 st
723 2232 851 2295 Rhodiae
874 2252 964 2294 naves
979 2230 1234 2313 conjungerentur
1256 2233 1413 2296 Romanis.

206 2304 308 2404 fflm
334 2305 361 2338 ⁶⁹
373 2321 385 2356 ‘
399 2321 476 2383 ’⁷ita
490 2341 616 2385 numero
631 2341 692 2382 non
709 2320 804 2381 ferme
818 2319 937 2401 inpares
952 2319 1069 2380 futuros
1091 2337 1135 2397 se,
1150 2319 1259 2380 ceteris
1274 2321 1415 2381 omnibus

283 2389 289 2406 ⁸
368 2409 385 2458 -‘
399 2405 1321 2490 superiores¹,etceleritatenavium,etraristatesuxiliomm.
1334 2405 1415 2467 Nam

373 2494 385 2528 ‘
399 2493 553 2556 Romanas
562 2513 664 2571 naves,
674 2513 766 2574 quum
776 2492 856 2574 ipsas
867 2491 974 2552 inscite
986 2491 1083 2552 iactas
1093 2491 1253 2553 inmobiles
1262 2513 1341 2571 esse,
1352 2505 1417 2554 tum

373 2581 385 2614 ‘
399 2575 503 2658 etiam,
514 2590 550 2641 ut
559 2573 625 2661 quie
640 2579 671 2639 in
683 2593 794 2640 terram
807 2578 939 2639 hostium
948 2573 1081 2656 veniant,
1089 2588 1231 2640 oneratas
1241 2591 1417 2642 commeatu

373 2667 385 2699 ‘
397 2665 514 2728 venire:
545 2685 613 2726 suus
627 2674 741 2742 autem,
756 2674 791 2724 ut
805 2674 915 2746 pacata
933 2664 1037 2725 omnia
1050 2664 1132 2726 circa
1146 2685 1180 2725 ee
1202 2665 1419 2746 relinquentes,

372 2752 385 2785 ‘
399 2751 476 2812 nibil
486 2761 595 2833 preter
603 2750 732 2812 militem
742 2759 833 2830 atque
844 2770 929 2810 anna
938 2750 1102 2812 habituras.
1114 2749 1241 2812 multum
1250 2751 1343 2813 etiem
1354 2751 1417 2811 ad·

371 2837 384 2870 ‘
394 2835 530 2919 juturam
540 2836 682 2899 notitiam
692 2835 783 2897 maris
789 2849 995 2918 terrarumque
1003 2846 1036 2897 et
1042 2847 1218 2898 ventorum:
1233 2857 1298 2920 quse
1306 2837 1418 2898 omnia

366 2923 384 2968 1‘
395 2921 515 3005 ignaros
525 2923 682 2986 turbatura
691 2923 794 2984 hostes
803 2921 924 2984 essent’
947 2919 1160 2985 Moritomnes
1170 2923 1418 3000 auctorconsilii,

371 3010 423 3093 qui
449 3021 482 3071 et
496 3031 528 3070 re
550 3009 711 3071 consilium
727 3021 923 3070 exsecuturus
943 3020 1018 3071 erat.
1061 3006 1193 3070 Biduum
1213 3009 1245 3070 in
1268 3009 1417 3092 adparatu

372 3097 504 3158 morati:
528 3096 619 3158 tertio
630 3095 680 3156 die
691 3107 814 3158 centum
825 3095 960 3173 navibus,
971 3114 1098 3175 quarum
1113 3096 1342 3178 ”septuaginta
1351 3107 1418 3157 tec-

371 3193 420 3260 tae,
435 3193 542 3245 ceterae
553 3191 680 3264 apertae,
696 3182 821 3244 minoris
832 3201 937 3243 omnes
952 3181 1178 3260 formae,'erant‚
1192 3181 1322 3266 proiecti
1337 3181 1418 3244 Pbo-
1530 3179 1531 3198 ³

371 3265 464 3330 cnam
488 3269 651 3351 petierunt.
679 3268 761 3346 inde,
792 3289 884 3350 quum
910 3267 1056 3347 audisset,
1082 3268 1326 3351 adpropinquare
1350 3266 1417 3349 jum
1530 3303 1531 3322 ι

370 3353 542 3420 Romanam
558 3347 696 3434 classein,
718 3373 783 3433 rex,
806 3355 878 3436 quia
892 3375 954 3444 non
976 3354 1172 3417 interfutums
1194 3355 1297 3417 navali
1318 3369 1416 3416 certa·

601 3499 1179 3584 'fluimspnmeeeqernmoroucm

401 3643 425 3689 il⁷
440 3641 479 3697 ita
498 3663 588 3698 mensem
613 3665 656 3697 nou
674 3647 750 3712 serim
787 3651 878 3713 impares
940 3649 963 3686 ἥ
988 3650 1132 3718 Septiuginla
1149 3661 1217 3718 tecle,
1235 3661 1312 3702 eslere
1328 3653 1421 3716 aperie,

363 3709 459 3778 sulm
476 3729 515 3772 ee,·
539 3716 615 3762 ceteris
631 3715 728 3762 mnibus
747 3718 875 3780 essperimr]
910 3716 1000 3765 minoris
1026 3733 1095 3766 omenes
1116 3719 1196 3778 senne
1222 3719 1301 3782 emt]
1327 3718 1421 3767 D'utin·

370 3779 440 3828 Hene
458 3789 570 3827 vetustam
588 3793 639 3828 esee
656 3779 793 3842 scripturam
810 3793 878 3829 rests·
910 3783 1009 3841 guebmt
1026 3797 1093 3830 nerea
1113 3784 1204 3847 majoris
1218 3793 1244 3831 et
1255 3783 1352 3832 minoris
1369 3783 1422 3830 iorh

370 3855 409 3892 tur
420 3844 542 3901 Gelenius,
552 3860 620 3908 quam
631 3853 657 3892 et
667 3843 753 3906 aliquot
769 3843 880 3894 editiones
912 3861 972 3893 mse:
989 3848 1130 3896 ecuidernur
1143 3848 1249 3898 brbuiue
1265 3863 1307 3910 pro
1324 3849 1423 3896 wihus

370 3911 484 3973 amplexae
495 3921 558 3988 quut.
576 3910 604 3957 ln
617 3909 770 4002 Grouopipnis
781 3909 878 3990 legiturp
912 3909 1003 3974 mejoris
1013 3911 1102 3988 lonnae,
1115 3927 1153 3960 eas
1164 3928 1215 3975 qun
1230 3927 1298 3977 rupn
1312 3914 1425 3961 triremes

370 3973 879 4101 tzittmli’usllffit
909 3977 1426 4104 {xlll'zlltlllsslmlllffil
1528 4079 1529 4112 ,

371 4103 416 4150 hee
427 4103 520 4166 periodo
536 4104 565 4152 ‹le
581 4103 650 4151 classe
666 4105 777 4152 Antiochi
793 4117 880 4164 egetur,
909 4106 931 4166 gi
949 4117 1026 4170 potest
1046 4121 1074 4154 ex
1091 4107 1107 4154 l.
1128 4119 1233 4156 xxxvn.
1253 4123 1276 4156 e.
1290 4109 1333 4155 m.
1353 4108 1428 4158 irrin-
1528 4113 1529 4172 g

609 4169 767 4290 nucu
899 4171 1428 4286 impensurum:
1528 4197 1529 4200 ψ

362 4293 453 4358 ‚Itaque
471 4250 561 4346 niem
572 4298 648 4362 senne
664 4249 879 4427 'imporupputumi
909 4315 957 4357 res,
971 4301 1063 4362 triginta
1075 4249 1349 4366 epompiuiinnestm
1368 4313 1427 4350 tec-

372 4358 526 4424 (nomm)
541 4365 612 4423 iprum
625 4364 780 4428 (Antiochum
803 4368 878 4416 esteris
909 4375 952 4424 tas,
970 4379 1147 4431 quamuspertae,
1162 4367 1256 4415 minoris
1266 4369 1366 4414 forme:
1391 4367 1428 4414 ua

372 4425 469 4472 omnibu
484 4428 620 4487 superiorem.
662 4429 707 4478 see
727 4430 832 4494 displicet
847 4429 877 4478 rb
899 4441 935 4478 -at
946 4431 1008 4478 nulla
1019 4443 1078 4481 esset
1089 4431 1152 4480 naris
1162 4421 1193 4480 iu
1203 4431 1254 4498 eius
1265 4431 1351 4490 eluite,
1368 4448 1427 4498 qn

371 4488 663 4554 itaqueetsermsinpam.
908 4496 997 4546 triremi
1008 4495 1157 4562 mesenes
