3026 5164
409 403 485 462 ma.
506 399 806 461 nucleum.
877 451 888 477 ,
1065 389 1136 502 4η.
1211 421 1214 428 ·

85 553 111 618 si
126 563 207 616 sunt.
250 551 378 617 Summa
389 555 419 616 ri
441 557 468 594 θ’
480 563 577 616 totum
591 553 600 594 ¹
616 555 695 617 diem
723 557 944 638 obpugnarnnt,
970 554 1014 616 ita
1028 565 1063 617 ut
1083 575 1123 616 ne
1137 541 1278 622 usostl.
1289 536 1307 544 η

86 641 231 704 efferendi
260 641 381 723 quidem
405 643 493 723 signa
517 641 664 702 Romanis
679 643 819 723 spatium,
844 662 900 702 nec
915 641 954 702 ad
968 641 1123 724 explicen-
1137 633 1166 680 A·
1178 631 1207 680 ⁰·
1220 636 1275 684 ¹³¹·
1303 639 1307 658 ''

85 729 158 790 darn
174 728 274 789 aciem
289 729 373 789 locus
387 739 476 789 esset.
520 725 657 789 conferri
673 729 704 788 in
719 729 825 810 portis,
847 727 996 789 obstando
1017 728 1123 808 magis,
1136 696 1294 823 ffipfffi

86 835 178 896 quam
208 815 383 897 pugnando,
412 827 511 874 castra
542 815 730 876 tutabantur.
774 811 837 874 Sub
874 834 1015 874 occasum
1052 814 1123 875 solis
1137 829 1198 876 ritus
1208 824 1297 876 Emi·-

85 921 181 983 qunm
206 902 399 962 recessissent
423 901 535 977 hostes,
563 901 637 962 duos
664 901 779 981 equites
801 901 827 938 ⁸³
849 900 888 960 ad
912 897 969 960 Cn.
990 893 1252 962 Baebiumffiwffl·

47 991 53 999 “
86 988 299 1070 proconsulem
323 1007 391 1048 cum
408 985 501 1047 literis
518 985 601 1047 Pisas
616 988 723 1063 mittit,
738 997 783 1064 nt,
799 987 921 1047 obsesso
936 987 994 1046 sibi
1010 1007 1063 1070 per
1077 988 1124 1048 in·

88 1073 193 1134 ducias
227 1074 448 1155 quamprimum
482 1072 615 1134 subsidio
641 1073 766 1134 veniret.
810 1071 928 1134 Baebius
958 1073 1126 1134 exercitum

58 1183 61 1188 ¹
86 1156 138 1220 Μ.
156 1158 275 1220 Pinario
290 1160 420 1241 praetori,
447 1161 528 1239 eunti
546 1161 576 1220 in
593 1157 775 1236 Sardiniam,
802 1159 976 1220 tradideret.
992 1171 1126 1221 ceterum

88 1255 122 1306 et
147 1255 284 1306 senatum
309 1246 406 1306 literis
432 1246 592 1306 certiorem
608 1246 691 1322 lecit,
716 1243 847 1306 obsideri
872 1243 1065 1326 aLiguribus
1092 1244 1127 1307 L.

87 1327 261 1409 AEmilium,
284 1341 315 1393 et
330 1331 376 1393 Μ.
392 1330 521 1393 Claudio
537 1330 694 1408 Marcello,
717 1329 802 1413 cujus
817 1331 956 1412 proxima
970 1331 1041 1392 inde
1056 1352 1128 1413 pro·

84 1417 189 1478 vincia
203 1431 279 1496 erat,
295 1419 427 1500 scripsit,
450 1430 495 1494 ut,
511 1417 535 1478 si
550 1418 700 1479 videretur
715 1418 754 1494 ei,
781 1418 944 1478 exercitum
969 1437 1007 1478 ex
1029 1414 1130 1480 Gallia

88 1503 266 1566 traduceret
301 1505 332 1565 in
363 1503 500 1585 Ligures,
537 1516 568 1566 et
605 1503 640 1564 L.
672 1501 831 1564 AEmilium
870 1503 1010 1564 liberaret
1046 1503 1129 1564 obsi·

85 1589 191 1650 dione.
235 1588 309 1652 Haec
325 1611 392 1651 sera
407 1591 507 1651 futura
529 1590 641 1650 auxilia
655 1599 751 1650 erant.
795 1587 920 1670 Ligures
941 1601 1064 1670 postero
1079 1589 1129 1650 die

88 1673 130 1736 ad
146 1687 245 1737 castra
267 1676 404 1737 redeunt.
448 1673 600 1753 AEmilius,
626 1687 717 1758 quum
740 1685 772 1736 et
792 1687 934 1736 venturos
961 1675 1076 1752 essisset,
1097 1687 1130 1736 et

86 1759 218 1822 educere
244 1763 275 1824 in
289 1764 386 1823 aciem
402 1764 559 1843 potuisset,
585 1763 665 1823 intra
679 1761 790 1822 vallum
806 1781 874 1822 suos
890 1761 999 1837 tenuit,
1025 1771 1059 1822 ut
1075 1781 1130 1822 ex·
1193 1825 1200 1838 ,

86 1847 224 1910 traheret
238 1869 302 1909 rem
318 1850 349 1909 in
365 1848 397 1908 id
412 1861 542 1932 tempus,
557 1869 617 1929 quo
633 1847 750 1910 Baebius
762 1867 830 1908 cum
847 1847 983 1908 exercitu
998 1847 1097 1907 venire
1111 1867 1131 1906 a

88 1931 167 1994 Pisis
182 1946 295 2016 posset.

132 2019 251 2082 XXVI.
287 2020 390 2084 Romae
417 2041 558 2102 magnam
585 2021 818 2102 trepidationem
843 2020 938 2081 literae
963 2018 1058 2081 Baebii
1083 2020 1129 2081 fc·
1143 2028 1289 2104 Magnam·

29 2177 32 2184 ‚
86 2117 222 2168 cerunt:
256 2129 293 2169 eo
309 2106 466 2188 majorem,
481 2106 563 2188 quod
576 2127 689 2190 paucos
705 2118 775 2189 post
790 2107 853 2166 dies
870 2105 1044 2182 Marcellus,
1067 2093 1295 2174 tra-mul·-

87 2193 156 2254 dito
179 2194 316 2256 exercitu
339 2193 443 2270 Fabio,
469 2193 599 2254 Romam
622 2213 714 2274 quum
730 2193 870 2269 venisset,
897 2213 982 2273 spem
1005 2173 1186 2271 ademit,‘²⁰'

89 2299 173 2357 eum,
207 2281 257 2361 qui
288 2281 319 2341 in
349 2277 449 2341 Gallia
477 2289 566 2356 esset,
603 2280 768 2339 exercitum
798 2279 828 2338 in
858 2277 984 2359 Ligures
1014 2279 1130 2340 traduci

87 2387 192 2448 posse,
220 2365 291 2446 quia
305 2365 418 2426 bellum
434 2385 502 2426 cum
519 2364 602 2426 lstris
618 2377 708 2442 essct,
735 2364 964 2448 prohibentibus
979 2365 1132 2426 coloniam

85 2451 266 2532 Aquileiam
293 2452 411 2513 deduci.
440 2473 478 2512 eo
503 2452 672 2534 profectum
699 2450 837 2527 Fabium,
862 2471 960 2531 neque
985 2449 1055 2512 inde
1082 2473 1132 2512 te-

86 2537 190 2620 gredi,
222 2537 303 2599 bello
332 2539 475 2600 inchoato
505 2557 602 2621 posse.
657 2535 741 2614 Una,
778 2550 810 2598 ct
838 2557 875 2598 ea
912 2539 979 2618 ipsa
1007 2537 1133 2616 tardior,

87 2645 184 2704 quarn
215 2634 333 2704 tempus
362 2624 546 2706 postulabat,
576 2624 701 2685 subsidii
733 2643 801 2704 spes
831 2633 906 2700 erat,
938 2624 963 2684 si
994 2623 1133 2685 consules

15 2733 20 2740 ·
87 2721 298 2772 maturassent
321 2711 352 2770 in
379 2711 563 2792 provinciam
580 2711 634 2772 ire.
658 2710 690 2771 id
705 2719 739 2770 ut
761 2709 905 2771 facerent.
920 2729 975 2790 pro
1002 2731 1033 2770 se
1050 2711 1134 2792 quis-

87 2815 150 2878 que
182 2795 306 2858 Petrum
335 2795 501 2858 vociferari.
545 2795 701 2874 Consules,
734 2796 792 2858 nisi
826 2795 968 2858 confecto
1002 2795 1133 2874 delectu,

67 2903 207 2966 ¹negare
234 2904 266 2943 se
292 2883 396 2960 ituros,
423 2903 479 2942 nec
505 2903 590 2943 suam
614 2883 783 2963 segnitiem,
807 2882 861 2941 sed
885 2883 946 2941 vim
972 2882 1079 2959 morbi,
1103 2882 1134 2942 in

87 2989 206 3029 caussa
221 2989 295 3044 esse,
322 2970 416 3048 ⁸⁴quo
432 2969 526 3028 serius
550 2969 786 3050 perficeretur&
802 2987 873 3046 ,non
897 2979 999 3028 tamen
1025 2977 1134 3049 potue·
1154 3023 1158 3030 .

89 3065 165 3116 runt
205 3053 352 3116 sustinere
390 3074 569 3116 consensum
607 3064 738 3130 senatus,
782 3053 870 3132 quin¹
891 3052 1027 3134 paludati
1069 3053 1135 3113 exi·

90 3153 173 3218 rent,
202 3151 234 3201 et
259 3140 413 3217 militibus,
439 3161 515 3220 quos
531 3141 718 3221 conscriptos
745 3138 902 3216 haberent,
926 3139 1006 3199 diem
1034 3138 1135 3200 edice-

92 3239 178 3304 rent,
207 3247 268 3308 quo
293 3225 373 3287 Pisas
400 3226 605 3288 convenirent.
629 3228 654 3264 ⁸⁵
672 3225 860 3307 permissum,
885 3236 929 3302 nt,
959 3245 1018 3305 qua
1040 3225 1136 3301 irent,

87 3315 116 3354 ³⁶
128 3312 272 3398 protinus
298 3313 459 3374 subitarios
474 3313 584 3374 milites
600 3313 775 3389 scriberent,
802 3311 1007 3392 ducerentque
1015 3312 1137 3374 secum.

227 3475 458 3526 ¹addassnsnGroa.
470 3478 537 3526 Creu.
714 3476 1007 3539 ¹¹prqiclsceseatarGron.

120 3609 149 3645 Β
167 3607 250 3656 Totum
267 3623 337 3656 unum
352 3609 420 3671 diem]
445 3608 506 3657 Dele
524 3623 602 3656 vocem
635 3609 743 3672 aptiorem
766 3621 790 3658 et
812 3608 978 3669 elegantiorem.
1012 3609 1064 3660 Nec
1086 3627 1140 3661 vero

90 3691 176 3730 amm,
198 3690 268 3736 quam
292 3675 381 3734 ignorat
409 3689 467 3720 unus
488 3690 502 3721 e
529 3674 602 3722 MSS.
634 3673 755 3734 legendum
783 3676 943 3722 crediderimus
970 3691 1023 3723 cnm
1057 3679 1139 3726 eodem

12 3773 14 3776 -
92 3738 570 3800 Hemii.Victquoquecodextotadie.
637 3739 752 3787 Gronorio
779 3741 835 3802 qnod
859 3743 935 3788 terito.
970 3741 1038 3788 Nihil
1064 3755 1140 3790 muta·
1168 3757 1172 3768 ’

119 3805 201 3852 &An
215 3803 258 3853 Cn.
271 3801 529 3868 Boebs'umproconsulera]
546 3804 603 3852 Cer·
636 3807 698 3853 tione
721 3819 775 3869 opus
798 3815 840 3852 est.
874 3805 923 3852 Vim
944 3807 1011 3852 morbi
1029 3810 1053 3854 ln
1075 3824 1142 3856 cauta

91 3870 187 3919 tissime
206 3869 291 3930 Sigonii
312 3868 449 3929 emendatio,
467 3885 533 3931 quern
546 3868 605 3917 clare
637 3886 687 3929 ests,
698 3887 739 3932 quo
750 3870 830 3928 serius,
841 3860 864 3915 iit
874 3882 918 3928 est,
929 3886 969 3918 cur
977 3887 1004 3918 eo
1010 3873 1081 3919 serius
1086 3889 1141 3933 per·

91 3937 195 4000 probent
217 3951 254 3992 ea,
271 3951 323 3997 quae
333 3945 455 3982 memorate
474 3945 526 3982 sunt
539 3950 606 3997 supra
630 3935 741 3996 ficeretur
761 3934 872 3992 delectus,
890 3951 957 3997 quam
976 3937 1076 4000 alioquin
1092 3937 1160 3985 fieri‘

92 4018 117 4050 e.
133 4003 172 4050 to.
184 4001 216 4047 de
230 4001 274 4048 Cn.
286 3999 373 4048 Baebio.
392 3997 480 4060 ,Vulgo
489 3999 606 4060 legebatur
635 4000 754 4065 potuisset.

92 4064 172 4114 adol.
187 4063 286 4111 Bobium
294 4065 604 4125 mnndumquirererncoo·
671 4065 698 4112 1⁸⁵
722 4065 860 4122 Permissum,
878 4064 917 4128 ut]
950 4065 1039 4114 Omnes
1062 4067 1142 4132 scripti

48 4113 82 4144 α
90 4131 131 4180 sul
142 4141 182 4178 est
193 4133 240 4177 hoc
251 4145 318 4186 anno,
332 4131 371 4178 sed
382 4130 451 4178 etism
462 4141 511 4178 tum
523 4131 605 4178 Romu
637 4141 661 4177 et
682 4130 748 4192 prisci
769 4131 824 4178 editi
845 4132 955 4178 omittunt
976 4129 1005 4177 τὸ
1025 4141 1059 4188 ut,
1080 4145 1141 4184 teste
1159 4139 1161 4146 ’

90 4207 155 4250 eret,
165 4207 193 4242 ut
206 4206 334 4243 constater
347 4213 369 4243 c.
380 4211 427 4258 seq.
638 4195 768 4243 Gronovio:
793 4211 837 4244 nec
856 4196 911 4243 illud
929 4207 1003 4244 exstet
1019 4198 1044 4244 in
1063 4199 1141 4248 codice

122 4261 153 4304 Μ
174 4259 228 4312 Quo
250 4263 317 4307 serien
336 4259 488 4324 pepicnstm]
514 4260 604 4307 Grono.
637 4261 700 4310 Vict.

94 4325 171 4374 vianae
202 4324 314 4373 editiones
337 4327 422 4372 hebent
447 4325 606 4386 prqioisrerea·
670 4324 843 4388 warinus]
863 4327 927 4375 luter
942 4327 1050 4377 eundum.
1084 4329 1141 4376 stu.

93 4401 143 4440 tur.
178 4389 339 4438 vetustiorem
355 4390 477 4438 lectionem
494 4391 605 4454 expressi·
637 4393 711 4439 itariae
737 4393 815 4439 milites
841 4393 1001 4457 interpretatur
1026 4395 1072 4458 ipse
1099 4395 1140 4442 Li-

96 4473 160 4512 mus,
181 4473 196 4503 a
220 4457 315 4515 Sigania
337 4472 426 4520 quoque
452 4467 559 4504 testatam
581 4458 605 4503 itt
637 4457 688 4502 vius
716 4469 754 4504 tn.
783 4459 806 4504 4.
832 4459 945 4519 reperitote
968 4460 1060 4506 unsilia.
1088 4461 1141 4508 Eo·

94 4535 148 4575 not.
177 4522 209 4572 ad
239 4537 260 4571 c.
286 4521 387 4588 proxime
413 4524 552 4588 praecedens,
579 4533 606 4571 ut
639 4523 691 4572 dem
709 4521 758 4571 fere
777 4523 844 4572 modo
865 4525 998 4589 exponimus
1017 4525 1141 4574 ttnnulrnu-
1164 4537 1166 4542 ·
