3122 5194
279 329 282 338 '
374 343 439 406 ³14
726 363 730 368 -
792 337 876 396 utut
893 336 1025 396 ttvu·
1108 362 1113 380 ν

207 497 284 568 11,ss
295 497 351 548 559-
373 511 461 556 arcus
480 492 648 575 fundasque
670 504 703 554 et
720 490 891 574 jaculorum
907 507 1029 556 amente
1047 492 1226 554 emollierat.
1285 487 1420 556 Falern

207 563 348 678 ffiffl·
373 599 492 662 quoque
514 580 677 660 quadrigae,
698 579 805 660 quibus
831 600 864 640 se
891 581 1134 662 perturbaturum
1158 577 1295 640 hostium
1323 577 1420 639 aciem

209 695 323 761 quadriga
372 665 544 728 Antiochus
558 667 738 743 crediderat,
750 667 782 728 in
797 686 867 726 suos
883 678 1029 728 terrorem
1043 675 1205 727 verterunt.
1224 673 1352 724 armatae
1365 685 1421 726 au-

373 764 437 816 tem
452 753 483 814 in
495 753 576 814 hunc
591 752 723 814 maxime
735 752 859 814 modum
875 765 970 816 erant.
982 756 1009 792 ²³
1017 751 1154 834 cuspides
1167 751 1250 812 cirea
1261 761 1420 812 temouem

374 840 413 902 ab
435 837 512 921 jugo
538 839 643 900 decem
670 839 772 901 cubita
797 851 961 918 exstantes,
986 838 1067 901 velut
1092 859 1215 915 cornua,
1240 835 1420 915 habebant;

374 927 494 1008 quibus,
518 926 664 1007 quidquid
688 925 808 986 obvium
833 926 963 1004 daretur,
988 924 1210 1006 transfigerent.
1242 936 1276 984 et
1306 922 1340 984 iu
1366 944 1420 985 ex·

265 1065 272 1075 ,
373 1013 477 1074 tremis
503 1010 586 1093 jugis
614 1012 692 1074 bina
720 1012 803 1074 circa
831 1013 1008 1076 eminebant
1033 1011 1142 1089 salces3
1174 1011 1275 1073 altera
1301 1023 1423 1090 equata

369 1096 457 1180 jugo,
473 1098 567 1168 altera
588 1098 710 1161 inferior
726 1099 758 1162 in
781 1110 891 1162 terram
907 1099 1038 1162 devexa:
1068 1097 1129 1174 illa,
1145 1109 1189 1175 ut,
1205 1097 1358 1192 quidquid
1378 1099 1419 1159 ab

374 1185 468 1248 latere
488 1184 678 1266 objiceretur,
694 1186 904 1248 abscinderet:
935 1186 1009 1264 haec,
1024 1196 1063 1246 ut
1073 1184 1231 1270 prolapsos
1246 1187 1274 1222 ²⁵
1285 1184 1416 1246 subeun-

372 1283 480 1352 tesque
501 1272 701 1353 contingeret.
727 1273 800 1338 item
825 1273 864 1334 ab
888 1272 992 1333 axibus
1016 1283 1150 1334 rotarum
1168 1271 1324 1351 utrimque
1337 1271 1418 1334 bine

372 1358 481 1420 eodem
497 1357 589 1418 modo
604 1358 726 1420 diversae
740 1359 950 1439 deligabantur
965 1357 1067 1420 falces.
1122 1355 1173 1420 Sic
1188 1369 1326 1418 muratas
1340 1377 1416 1436 qua·

372 1443 485 1525 drigas,
508 1445 588 1524 quia,
609 1444 633 1505 si
658 1445 688 1504 in
711 1456 857 1522 extrem0,
873 1456 926 1506 aut
944 1446 974 1506 in
996 1446 1097 1506 medio
1112 1444 1219 1506 locatae
1234 1443 1347 1520 forent,
1363 1464 1418 1526 per

372 1551 443 1592 suos
465 1530 589 1610 agendae
612 1541 710 1608 erant,
728 1532 874 1612 inprime
893 1532 967 1608 acie,
983 1543 1017 1592 ut
1039 1531 1242 1592 antedictum
1260 1541 1320 1607 est,
1334 1531 1417 1592 loca-

370 1625 456 1678 verat
477 1637 540 1676 rex.
599 1615 689 1686 Quod
709 1618 760 1678 ubi
781 1616 931 1678 Eumenes
951 1617 1037 1695 vidit,
1052 1617 1132 1680 haud
1154 1617 1277 1699 ignarus
1297 1637 1418 1698 pugna,

370 1713 405 1769 et
426 1722 518 1782 quam
540 1723 651 1785 anceps
672 1713 752 1764 esset
774 1704 877 1765 auxilii
898 1725 1004 1786 ganne,
1027 1705 1052 1764 si
1073 1704 1138 1784 quis
1152 1724 1297 1785 pavorem
1321 1705 1418 1785 magis

371 1787 456 1868 equis
478 1787 628 1870 injiceret,
651 1810 740 1870 quarn
760 1789 845 1871 justa
867 1790 1035 1852 adoriretur
1052 1811 1164 1872 pugna,
1181 1788 1345 1852 Cretenses
1367 1812 1418 1850 sa-

371 1875 522 1954 gittarios,
537 1875 773 1957 funditoresque,
792 1879 817 1922 ²7
827 1888 859 1939 et
877 1876 1063 1958 jaculatores
1085 1877 1230 1959 equitum,
1253 1897 1318 1937 non
1341 1897 1416 1938 con·

373 1959 477 2039 fertus,
499 1961 564 2038 sed,
585 1983 674 2043 <luam
697 1963 828 2024 niaxime
850 1976 984 2045 possent,
1007 1963 1168 2044 dispersos,
1182 1984 1344 2025 excurrere
1363 1961 1414 2042 ju-

373 2047 445 2123 bet3
476 2048 565 2109 sinml
596 2050 734 2111 omuibus
761 2050 896 2132 partibus
931 2051 992 2112 tela
1022 2051 1169 2130 ingerere.
1230 2047 1307 2110 Haec
1336 2049 1416 2112 velut

372 2133 517 2214 procella,
538 2136 648 2216 partim
663 2136 833 2199 vulneribus
855 2136 1013 2198 missilium
1038 2135 1169 2216 undique
1192 2134 1415 2217 conjectorum,

372 2221 482 2300 partim
494 2220 673 2283 clamoribus
686 2222 826 2300 dissonis,
838 2223 882 2284 ita
896 2222 1099 2284 consternavit
1115 2242 1219 2304 equos,
1230 2234 1265 2283 ut
1281 2233 1416 2304 repente,

369 2306 456 2368 velut
480 2306 628 2384 effrenati,
649 2310 760 2390 passim
785 2309 901 2370 incerto
921 2330 1008 2370 cursu
1025 2308 1190 2370 ferrentur:
1221 2329 1350 2390 quorum
1367 2309 1415 2370 in-

371 2403 462 2472 petus
491 2405 523 2454 et
552 2393 623 2459 levis
654 2406 815 2470 armatura,
841 2407 873 2456 ct
902 2395 1036 2478 expediti
1061 2395 1240 2475 funditores,
1266 2408 1300 2457 et
1325 2396 1417 2458 velox

373 2475 527 2538 Cretensis
552 2493 709 2542 momento
735 2481 945 2543 declinabant:
977 2494 1009 2544 et
1034 2503 1125 2562 eques
1152 2482 1340 2562 insequendo
1367 2493 1417 2544 tu-

371 2562 502 2624 multum
525 2583 561 2624 ac
577 2586 721 2645 pavorem
742 2566 825 2647 equis
841 2569 1069 2650 ²⁸camelisque,
1084 2580 1116 2629 et
1139 2568 1210 2650 ipsis
1231 2568 1320 2629 simul
1336 2558 1415 2630 con-⁶

371 2649 524 2740 sternatis,
540 2651 681 2730 augebat,
697 2653 829 2714 clamore
854 2665 886 2714 et
910 2655 948 2715 ab
971 2655 1031 2716 alia
1053 2655 1308 2716 circumstantium
1323 2655 1413 2716 nube

371 2733 532 2816 multiplici
549 2735 680 2816 adjecto.
733 2736 781 2799 lta
800 2739 901 2801 medio
916 2741 993 2802 inter
1019 2742 1092 2802 duas
1117 2743 1194 2803 acies
1215 2760 1322 2820 campo
1337 2741 1407 2804 exi-

370 2831 485 2901 guntur
499 2821 668 2904 quadrigae:
699 2836 864 2906 amotoque
887 2827 969 2888 inani
991 2827 1120 2889 ludibrio
1140 2839 1201 2888 tum
1221 2826 1342 2888 demum
1363 2826 1408 2890 ed

365 2903 484 2987 justum
500 2908 650 2989 proelium,
665 2910 752 2991 signo
767 2912 918 2995 utrimque
934 2914 1017 2991 dato,
1032 2934 1209 2976 concursum
1223 2923 1277 2974 est.

350 3013 355 3020 ·
413 2991 513 3056 XLII.
536 2993 678 3056 Ceterum
693 3018 771 3058 vana
793 2998 845 3060 illa
865 3021 911 3060 res
924 3022 1006 3062 uera
1027 3021 1097 3062 mox
1114 3000 1208 3062 cladis
1222 3019 1327 3060 caussa
1340 2999 1413 3065 fuit.

369 3080 486 3162 auxilia
508 3082 589 3143 enim
611 3079 800 3162 subsidiaria,
820 3105 884 3165 quae
904 3088 1043 3167 proxima
1062 3086 1163 3148 locate
1183 3098 1281 3162 erant,
1298 3107 1413 3168 pavore

370 3176 403 3227 et
432 3170 677 3230 corrsteruatioue
707 3171 920 3252 quadrigarum
949 3174 1063 3246 territa,
1089 3185 1120 3236 ct
1149 3174 1217 3255 ipsa
1244 3174 1277 3233 iu
1307 3173 1413 3254 fugam

370 3273 467 3332 uersa,
489 3255 642 3319 nudarunt
664 3259 767 3318 omnia
791 3279 884 3339 usque
910 3259 949 3320 ad
978 3261 1190 3341 cataphractos
1215 3259 1346 3340 equites.
1372 3259 1413 3320 ad

205 3357 360 3409 marcor-
371 3358 447 3420 quoe
462 3360 564 3420 quum,
581 3342 733 3425 dissipatis
755 3345 906 3422 subsidiis,
921 3347 1106 3427 pervenisset
1127 3345 1281 3426 equitatus
1295 3344 1412 3406 Roma-

204 3437 240 3471 Μ
253 3421 359 3472 3¹²wa
371 3445 438 3504 nus,
453 3447 491 3487 ne
512 3429 644 3509 primum
659 3429 781 3508 quidem
804 3431 941 3514 inpetum
957 3436 1060 3514 ²⁹pars
1078 3453 1181 3494 eorum
1197 3432 1413 3495 sustinuerunt.

313 3523 319 3537 ·
371 3511 422 3572 alii
445 3512 502 3573 fusi
529 3526 615 3593 sunt3
644 3516 696 3576 alii
711 3529 833 3599 propter
854 3519 1032 3599 gravitatem
1048 3522 1296 3600 tegumentorum
1311 3531 1410 3578 armo-'

317 3687 322 3698 ·
401 3673 425 3708 ⁹⁵
438 3674 557 3736 Cropider.
578 3712 584 3724 .
605 3712 611 3726 .
633 3681 723 3729 ‚decem
745 3681 817 3729 casdim
838 3697 873 3730 er-
906 3683 1028 3745 equitibus,
1045 3699 1084 3732 eos
1105 3685 1145 3746 qui
1163 3683 1303 3747 jaculatores
1323 3692 1407 3732 enent.

368 3739 460 3806 matre]
483 3739 560 3790 Cubita
576 3744 630 3802 legit
650 3744 778 3794 Schetlerur
800 3745 829 3794 de
848 3762 873 3794 re
906 3749 958 3795 Nisi
977 3750 996 3797 si
1015 3749 1075 3797 forte
1092 3749 1175 3812 aliquid
1191 3749 1230 3798 hic
1242 3745 1409 3810 excidiaqudlc

369 3804 782 3859 maiatlas.tanumeros.
811 3811 873 3862 Hae
906 3815 1335 3876 essetcurnob'qmrrurmr'repumn.
1368 3813 1409 3862 lu·

369 3869 481 3918 Sehefferi
502 3873 631 3937 conjectura
653 3875 792 3922 admittenda
810 3877 873 3924 side·
903 3879 938 3926 fra
957 3879 1018 3926 enim
1040 3893 1138 3941 quotuor
1154 3879 1242 3928 diversa
1262 3895 1349 3939 genero
1364 3879 1414 3927 dis·

369 3937 418 4002 tpr,
433 3951 462 3984 ne
484 3938 588 3986 immanis
605 3939 634 3996 sit
649 3939 741 4004 illarum
756 3943 873 4004 cuspidem
905 3945 1040 4005 tinguuntur
1061 3960 1140 3993 eorum
1162 3946 1200 4007 qui
1223 3947 1340 4007 quadrigae
1361 3943 1412 3991 illas

368 3998 495 4062 lobgitudo,
507 4015 531 4052 et
546 4005 613 4052 simul
628 4005 783 4070 utcuspidum
795 4009 872 4054 currui
904 4009 1055 4072 expulerunt:
1086 4011 1137 4058 leuis
1163 4020 1287 4066 ornatore,
1311 4011 1412 4070 apertis·

367 4067 492 4130 unicuique
510 4069 625 4118 affixarum
643 4086 752 4118 numerus
770 4085 871 4120 notetur.
896 4075 1100 4138 funditusqoclor
1111 4074 1305 4138 Caucasiasque.
1402 4127 1403 4130 ,

370 4129 496 4181 Errabant
516 4137 584 4198 igitur
601 4152 631 4184 ex
648 4153 784 4198 unoquoque
804 4153 872 4186 curru
937 4137 1104 4202 emanataqua
1124 4149 1146 4188 ct
1166 4139 1228 4202 ipu's]
1262 4139 1293 4187 Et
1316 4137 1411 4188 camelis

368 4195 449 4244 decern
468 4202 570 4266 cuspides
588 4203 616 4249 sd
633 4202 703 4250 cubiti
719 4202 786 4252 unius
801 4203 872 4264 longi·
905 4220 996 4266 quoque
1013 4204 1074 4268 ipsis,
1082 4205 1121 4266 qui
1131 4204 1199 4251 ricini
1210 4204 1324 4268 quadrigis
1333 4199 1411 4253 erent'.

368 4261 481 4311 tudinem.
937 4271 958 4305 ³³
970 4267 1027 4316 l'urr
1044 4270 1129 4330 martur]
1149 4267 1221 4317 Valde
1232 4281 1345 4334 suspecta¹
1356 4281 1411 4318 mut

401 4324 579 4393 ²⁵·saorunra]
604 4331 649 4380 Eos
663 4333 702 4396 qui
716 4329 796 4382 subtus
805 4348 871 4382 aoce-
905 4333 944 4382 lne
954 4333 1006 4381 dua
1017 4350 1092 4392 uoces,
1102 4345 1127 4382 et
1144 4335 1170 4381 iia
1188 4337 1264 4384 recisis
1279 4349 1362 4385 xum
1373 4328 1413 4383 uiss

368 4387 579 4459 derecoasrentur.
614 4415 622 4426 =
904 4399 1028 4448 lrilomious
1039 4397 1126 4462 integer
1137 4412 1233 4452 coortat.

407 4453 473 4504 ”Et
491 4457 627 4530 joculatores
648 4461 761 4526 equitum]
791 4463 823 4513 Et
844 4479 872 4513 ex
