3038 5200
361 363 441 427 ΠΒ.
455 365 598 428 xxxlv.
612 365 694 426 CAP.
711 365 845 426 xxxrl.
1083 373 1138 428 181

94 495 245 558 ‘verare'
260 493 434 580 Philippum
444 496 615 579 accepistis.
660 492 722 558 Sed
734 495 760 557 si
772 515 852 558 nunc
862 515 899 556 ea
909 495 1062 573 fecissem,
1074 516 1136 558 non
1151 514 1184 566 υ.
1195 517 1225 567 c.
1235 515 1292 568 aar.

94 581 196 661 ‘dic'o,
219 583 293 664 quid
304 583 335 644 in
348 603 385 644 eo
398 603 452 644 vos
466 581 620 661 laesissem,
632 593 686 644 aut
695 592 826 644 vestram
840 580 1009 643 amicitiam
1023 581 1135 644 violas·
1149 581 1223 650 ῌ·
1236 583 1292 633 ¹9⁵·

11 671 12 676 ’
93 667 203 730 ‘semi
228 669 283 730 sed
296 669 382 746 illud,
407 689 445 730 ne
460 689 545 730 more
566 679 658 750 atque
676 668 817 730 instituto
840 666 991 750 majorum
1016 667 1135 732 fecisse.

93 753 104 787 ‘
117 751 220 817 Nolite
236 755 276 818 ad
286 765 399 818 vestras
414 754 496 836 leges
508 767 601 836 atque
613 755 755 817 instituta
767 755 944 836 exigerem,
959 775 1025 836 quse
1038 750 1136 818 hace·

92 839 253 902 ‘demone
273 841 358 904 fiunt.
405 839 491 903 Nihil
507 862 686 925 comparare
705 841 825 924 singula
839 852 1033 903 necesse-est.
1048 863 1101 902 vos
1116 862 1137 904 a

92 925 104 959 ‘
117 948 207 989 censu
222 926 366 1010 equitem,
381 947 400 988 a
412 948 506 990 censu
522 928 659 1010 peditem
669 927 789 1010 legitis:
815 939 848 989 et
862 949 975 1010 paucos
987 927 1136 990 excellere

93 1012 358 1097 ‘opibus,plebem
371 1013 541 1096 subjectam
552 1035 617 1076 esse
630 1014 701 1090 illis,
711 1013 810 1076 vultis.
833 1011 945 1076 Noster
954 1009 1136 1094 legumlator

92 1099 176 1161 ‘non
192 1102 224 1163 in
240 1121 406 1183 paucorum
422 1121 515 1163 manu
531 1099 751 1181 rempublicam
767 1121 832 1162 esse
849 1099 955 1178 voluit,
980 1119 1071 1180 quem
1084 1121 1139 1162 vos

92 1184 253 1249 ‘senatum
280 1187 444 1270 adpellatis
453 1209 464 1264 3
487 1207 545 1250 nec
565 1187 714 1248 excellere
736 1205 829 1248 unum
844 1198 898 1248 aut
911 1186 1040 1248 alterum
1055 1186 1139 1247 ordi·

93 1271 189 1336 ‘nem
211 1274 244 1335 in
264 1273 407 1335 ciritste:
431 1273 485 1334 sed
501 1293 556 1356 per
570 1274 771 1354 aequationem
787 1272 916 1334 fortunae
931 1294 967 1334 sc
983 1273 1140 1356 dignitatis

92 1357 183 1421 ‘fore
208 1359 349 1437 credidit,
372 1371 408 1420 ut
427 1359 514 1420 multi
531 1369 641 1437 essent,
664 1359 714 1442 qui
731 1379 816 1420 arma
830 1379 886 1442 pro
902 1360 1002 1442 patria
1017 1359 1139 1422 ferrent.

90 1443 257 1507 ‘Pluribus
273 1467 322 1508 me
337 1445 500 1528 peregisse,
517 1465 608 1524 quarn
624 1465 680 1528 pro
694 1444 799 1528 patriae
814 1465 954 1508 sermone
970 1445 1139 1523 brevitatis,

90 1529 227 1595 ‘fateor
263 1529 304 1594 Et
320 1532 448 1594 breviter
462 1543 717 1613 peroratumesse
733 1530 851 1613 potuit3
874 1529 958 1592 Nihil
976 1552 1035 1608 me,
1051 1543 1138 1614 post·

91 1616 207 1699 ‘quarn
225 1619 378 1680 vobiscum
394 1617 559 1678 amicitiam
575 1617 703 1697 institui,
727 1637 781 1678 cur
802 1615 866 1701 ejus
886 1639 939 1680 vos
963 1617 1138 1699 poeniteret,

91 1703 328 1766 ‘commisisse'
375 1728 376 1734 ¹
803 1717 804 1722 ’

132 1788 266 1852 ΧΧΧΙΙ.
288 1790 339 1853 Ad
355 1793 419 1854 haec
435 1791 602 1874 imperator
612 1789 790 1854 Romanust
813 1789 981 1855 ‘Amicitia
995 1802 1027 1854 et
1040 1793 1139 1854 socie·
1153 1809 1280 1874 raquo

92 1877 103 1911 ‘
118 1890 163 1940 tas
175 1879 262 1940 nobis
274 1877 483 1956 auliatenam,
495 1878 549 1939 sed
564 1880 576 1916 ⁸
589 1899 658 1940 curn
672 1875 795 1976 Pelope,
810 1897 880 1960 rege
892 1877 1141 1940 lacedaemonio·
1151 1877 1184 1928 Τ·
1193 1872 1309 1926 ΟΜ·

91 1965 181 2027 ‘rum
191 1962 279 2047 justo
294 1985 329 2027 ac
344 1965 495 2048 legitimo,
509 1963 593 2026 lacta
608 1976 664 2026 est.
699 1962 793 2044 Cujus
804 1961 855 2044 jus
870 1963 992 2046 tyranni
1007 1984 1141 2046 quoque,

92 2050 166 2133 ‘qui
183 2063 293 2134 postea
308 2071 360 2134 per
377 2051 438 2111 vim
454 2061 619 2113 tenuerunt
633 2047 853 2112 Lacedaemone
867 2049 1040 2132 imperium,
1058 2049 1144 2130 (quia

91 2138 170 2200 ‘nos
186 2138 268 2199 bella
281 2158 363 2198 nunc
378 2135 502 2215 Punica,
522 2156 603 2198 nunc
626 2133 757 2213 Gallica,
780 2155 859 2196 nune
880 2135 941 2196 alia
955 2156 995 2196 ex
1009 2135 1076 2197 aliis
1089 2157 1144 2198 oe-

91 2223 315 2308 ‘cupaverant)
341 2233 545 2305 usurparunt3
569 2223 647 2283 sicut
671 2234 705 2283 tu
729 2240 849 2304 quoque
864 2221 923 2284 hoc
939 2217 1144 2284 Macedonico

90 2310 199 2373 ‘bello
215 2309 326 2372 fecisti.
357 2307 441 2370 Nam
457 2309 529 2389 quid
545 2308 645 2369 minus
659 2307 844 2386 conveniret,
858 2311 973 2390 lquam
989 2329 1042 2372 eos
1052 2317 1080 2387 ¹,
1092 2307 1144 2390 qui

90 2397 175 2480 ‘pro
190 2395 332 2458 libertate
347 2391 470 2458 Graeciae
485 2393 626 2456 adversus
644 2391 816 2478 Philippum
831 2415 1003 2476 gereremus
1018 2393 1144 2472 bellum,

89 2483 191 2545 ‘cum
213 2493 342 2566 tyranno
363 2481 518 2544 instituere
542 2480 731 2542 amicitiam?
756 2493 788 2544 et
803 2491 931 2564 tyranno
947 2482 1069 2562 'quam,
1091 2480 1143 2562 qui

81 2570 102 2621 ·‘
116 2589 278 2651 uinquam,
300 2568 460 2631 saevissimo
476 2577 507 2630 et
526 2567 746 2630 violentissimo
767 2568 798 2628 in
815 2567 907 2629 suos?
941 2565 1038 2630 Nobis
1058 2587 1141 2645 vero,

90 2655 238 2718 ‘etiamsi
254 2655 353 2738 Argos
375 2675 431 2718 nec
456 2655 587 2738 cepisses
625 2676 656 2716 er
671 2653 820 2732 fraudem,
835 2675 891 2716 nec
912 2663 1041 2732 teneres,
1065 2653 1142 2715 libe-

91 2743 255 2805 ‘rantibus
271 2763 393 2804 ornnem
409 2739 570 2818 Graeciam‚
597 2674 799 2802 Nacedaemon
814 2760 935 2824 quoque
958 2741 1143 2802 vindicanda

91 2829 147 2891 ‘in
172 2829 328 2914 antiquam
343 2829 516 2892 libertatem
541 2838 607 2890 erat
622 2841 714 2909 atque
741 2828 773 2890 in
799 2828 883 2910 leges
907 2847 988 2904 suas,
1014 2833 1143 2911 quarur‘n

90 2916 102 2949 ‘
116 2917 223 2994 modo,
238 2927 394 2998 tamquam
411 2915 535 2977 remulus
550 2912 691 3000 lycurgi,
717 2915 906 2976 mentionem
927 2913 1037 2976 iecisti.
1081 2911 1144 2991 An,

91 3003 102 3036 ‘
117 3013 150 3064 ut
164 3005 205 3066 ab
220 3001 311 3065 lasso
326 3013 359 3066 et
373 2999 525 3086 Bargyliis
540 3002 680 3085 presidia
694 2999 826 3084 Philippi
843 3000 1044 3079 deducantur,
1067 3019 1146 3062 curse

189 3161 209 3186 ¹
224 3151 338 3200 dmum
348 3148 423 3199 Gron.
434 3147 503 3199 Crer.
824 3157 837 3184 ¹
853 3165 890 3200 reor
900 3151 974 3200 oros.
985 3149 1047 3216 liup.

119 3268 132 3303 θ
146 3267 206 3316 Cum
218 3264 309 3332 Pelops]
324 3267 465 3315 Multarum
477 3283 528 3330 quae
538 3267 602 3316 nobis
634 3269 716 3334 ltaqae
727 3278 831 3334 superest
844 3271 1016 3332 inquirendum,
1033 3269 1084 3332 quis
1104 3268 1144 3320 ills

88 3333 231 3398 persedere
243 3333 373 3392 videantur,
387 3347 473 3380 nomeu
492 3330 543 3396 ejus
558 3332 602 3380 La·
634 3347 676 3380 rea
688 3333 911 3383 Lacedaemoniorum
921 3335 1002 3393 faerit,
1018 3337 1085 3398 cujus
1099 3351 1143 3384 no·

87 3398 286 3450 muham
303 3399 371 3459 regia,
392 3412 490 3460 quotam
508 3398 604 3446 societas
635 3415 691 3448 rnen
708 3401 739 3448 sit
758 3399 802 3449 hoo
821 3399 873 3448 loco
891 3401 1057 3462 reponendum.
1091 3399 1143 3450 Nisi

89 3481 102 3512 a
121 3462 236 3520 &mania
252 3463 313 3512 sacta
328 3465 368 3520 ait,
382 3463 420 3512 hic
431 3463 536 3512 vitiata·
546 3477 603 3512 ease.
634 3464 693 3512 lorte
705 3477 729 3514 et
740 3465 785 3514 lroc
792 3467 852 3513 inter
860 3463 920 3512 Livii
927 3463 1050 3528 sphalmata
1058 3479 1143 3514 numa·

89 3529 169 3580 anum
182 3528 246 3578 enim
258 3529 319 3576 inter
332 3527 519 3578 Laced-monica
533 3543 600 3594 regas
633 3531 730 3580 randum
749 3544 793 3580 eat.
819 3530 835 3561 Ο
846 3529 900 3588 md,
914 3529 984 3578 etiam
1001 3542 1050 3580 not.
1062 3534 1102 3582 82.
1113 3532 1142 3580 ad

90 3596 197 3644 neemias
216 3593 343 3650 neminem,
358 3594 396 3657 qui
411 3593 502 3658 Pelopia
516 3609 601 3642 nomeu
634 3611 654 3644 c.
665 3597 705 3644 26.
715 3613 792 3662 supra.
999 3601 1002 3608 ’

91 3659 179 3718 tulerit,
194 3671 264 3722 quam
275 3662 326 3722 ejus
341 3659 447 3723 Lycurgi,
463 3659 504 3722 qui
522 3659 546 3708 in
563 3675 601 3708 re·
665 3661 677 3697 ⁷
695 3659 768 3715 Quom
778 3663 1043 3724 myst....gmm
1050 3661 1141 3726 bellun]

88 3721 142 3786 gea
152 3725 291 3780 eleotuaeat
307 3733 359 3788 poet
376 3737 475 3774 usonem
492 3725 600 3774 Cleone-
634 3725 689 3775 Hoc
706 3728 793 3776 dinam
812 3739 857 3786 aa,
877 3737 904 3776 ua
923 3726 939 3774 Ι.
959 3738 1045 3774 asan.
1066 3743 1089 3774 a.
1100 3727 1140 3774 21.

91 3791 223 3848 athilium.
241 3791 357 3838 Atiarex
367 3788 442 3854 justos
452 3802 476 3839 et
486 3788 601 3852 legium
633 3789 1054 3840 Aelammaosaoelwo.
1078 3791 1140 3838 Hac·

91 3853 201 3920 appellari
217 3872 232 3903 a
246 3855 462 3920 lirionoupotest‚
477 3871 548 3918 quum
559 3873 599 3904 au·
633 3867 702 3905 tenus
719 3857 774 3906 'editi
793 3855 920 3922 ptulerunt
936 3871 1001 3916 qaam
1018 3870 1062 3902 sios.
1095 3855 1140 3902 Set

92 3935 143 3986 prs,
160 3920 231 3969 ολδ.
245 3932 310 3984 pater
327 3923 378 3985 ejuu
389 3933 499 3986 tyrannus
509 3933 601 3971 vocatus
634 3922 781 3970 consentiunt
791 3922 815 3968 in
828 3937 878 3970 earn
888 3921 1012 3968 lectionem
1022 3934 1089 3981 quam
1098 3919 1139 3966 ad·

91 3985 170 4035 fuerit.
193 3983 287 4034 Deinde
299 3985 381 4048 Pelops
392 3987 412 4035 si
422 3986 601 4047 regmimirea
633 3989 747 4048 misimus,
758 3988 870 4034 Gronorii
886 3993 912 4032 et
930 3983 1028 4032 Hearnii
1044 3985 1141 4047 codice,

34 4098 40 4107 ,
93 4052 168 4100 media
190 4059 297 4114 tempora
320 4051 416 4100 secandi
440 4051 522 4101 Punici
546 4052 601 4100 belli
634 4065 658 4102 et
670 4067 749 4102 nosear
759 4051 848 4100 Victor.
1155 4089 1159 4096 .

93 4117 212 4178 regnante
237 4117 300 4164 uarie
318 4130 363 4164 nea
384 4117 480 4166 sacimas
497 4133 550 4166 rum
572 4133 602 4166 eo
664 4119 676 4154 ⁸
696 4117 769 4172 Quasi
779 4118 936 4179 quiunquam,
951 4111 1072 4175 nummo]
1092 4113 1140 4161 Sa·

94 4181 313 4232 initavetmtissiaaa
331 4181 377 4230 dici
394 4190 478 4246 posset,
494 4197 541 4245 qao
557 4197 599 4230 no·
632 4182 732 4239 visilano,
757 4194 870 4246 quantum
891 4180 931 4242 qai
954 4193 1053 4240 unquam
1076 4177 1141 4228 lisera

30 4243 33 4251 ⁴
94 4249 156 4296 miae
182 4257 264 4296 tanea
290 4247 411 4311 appularit
431 4245 505 4295 Nabla
525 4247 600 4296 lradua
633 4249 759 4297 sanissimi.
792 4247 832 4296 Sic
847 4247 923 4306 vulgo,
937 4259 1002 4306 peon
1017 4251 1090 4304 potero
1105 4261 1140 4294 os·

93 4311 154 4362 iuter
168 4312 286 4361 Romanoa
300 4325 325 4360 at
342 4313 526 4364 Lacedaemonios
542 4313 602 4378 pub·
634 4313 776 4370 lacrimaael
787 4311 929 4375 simpliciter,
944 4325 1008 4371 masa
1018 4309 1142 4358 ulmum

95 4376 138 4426 liee
149 4378 240 4438 ictum
256 4374 507 4430 coronationem
525 4391 602 4442 pomer
633 4396 686 4442 ques
696 4380 729 4428 aie
741 4379 821 4427 resolvi
832 4377 926 4434 debent,
935 4375 1053 4430 atram,
1068 4391 1140 4436 praeo-

95 4455 147 4506 pssr
165 4442 188 4492 id
208 4444 283 4492 lodus
299 4443 417 4492 Romanoa
432 4457 492 4492 naue
503 4442 603 4502 Punicis,
634 4451 682 4493 tura
694 4439 1003 4507 potsmrelqaaataasfisri
1016 4441 1104 4501 poterit.

95 4521 157 4558 uuae
180 4507 274 4556 Gallicis
295 4507 361 4560 bailia
381 4520 501 4574 occupatos
521 4509 600 4564 fraires.

137 4595 212 4642 Ἴθι.
237 4594 288 4640 111.
683 4598 711 4642 M
