3038 5200
359 371 426 428 ’186
721 385 725 392 ·
768 360 853 424 'nrt
872 359 973 425 L1v11

200 529 342 583 meter.
366 503 553 583 ‘obsidendi
562 519 636 595 rias,
648 529 681 580 et
691 517 770 578 viros
782 515 897 578 alienos
912 513 1107 598 adpellandi?
1132 512 1219 579 Istud
1230 517 1329 600 ipsum
1340 537 1416 580 suos

201 595 274 652 Ν·
287 594 341 648 ¹9⁵·
368 609 378 642 ‘
395 625 518 689 quaeque
532 605 615 668 domi
631 625 739 685 rogare
753 621 815 664 non
831 601 996 684 potuistis?
1020 601 1071 662 An
1093 602 1267 664 blandiores
1287 604 1320 664 in
1335 605 1418 686 pub-

369 695 381 728 ‘
395 693 467 770 lico,
479 711 570 774 quam
583 692 616 752 in
630 691 760 772 privato,
775 698 807 750 et
818 687 935 765 alienis,
950 707 1040 768 quam
1056 690 1175 767 vestris,
1184 689 1280 751 estis?
1307 709 1417 771 quam·

368 781 487 860 ‘'quam
502 798 541 838 ne
555 777 638 838 domi
649 775 772 858 quidem
783 794 848 852 voa,
863 773 888 834 si
904 773 949 834 sui
960 771 1037 854 juris
1048 774 1157 836 finibus
1168 787 1324 836 matronas
1340 795 1418 837 con·

369 864 507 928 ‘tineret
529 863 638 944 pudor,
665 881 730 941 quae
758 859 839 940 leges
865 859 915 921 hic
939 871 1127 940 rogarentur,
1150 862 1418 942 abrogarenturre,

369 951 499 1012 ‘curare
515 948 626 1010 decuit.
658 944 794 1027 Majores
809 945 916 1022 nostri,
927 945 1054 1023 nullam,
1064 967 1104 1007 ne
1116 947 1264 1028 privatam
1280 946 1417 1027 quidem,

368 1038 381 1072 ‘
397 1057 460 1098 rem
477 1055 566 1114 agere
581 1032 710 1096 feminas
727 1031 827 1093 ¹⁴sinc
843 1042 976 1108 auctore,
990 1032 1150 1094 voluerunt
1159 1055 1169 1109 3
1192 1033 1224 1094 in
1240 1053 1336 1094 manu
1351 1053 1416 1096 esse

368 1123 380 1154 ‘
394 1130 564 1204 parentum,
575 1118 713 1195 fratrum,
721 1117 865 1179 virorum.
876 1137 932 1178 nos
946 1117 987 1196 (¹⁵
999 1117 1024 1178 si
1034 1117 1101 1180 Diis
1113 1119 1231 1200 placet)
1245 1117 1311 1200 jam
1322 1120 1416 1182 etiam

368 1205 613 1286 ‘rempublicam
628 1223 784 1286 capessere
799 1223 850 1263 eas
870 1203 1011 1284 patimur,
1028 1215 1062 1266 et
1075 1203 1142 1265 foro
1153 1225 1247 1287 prope
1259 1204 1280 1281 f,
1291 1217 1325 1266 et
1339 1225 1416 1267 con-

366 1293 379 1326 ‘
394 1293 542 1368 clunibus,
554 1303 586 1353 et
598 1289 727 1353 comitiis
739 1289 904 1350 inmisceri.
935 1292 960 1328 ¹⁸
976 1288 1057 1370 Quid
1072 1291 1154 1352 enim
1169 1311 1250 1351 nunc
1266 1291 1350 1352 aliud
1362 1311 1417 1372 per

367 1379 456 1438 ‘uias
472 1389 504 1438 et
519 1376 655 1456 compita
665 1375 790 1453 faciunt,
801 1383 916 1454 quam⁸
930 1376 1102 1456 rogationes
1114 1377 1303 1438 tribunonrm
1316 1377 1414 1460 plebis

367 1463 535 1539 ‘suadent
558 1463 624 1524 alia
646 1461 743 1541 legem
764 1460 972 1540 abrogandam
987 1461 1137 1524 censenti
1172 1461 1291 1538 ¹⁷Date
1314 1463 1414 1524 freuos

368 1549 547 1630 ‘inpotenti
564 1558 677 1608 natura
691 1558 723 1608 et
744 1546 894 1608 indomito
913 1548 1047 1624 animali,
1059 1561 1091 1609 et
1105 1559 1236 1630 sperate,
1252 1549 1334 1630 ipsas
1348 1569 1414 1610 mo·

367 1635 469 1696 ‘dum
492 1634 620 1695 licentiae
642 1634 785 1710 facturas,
808 1632 866 1693 nisi
886 1652 940 1693 vos
961 1633 1128 1707 feceritish.
1172 1633 1340 1695 Minimum
1355 1635 1413 1696 boc

361 1721 380 1759 ‘¹‘
395 1739 498 1782 eorum
514 1731 571 1795 est,
587 1740 652 1799 quae
669 1719 773 1798 iniquo
794 1718 897 1778 auimo
917 1719 1037 1781 femina
1060 1720 1117 1781 sibi
1133 1732 1187 1781 aut
1205 1719 1339 1782 moribus
1361 1731 1413 1782 aut

369 1807 381 1838 ‘
394 1807 511 1886 legibus
526 1801 662 1885 injuncta
677 1803 841 1886 patiuntur.
857 1804 992 1865 omnium
1009 1825 1109 1866 rerum
1124 1805 1306 1882 libertatem,
1319 1807 1411 1867 immo
1513 1883 1514 1886 Ἴ

369 1891 382 1924 ⁶
396 1891 561 1967 licentiam,
577 1888 614 1968 (si
629 1910 701 1950 vera
713 1891 811 1952 dicere
823 1889 974 1969 volumus)
993 1891 1179 1954 desiderant.
1223 1891 1302 1962 Quid
1317 1892 1412 1970 enim,

369 1977 381 2010 ‘
395 1977 420 2037 si
435 1977 494 2038 hoc
506 1975 755 2058 expugnaverint,
768 1995 829 2036 non
842 1976 1025 2037 tentabunt?

359 2090 379 2108 r·
412 2060 469 2123 ΙΙΙ.
491 2060 685 2123 ‘Recenaetc
705 2061 811 2122 omnia
831 2063 855 2100 ¹⁸
866 2061 1024 2123 muliebria
1034 2060 1115 2143 jura,
1136 2063 1243 2142 quibus
1257 2062 1412 2125 licentiam

367 2149 498 2214 ‘aarum
521 2146 720 2228 adligaverint
740 2144 869 2227 majores
892 2147 997 2224 nostri,
1018 2167 1071 2228 per
1092 2167 1217 2229 quaque
1232 2147 1413 2230 subjecerint

356 2234 380 2269 *⁴
393 2234 478 2295 viris:
495 2233 604 2316 quibus
614 2231 1105 2314 omnibusconstrictasvixtamen
1115 2235 1270 2296 continere
1276 2236 1413 2316 potestis.

350 2330 354 2336 '
368 2320 381 2352 ‘
395 2311 495 2389 Quid?
512 2319 537 2380 si
548 2333 671 2400 carpere
680 2318 808 2398 singula,
820 2328 853 2378 et
861 2328 1051 2398 extorquere,
1063 2328 1095 2380 et
1103 2315 1253 2400 exaequari
1265 2321 1304 2382 ad
1312 2331 1413 2382 extre·

346 2451 349 2459 .
369 2405 380 2438 ‘
396 2425 479 2465 mum
490 2404 561 2464 viris
579 2403 749 2485 patiemini,
765 2402 936 2464 tolerabiles
948 2403 1034 2465 robis
1048 2425 1099 2465 eas
1114 2405 1179 2466 fore
1190 2406 1334 2468 creditis?
1359 2427 1412 2468 ex-

368 2489 522 2569 ‘templo‚
544 2488 643 2549 simul·
656 2507 744 2568 pares
759 2507 825 2548 esse
843 2489 1001 2569 coeperint,
1025 2491 1193 2570 superiores
1219 2505 1317 2554 erunt.
1360 2490 1412 2568 At,

357 2573 381 2612 λ’
397 2573 540 2650 Hercule,
550 2594 588 2634 ne
599 2571 673 2653 quid
684 2593 794 2634 uorum
806 2573 838 2633 in
849 2593 899 2634 eas
911 2586 1043 2654 rogetur,
1056 2588 1205 2640 recusant.
1218 2597 1279 2639 non
1287 2576 1350 2658 jus,
1360 2579 1413 2640 sed

369 2658 380 2692 ‘
396 2656 537 2739 injuriam
553 2658 765 2740 deprecantur.
810 2657 908 2720 immo
923 2671 969 2738 ut,
985 2681 1076 2742 quam
1093 2664 1259 2744 accepistis,
1277 2662 1413 2743 jussistis

369 2743 382 2777 ‘
396 2744 546 2824 suffragiis
560 2744 666 2805 vestris
678 2744 788 2826 legem,
800 2764 891 2826 quam
902 2765 958 2807 usu
969 2757 1017 2808 tot
1027 2767 1171 2810 emiorum
1182 2760 1213 2810 et
1223 2749 1414 2830 experiendo

370 2829 382 2860 ‘
396 2830 628 2912 comprobastis,
643 2830 723 2891 hanc
738 2842 773 2908 ut
790 2831 962 2912 abrogatis:
990 2833 1094 2912 idest,
1116 2846 1150 2896 ut
1166 2855 1256 2895 unam
1270 2833 1414 2896 tollendo

370 2915 382 2947 ‘
397 2915 497 2996 legem
510 2927 625 2977 ceteras
637 2915 806 2978 infirmetis.
837 2916 931 2978 Nulla
943 2919 993 2981 lex
1008 2920 1082 2982 satis
1097 2920 1258 2982 commoda
1270 2920 1413 2981 omnibus

371 3001 381 3034 ‘
396 3013 460 3064 est:
477 3001 509 3063 id
519 3002 610 3063 modo
623 3003 774 3082 quaritur,
787 3003 812 3062 si
824 3003 932 3085 majori
944 3005 1024 3085 parti
1035 3007 1106 3068 etin
1116 3026 1265 3068 summam
1277 3006 1412 3088 prodeat.

370 3086 381 3120 ‘
397 3085 442 3165 Si,
457 3088 539 3167 quod
559 3089 700 3168 cuiquam
723 3088 865 3169 privatim
886 3089 1009 3153 obliciet
1025 3091 1087 3173 jus,
1107 3093 1139 3154 id
1155 3092 1290 3156 destruet
1306 3113 1343 3154 ac
1359 3092 1412 3155 de·

370 3172 547 3250 ‘molietur,
570 3173 643 3254 quid
658 3173 806 3236 adtinebit
825 3175 978 3236 universos
1002 3198 1109 3258 rogare
1133 3179 1225 3261 leges,
1247 3198 1321 3260 quas
1343 3199 1413 3239 mox

370 3257 381 3292 ‘
397 3260 554 3341 abrogare,
574 3260 605 3322 iu
630 3279 706 3342 quos
731 3259 801 3322 latae
818 3271 900 3338 sunt,
920 3261 1059 3344 possint?
1084 3262 1164 3326 Volo
1179 3277 1285 3328 tamen
1300 3265 1411 3341 audire,

402 3423 505 3490 ‘quoque
515 3425 588 3476 Gran.
599 3427 667 3476 cta.
783 3434 796 3472 t
811 3443 875 3490 quam
885 3430 942 3491 quod
951 3429 1000 3478 ulie
1012 3429 1077 3480 Eaed.
1124 3483 1126 3488 ,
1191 3429 1203 3464 ¹·
1210 3429 1309 3494 socialis
1319 3429 1382 3478 ΕΜ.

405 3549 426 3582 ¹⁴
442 3549 493 3599 Sirra
501 3552 600 3615 oudam]
616 3553 668 3602 Nisi
678 3554 809 3618 interposita
819 3571 874 3604 auc·
941 3555 962 3590 ¹⁶
983 3555 1045 3612 Quid
1064 3563 1121 3609 enim
1147 3577 1208 3610 nune
1225 3561 1298 3611 uliud.
1306 3599 1312 3612 .
1312 3560 1411 3626 ferirent,

371 3614 475 3676 costr-re,
486 3617 521 3666 vel
532 3617 610 3678 patria,
628 3619 735 3680 quamdiu
753 3621 875 3668 manebant
907 3623 1412 3692 meamquodalioerogatlonac..suadcut]sus·

372 3679 491 3742 innuptae,
502 3679 539 3728 vel
548 3680 598 3738 viri,
606 3682 624 3728 ai
635 3695 715 3746 nuptae
724 3684 818 3744 sareon
831 3685 877 3742 vel,
907 3698 999 3750 metum
1010 3701 1044 3737 est
1057 3690 1122 3738 nobis
1132 3689 1162 3738 rb
1173 3691 1237 3753 quod,
1246 3690 1305 3737 male
1316 3689 1372 3750 hue,
1386 3699 1412 3737 ut

351 3787 353 3794 .
372 3742 391 3790 ti
408 3755 432 3792 et
449 3755 546 3807 pataret
556 3746 727 3808 virocarerent,
740 3747 822 3807 fratris,
835 3761 875 3798 aut
906 3751 1005 3810 videtur,
1015 3753 1162 3812 inculcatum,
1171 3756 1361 3818 quemadmodum
1376 3770 1412 3802 su·

370 3807 467 3873 alicujus
477 3825 505 3858 ex
516 3811 611 3870 agnatis,
626 3812 674 3859 rire
688 3815 788 3874 cognatis
796 3827 875 3892 parer·
906 3832 946 3879 pra
963 3817 978 3864 l.
993 3831 1064 3867 xxvr.
1086 3835 1107 3868 e.
1122 3822 1145 3869 6.
1187 3819 1217 3868 Et
1233 3822 1306 3868 reciso
1323 3833 1360 3879 ec,
1376 3818 1414 3867 flet

370 3873 423 3934 nias
447 3873 484 3922 rel
499 3873 597 3938 denique
614 3877 696 3926 tutoris
715 3894 728 3926 a
746 3891 875 3940 mamantu
906 3881 973 3956 plane
991 3883 1071 3933 eadem
1088 3895 1201 3934 structura
1219 3885 1348 3942 verborum,
1363 3899 1412 3947 que
1513 3909 1514 3912 ¹

371 3937 459 3996 datter
476 3939 535 3988 forte
546 3950 645 3989 tutorem
655 3957 669 3989 a
679 3939 729 4002 lege
740 3943 875 4005 prefinitum
907 3959 930 3992 rn
948 3946 990 3994 boc
1007 3947 1024 3994 Ι.
1045 3961 1082 3998 tv.
1100 3967 1121 3999 c.
1132 3949 1172 3999 26.
1187 3942 1248 3998 toco':
1268 3948 1344 4012 Nepae
1352 3949 1414 3998 aliud

369 4015 417 4050 non
428 4003 548 4056 heberent.
576 4004 656 4068 ltaque
666 4022 756 4069 semper
767 4007 875 4056 Romana
906 4011 1015 4060 rorante
1024 4015 1071 4076 agi,
1085 4029 1151 4077 quum
1160 4013 1239 4062 tetam
1249 4018 1363 4076 apparari.

370 4067 480 4117 mulieres
490 4069 514 4118 in
525 4081 637 4133 potestate
646 4070 743 4135 alicujus
753 4085 826 4133 erant,
835 4089 882 4121 cu·
940 4075 960 4112 ¹⁷
977 4073 1036 4123 Date
1046 4077 1137 4142 frenos]
1153 4079 1242 4128 Laxata
1252 4080 1339 4128 frenos.
1356 4077 1415 4127 Oua

369 4129 408 4196 ju·
416 4135 578 4182 abnecassrria
585 4148 634 4184 erat
641 4138 771 4194 auctoritas,
778 4136 876 4201 utinju-
908 4153 1037 4204 sequuntur
1045 4151 1066 4190 et
1082 4151 1173 4204 sperate,
1189 4159 1230 4208 per
1245 4145 1343 4194 ironiam
1354 4145 1415 4193 dica

308 4212 314 4218 ·
372 4195 432 4245 dicio
440 4211 536 4274 starent,
552 4211 577 4248 ur
587 4217 612 4259 se
623 4201 757 4262 obligarent,
774 4214 800 4253 ut
811 4202 877 4251 civile
907 4204 1003 4266 intelligi
1014 4205 1107 4255 debent.

371 4265 889 4393 lfttftttsstttaltlrlttttlt:·
907 4269 1253 4398 ,llllllltttllt
1267 4286 1415 4402 :t‘ttt

406 4387 426 4420 ¹⁵
443 4387 459 4417 *
472 4389 501 4466 551
513 4395 561 4466 'dib
574 4393 662 4472 pluat]
679 4395 786 4478 Formpla
800 4397 875 4462 expri-
908 4399 1046 4450 constituta.

371 4452 462 4502 ruenda
472 4455 619 4519 rudrgmtroar
630 4471 720 4510 ustura.
