3026 5164
439 363 518 424 tun
536 363 603 426 XL.
623 363 703 424 cnP.
722 363 808 422 XXI.
1065 370 1136 434 418

9 589 10 592 ¹
98 517 233 602 petenda
252 533 352 584 esset:
377 522 567 604 speculatum
585 521 938 604 magisinquisitumque
960 519 1044 582 missi
1065 521 1136 584 ⁷¹de
1150 531 1183 580 U.
1193 529 1223 580 c.
1234 533 1291 590 521.
1332 549 1335 555 ·

100 605 148 684 iis,
190 626 316 687 quorum
346 605 470 670 Perseus
499 607 689 670 Demetrium
722 607 925 668 insimulasset
943 629 1137 686 sermonum,
1150 593 1292 660 medei.

98 711 168 754 cum
192 691 351 772 Romanis,
373 695 504 756 maxime
526 715 595 756 curn
618 691 657 756 T.
677 693 833 771 Quinctio,
855 693 994 756 adversus
1014 693 1138 756 fratrem

100 778 138 840 de
153 777 247 862 regno
262 779 454 842 habitorum.
498 779 575 860 Hos,
599 792 755 862 tamquam
778 780 905 858 medios,
928 801 983 860 nec
1006 781 1037 841 in
1060 781 1138 842 alte-

88 865 162 938 ¹rius
188 863 321 928 favorem
351 865 521 945 inclinatos,
549 867 676 944 ¹miserat
705 887 767 928 rex.
801 878 886 927 erant
915 876 1016 928 autem
1046 878 1078 928 et
1107 866 1138 928 bi

98 948 202 1014 Persei
217 951 330 1014 fraudis
356 952 387 1014 in
408 951 531 1016 fratrem
547 953 675 1016 ministri
691 964 723 1014 et
738 953 911 1034 participes.
954 949 1139 1030 Demetrius,

99 1038 285 1115 ⁷²omnium,
308 1050 505 1122 praeterquam
520 1039 645 1101 fraterni
668 1039 799 1116 sceleris,
821 1039 903 1121 quod
917 1057 1012 1120 nuper
1032 1059 1139 1119 erupe-

99 1135 160 1200 rat,
182 1124 313 1206 ignarus,
335 1126 434 1207 primo
455 1147 551 1206 neque
568 1146 720 1208 magnam,
743 1145 840 1206 neque
855 1125 969 1188 nullam
984 1145 1068 1205 spern
1084 1126 1140 1186 ha-

98 1207 203 1286 bebat,
226 1220 342 1292 patrem
367 1211 424 1272 sibi
439 1211 552 1293 placari
576 1233 674 1294 posse.
697 1212 796 1272 minus
821 1211 931 1272 deinde
951 1209 1062 1272 indies
1085 1231 1141 1292 pa-

98 1293 155 1356 tris
180 1297 281 1357 animo
307 1296 431 1375 fidebat,
457 1318 548 1381 quum
574 1298 704 1358 obsideri
727 1318 812 1360 aures
834 1318 853 1358 a
875 1297 966 1358 fratre
992 1301 1142 1358 cerneret.

100 1375 221 1464 Itaque,
245 1381 487 1466 circumspiciens
515 1384 598 1445 dicta
619 1383 758 1467 factaque
780 1405 845 1462 sua,
871 1404 909 1444 ne
936 1380 1020 1464 cujus
1042 1382 1140 1464 suspi-

100 1467 204 1546 ciones
230 1480 364 1550 angeret,
391 1468 521 1532 maxime
548 1469 586 1530 ab
616 1471 699 1531 omni
725 1471 878 1532 mentione
904 1479 937 1530 et
957 1470 1142 1550 contagione

97 1549 309 1616 Romanorum
348 1555 537 1632 abstinebat3
576 1568 611 1618 ut
649 1576 744 1638 neque
782 1559 808 1603 7³
819 1555 908 1616 scribi
947 1554 1004 1616 sibi
1041 1555 1142 1631 vellet,

38 1657 42 1666 ’
100 1639 173 1721 quia
203 1641 262 1702 hoc
291 1641 434 1726 precipue
464 1641 624 1704 criminum
653 1661 772 1722 genere,
802 1639 973 1724 exasperari
1007 1641 1142 1702 animum

98 1724 261 1789 sentiebat.
1145 1729 1154 1737 ''

54 1827 56 1834 ’
142 1809 232 1874 XXI.
254 1812 420 1902 Philippus,
442 1812 531 1876 simul
557 1835 596 1875 ne
622 1815 687 1878 otio
713 1815 799 1898 miles
828 1813 957 1876 deterior
983 1813 1079 1892 fieret,
1100 1814 1143 1874 si·
1157 1832 1254 1899 Phlippi

98 1899 164 1960 mul
182 1899 350 1964 avertenda
372 1901 549 1983 suspicionis
572 1921 679 1962 caussa
701 1901 863 1982 quidquam
884 1921 903 1960 a
926 1921 958 1960 se
974 1900 1082 1980 agitari
1105 1900 1237 1962 deiceret
1250 1899 1309 1949 H*

99 1981 244 2048 Romano
270 1985 360 2064 bollo,
384 1986 495 2048 Stobos
519 1987 642 2048 Paeoniae
665 1987 801 2050 exercitu
823 1986 949 2064 indicto,
975 1987 1007 2048 in
1033 1980 1298 2082 Maedi-zumm'

101 2091 173 2132 cam
198 2071 306 2134 discere
321 2067 431 2156 pergit.
475 2071 595 2156 Cupido
610 2093 679 2134 eum
694 2085 817 2154 ceperat
840 2073 870 2133 in
885 2073 1028 2134 verticem
1043 2071 1161 2157 Haemi·
1181 2048 1213 2082 m.

99 2157 218 2220 montis
243 2158 457 2238 adscendendi,
479 2159 550 2240 quia
568 2160 696 2240 vulgatae
710 2153 845 2240 opinioni
860 2159 1040 2237 crediderat,
1063 2157 1144 2221 Pon·
1231 2171 1234 2181 “

100 2243 199 2312 ticum
224 2243 313 2307 simul
338 2256 370 2308 et
392 2243 604 2308 Hadriaticum
627 2266 721 2322 mare,
743 2257 774 2308 et
798 2241 935 2306 Histrum
959 2265 1089 2324 amnem,
1113 2258 1145 2308 et
1222 2255 1224 2261 ’

97 2328 199 2412 Alpes
229 2331 363 2413 conspici
392 2347 501 2414 posse:
523 2331 660 2412 subjecta
684 2331 778 2392 oculis
804 2352 841 2392 ea
869 2331 950 2392 haud
977 2331 1060 2413 parvi
1087 2331 1144 2392 sibi

96 2417 253 2478 momenti
269 2417 370 2478 sutura
384 2415 424 2478 nd
446 2417 663 2498 cogitationem
679 2415 810 2480 Romani
836 2417 918 2478 belli.
962 2416 1145 2480 Percuncta·

97 2513 149 2564 tus
183 2503 314 2584 regionis
339 2504 452 2584 peritos
479 2501 517 2565 ‹le
544 2504 689 2564 adscensu
716 2501 825 2580 Haemi,
855 2525 946 2584 quum
969 2504 1043 2565 satis
1067 2505 1145 2566 inter

33 2617 37 2624 ¹
96 2610 209 2650 omnes
224 2601 387 2666 constaret,
410 2591 488 2652 viam
503 2590 648 2651 exercitui
663 2589 777 2650 nnllam
792 2611 867 2668 esse,
890 2591 993 2670 paucis
1005 2603 1037 2652 et
1052 2609 1146 2673 expeb

99 2673 178 2738 ditis
193 2677 219 2720 ⁷⁴
230 2674 517 2756 perdillicillirnnm‘¹
533 2676 660 2754 aditum,
681 2686 716 2738 ut
730 2695 869 2737 sermone
884 2676 1024 2738 familiari
1045 2677 1146 2738 mino·

100 2781 170 2824 rem
193 2759 285 2822 filiurn
310 2761 521 2844 permulceret,
544 2781 634 2842 quern
658 2771 806 2822 statuerat
819 2781 880 2822 non
901 2763 1009 2824 ducere
1032 2783 1149 2841 secum,

97 2847 237 2930 primum
252 2847 357 2928 quaerit
371 2845 409 2908 ab
420 2870 469 2925 eo,
491 2847 500 2879 ‘
516 2848 617 2917 Quum
632 2859 719 2910 tanta
731 2846 892 2909 difficultas
907 2845 1022 2910 itineris
1033 2862 1147 2929 propo·

98 2935 112 2965 ‘
128 2943 232 3010 natur,
243 2946 344 2995 utrum
354 2934 604 3014 perseverandum
616 2935 655 2994 sit
667 2934 697 2993 in
710 2934 843 3014 incepto,
858 2953 895 2994 an
909 2934 1144 2995 abstinendum?

98 3015 111 3052 ‘
128 3016 164 3080 Si
181 3029 288 3100 pergat
308 3031 410 3080 tamon
425 3019 478 3096 ire,
501 3040 562 3080 non
582 3039 671 3100 posse
690 3018 825 3079 oblivisci
841 3041 873 3080 se
889 3019 920 3079 in
935 3019 1044 3081 talibus
1058 3021 1147 3082 rebus

98 3104 111 3138 ‘
127 3107 157 3151 ⁷⁵
170 3102 338 3185 Antigoni:
363 3105 424 3184 qui,
439 3123 516 3166 saeva
526 3093 713 3186 tempestate'
718 3102 862 3185 jactatus,
884 3125 976 3186 quum
993 3105 1024 3166 in
1039 3106 1147 3167 eadem

89 3191 112 3268 '‘
127 3211 208 3252 nave
223 3209 324 3252 secum
340 3211 411 3252 suos
421 3211 527 3254 ornnes
540 3191 707 3270 habuisset,
722 3191 898 3273 praecepisse
914 3189 1014 3254 liberis
1031 3191 1146 3253 dicere-

97 3277 109 3312 ‘
126 3289 192 3354 tur,
205 3288 240 3339 ut
255 3288 287 3338 et
301 3277 358 3359 ipsi
374 3277 590 3352 meminissent,
606 3288 637 3339 et
651 3279 695 3338 ita
707 3277 834 3358 posteris
845 3277 1018 3358 proderent,
1029 3298 1068 3338 ne
1080 3279 1150 3358 quis

98 3363 112 3396 ‘
126 3384 201 3424 curn
211 3375 279 3424 tota
290 3377 382 3446 gente
394 3363 484 3424 simul
495 3363 525 3424 in
538 3365 626 3425 rebus
636 3363 734 3424 dubiis
744 3363 906 3444 periclitari
918 3364 1052 3426 auderet.
1076 3361 1147 3424 Me-

87 3470 223 3528 ‚rnorem
234 3469 306 3530 ergo
318 3469 350 3511 se
365 3451 508 3533 praecepti
524 3447 600 3532 ejus,
616 3449 691 3510 duos
703 3449 790 3512 simul
803 3449 880 3512 filios
892 3470 953 3512 non
967 3450 1148 3512 commissu·
1167 3520 1170 3527 ,

473 3561 486 3598 a
498 3561 783 3626 namucensem.

130 3664 156 3702 Ἡ
175 3661 215 3710 De
225 3663 254 3710 iis
268 3659 611 3736 quorum'Psrseus'eretriurrs
641 3661 735 3761 bqurm
748 3663 770 3708 ei
780 3663 920 3710 consuetudo
930 3672 987 3710 erst.

96 3725 610 3855 mmmmm,
643 3725 1148 3854 nit„ntf⁶;tunun?¹³·trff

132 3859 158 3894 ⁷²
175 3857 290 3915 Omnium,
306 3863 447 3917 preterquam
454 3853 556 3915 fraterni
566 3871 609 3903 sre-
642 3869 679 3902 sus
690 3869 734 3912 est,
747 3872 830 3918 paucos
838 3869 861 3903 et
873 3859 991 3918 expeditos
1001 3872 1029 3905 eo
1039 3859 1146 3908 accedere

95 3924 151 3970 seru
163 3953 170 3966 ·
181 3955 188 3970 .
199 3919 301 3984 guarin]
321 3917 394 3967 Vetus
403 3920 471 3967 locrio
482 3931 540 3980 eret,
551 3932 610 3968 teste
642 3935 716 3984 posse,
726 3923 764 3969 sed
776 3936 815 3984 per
824 3922 873 3970 loce
882 3921 1022 3971 difficillime.

99 3987 233 4041 Gronorio,
261 3986 295 4048 (et
317 3985 438 4034 assentitur
460 3984 546 4032 Victor.
571 4001 609 4032 cc·
675 3985 697 4022 ⁷⁵
713 3985 854 4050 *Arrtgonq
878 3987 1017 4046 Antigonum
1036 3987 1146 4036 sicunde

87 4052 157 4113 dex)
171 4059 316 4112 preterquam
323 4049 429 4112 frurento
438 4049 525 4096 scelere:
544 4065 611 4112 quam
643 4050 783 4098 nominatum
806 4050 952 4112 intelligimus
978 4051 1091 4116 inclytum
1118 4053 1148 4100 il·

9 4117 11 4142 r
88 4117 165 4180 ¹idem
186 4117 231 4164 hoc
248 4117 316 4162 modo
332 4114 446 4178 exponit,
465 4114 611 4162 Demetrium
642 4115 691 4162 lum
713 4115 837 4164 Alexandri
862 4118 942 4165 ducem
963 4117 1001 4179 qui
1024 4119 1145 4166 maximam

97 4181 219 4252 omnium,
233 4195 285 4242 quse
306 4181 334 4228 de
353 4196 378 4228 se
398 4193 494 4242 putrem,
507 4179 610 4236 irenem,
640 4193 723 4243 praeter
737 4195 825 4229 ceteros
843 4197 922 4230 omnes
937 4183 1061 4245 potentiam
1076 4183 1146 4246 adep-

85 4245 176 4312 {rotam
198 4245 271 4292 sulam
294 4245 376 4306 rgitare
394 4256 472 4308 posset
493 4245 608 4309 suspicari,
640 4257 687 4303 rus,
709 4246 732 4292 in
753 4261 827 4311 pugna
849 4250 875 4294 ad
896 4249 973 4312 lpsum
990 4249 1147 4308 octogenarius

92 4312 202 4362 inscium
224 4310 301 4367 luisse,
325 4323 475 4374 preterquam
500 4322 609 4371 quantum
642 4311 737 4371 cecidi13
750 4313 816 4375 cujus
825 4315 907 4375 posteri
918 4316 941 4359 in
953 4313 1085 4361 Msccdonir
1095 4329 1145 4374 seg·

27 4415 33 4422 .
85 4395 125 4432 ‚ex
147 4377 238 4426 scelere
255 4375 363 4454 srpterure
380 4374 526 4423 accusationis
547 4375 609 4423 colli-
642 4388 741 4436 nerunt,
763 4378 1006 4456 quem'hic'proinde
1030 4378 1148 4441 Philippus

85 4451 182 4570 ἕζευ*
193 4503 277 4570 δσήῠι]
295 4503 413 4556 Litteras
426 4503 542 4571 Romanis,
557 4503 609 4573 qui·
641 4454 907 4558 libiilldddbblldiblltlm
923 4459 976 4494 cum
991 4443 1058 4494 lade
1071 4459 1094 4493 el
1106 4461 1145 4513 κ’·
