3068 5186
377 245 437 352 hul
660 349 663 354 ,
796 288 888 348 ΤΙΤΙ·
899 288 999 348 LlVll

218 455 291 510 the.
302 455 358 506 tta
382 447 392 480 ‘
408 446 520 528 gienda
530 444 753 527 quamprimum
762 443 925 506 wroenitas
936 442 1084 506 estAsiae.
1100 445 1277 510 tantumha
1289 443 1428 525 peregri-

216 519 287 576 3‘0·
305 523 360 574 189.
385 535 456 596 ‘aa
478 531 649 614 voluptates
665 530 704 592 ad
727 531 980 612 exstinguendum
998 531 1133 612 uigorem
1156 531 1330 592 animorum
1353 550 1427 610 pos-

385 621 481 700 ‘sunt
490 643 500 696 ;
517 629 637 681 tantum
653 617 797 697 contagio
808 617 973 699 discipliuae
983 619 1133 698 morisque
1144 617 1322 679 adcolarum
1333 615 1426 678 ralat-

385 708 395 742 ‘
410 705 481 768 Hoc
497 718 600 766 tamen
614 703 742 764 feliciter
756 703 867 780 evenit,
882 703 972 783 quod,
988 705 1067 765 sicut
1074 705 1135 764 vim
1151 704 1293 766 adversus
1305 724 1360 764 vos
1370 723 1426 763 ae·

385 795 571 876 ‘quaquam‚
597 791 641 852 ita
656 789 769 852 famam
785 790 864 872 apud
880 789 1002 852 Graecos
1015 811 1118 873 parem
1134 790 1177 851 illi
1195 790 1331 870 antiquae
1344 789 1425 850 obti-

385 879 496 956 faent,
510 898 579 940 cum
595 897 654 959 qua
667 887 833 938 uenerunt:
848 877 978 958 bellique
991 877 1119 958 gloriam
1134 878 1264 938 victores
1280 875 1423 938 eamdem

385 967 397 998 ‘
411 966 491 1026 inter
506 964 604 1026 socios
619 963 780 1040 habebitis,
789 983 879 1043 quam
896 965 921 1024 si
936 975 1086 1040 semustas
1097 963 1256 1045 antiquum
1266 963 1423 1046 specimen
1519 1006 1527 1021 .

384 1051 395 1088 ⁴
410 1052 580 1114 animorum
595 1047 699 1111 Gallos
713 1048 879 1111 vidissetis!
1416 1084 1422 1096 ι

426 1135 543 1200 XVlll.
567 1135 722 1198 concione
760 1136 894 1212 dimissa,
928 1137 1086 1217 missisque
1120 1137 1160 1198 ad
1187 1135 1421 1218 Eposognatum

383 1219 502 1306 legatis,
517 1224 568 1306 qui
584 1243 661 1284 unus
681 1243 720 1283 ex
741 1222 851 1303 regulis
873 1234 906 1284 et
930 1223 961 1283 in
975 1221 1120 1284 Eumenis
1142 1223 1279 1284 amicitia
1301 1242 1421 1282 maase-

383 1322 441 1388 rat,
467 1322 498 1372 et
516 1319 677 1392 negaverat
697 1308 850 1370 Antiocho
877 1309 1018 1370 adversus
1034 1308 1188 1370 Romanos
1205 1308 1330 1386 auxilia,
1353 1328 1422 1368 cas·

383 1412 432 1460 tra
445 1397 548 1460 movit
574 1397 673 1478 primo
695 1395 745 1457 die
771 1395 810 1455 ad
823 1394 992 1458 Alandrum
1018 1395 1140 1473 llumen,
1166 1408 1291 1478 postero
1315 1394 1355 1455 ad
1376 1394 1421 1454 si⁴

383 1505 464 1562 cum,
488 1503 579 1564 quem
596 1492 706 1543 vocant
719 1479 853 1564 Tyscon,
878 1493 1011 1544 uentum.
1060 1481 1106 1543 Eo
1129 1483 1221 1563 legati
1237 1480 1420 1543 Oroanden-

381 1571 459 1632 sium
474 1565 566 1651 quum
580 1569 741 1643 venissent,
766 1569 932 1642 amicitiam
947 1562 1096 1651 polentes,
1118 1572 1144 1608 ⁶⁵
1157 1569 1292 1630 ducenta
1306 1559 1421 1630 talenta
1495 1647 1497 1650 Ι

382 1657 420 1718 iis
434 1667 506 1718 sunt
518 1656 686 1737 imperata3
713 1655 976 1738 precantibusque,
1001 1668 1036 1717 ut
1058 1657 1181 1717 domum
1199 1655 1423 1730 renunciarent,

382 1754 517 1826 potestas
542 1742 632 1804 facta.
675 1731 795 1804 Ducere
820 1741 891 1802 inde
916 1743 1083 1805 exercitum
1108 1741 1213 1804 consul
1240 1741 1281 1802 ad
1307 1739 1420 1802 Pliten·

382 1830 474 1890 dura:
501 1827 611 1889 deinde
634 1827 674 1888 ad
688 1826 829 1911 Alyattos
844 1838 945 1889 castra
960 1830 1069 1910 posita.
1112 1827 1160 1890 Eo
1181 1827 1266 1888 missi
1282 1827 1323 1911 ad
1337 1825 1420 1908 Epo-

381 1924 541 1996 sognatum
559 1913 723 1991 rediemnt,
746 1916 772 1953 ⁶⁸
783 1925 815 1975 et
830 1914 923 1995 legati
937 1924 1007 1976 cum
1019 1915 1107 1976 illism
1123 1915 1218 1996 reguli
1234 1925 1419 1992 oranteque

381 2002 407 2047 ⁶⁷
417 1999 597 2082 Tectosagis
614 1983 727 2061 bellum
752 2002 778 2040 ⁶⁸
788 2001 912 2062 inferret
920 2011 944 2062 ¹².
969 2003 1090 2084 ‘ipsum
1104 2003 1216 2063 ineam
1226 2011 1348 2081 gentem
1357 2000 1417 2062 itu·

380 2089 471 2149 ‘rum
487 2085 729 2169 Eposognatum,
751 2106 1031 2168 persuasurumque,
1054 2099 1089 2149 ut
1110 2088 1262 2169 imperata
1283 2083 1416 2148 faciant!

379 2171 565 2236 Dataveuia
587 2173 703 2254 regulo,
729 2172 797 2236 duci
825 2173 894 2233 inda
918 2176 1068 2236 exereitus
1091 2194 1143 2256 per
1165 2174 1289 2257 Axylon
1315 2172 1417 2254 (quam

379 2260 503 2340 vocant)
532 2272 643 2323 terram
668 2269 795 2341 coeptus.
837 2258 886 2320 Ab
916 2281 948 2320 re
977 2280 1089 2322 nomen
1118 2261 1222 2322 habet.
1251 2281 1315 2322 non
1344 2259 1417 2341 ligni

378 2347 474 2408 modo
489 2346 664 2427 quidquam,
679 2345 734 2406 sed
749 2366 788 2406 rte
801 2345 902 2426 spinas
924 2345 1058 2426 quidem,
1078 2359 1132 2408 aut
1144 2345 1239 2408 ullum
1263 2347 1347 2408 aliud
1362 2346 1417 2407 ali·-

381 2444 518 2494 mentum
545 2432 604 2493 fert
628 2432 716 2514 ignis.
761 2429 849 2492 Fimo
864 2433 976 2495 bubulo
998 2454 1054 2514 pro
1076 2434 1165 2515 lignis
1191 2445 1327 2494 utunurr.
1368 2432 1418 2494 Ad

380 2517 552 2598 Cuballum,
576 2517 778 2599 Gallograecia
794 2518 962 2597 castellum,
986 2531 1087 2581 castra
1108 2521 1286 2581 habentibus
1302 2519 1418 2582 Roma-

379 2607 426 2668 nis
453 2606 619 2688 adparuere
644 2625 713 2666 cum
740 2623 853 2684 magno
881 2605 1012 2666 tumultu
1044 2607 1177 2668 hostium
1197 2607 1327 2690 equites.
1355 2625 1416 2668 nec

379 2693 538 2754 turbarunt
560 2703 680 2778 tantum
703 2691 849 2752 stationes
872 2689 1037 2772 Romanas,
1060 2705 1179 2776 repente
1203 2695 1332 2769 invecti3
1356 2693 1414 2754 sed

379 2780 526 2861 quosdam
556 2777 649 2839 etiam
674 2777 861 2839 occiderunt.
885 2779 935 2859 qui
961 2780 1107 2841 tumultus
1136 2801 1223 2862 quum
1247 2780 1279 2840 in
1309 2791 1414 2840 castra

378 2868 511 2949 perlatus
531 2875 622 2942 esset,
644 2864 755 2925 effusus
771 2874 893 2944 repente
915 2865 997 2926 omni
1003 2867 1167 2948 busportis
1181 2867 1333 2947 equitatus
1346 2863 1416 2926 Ro-

378 2973 487 3014 manus
513 2951 593 3013 fudit
616 2951 789 3032 fugavitque
805 2947 920 3029 Gallos,
944 2967 976 3013 et
998 2952 1114 3032 aliquot
1129 2953 1277 3034 fugientes
1291 2951 1417 3014 occidit.

379 3037 457 3100 Inde
470 3039 586 3114 consul,
609 3037 710 3117 utqui
730 3035 796 3118 jam
812 3035 853 3096 ad
875 3037 978 3120 hostes
997 3053 1175 3120 perventum
1190 3049 1339 3120 cerneret,
1360 3059 1416 3100 ex-

378 3126 498 3208 plorato
514 3123 622 3184 deinde
634 3133 666 3184 et
685 3143 755 3184 cum
777 3143 849 3183 cura
863 3135 979 3204 coacto¹
994 3126 1114 3206 agmine
1140 3125 1338 3208 procedebat.
1364 3133 1418 3186 ει·

376 3211 605 3278 continentibus
626 3209 780 3270 itineribus
808 3228 900 3288 quum
926 3210 967 3271 ad
995 3209 1175 3294 Sangarium
1209 3211 1322 3272 flumen
1348 3231 1416 3292 per-

376 3299 519 3373 uenisset,
548 3305 683 3376 ponten,
709 3295 780 3376 qnia
805 3295 884 3356 vado
913 3317 1060 3381 nusquam
1091 3299 1236 3360 transitus
1266 3308 1344 3376 erat,
1369 3295 1416 3358 la·

378 3403 446 3445 cere
472 3381 613 3444 instituit.
668 3379 841 3463 Sangarius,
864 3403 906 3454 ex
931 3382 1054 3446 Adoreo
1080 3397 1184 3446 monac
1210 3405 1265 3466 per
1289 3383 1417 3468 Pbrygi-

266 3481 268 3484 '
377 3489 428 3530 am
451 3469 556 3545 fluens,
580 3469 724 3530 miscetur
750 3467 790 3528 ad
810 3465 986 3551 Bithyniam
1010 3467 1193 3554 Tymbretic
1219 3471 1322 3533 lluvio.
1345 3470 1418 3532 inde

376 3553 559 3637 majorjam
579 3554 739 3634 geminatis
765 3555 852 3636 aquis
877 3575 930 3637 per
952 3555 1130 3642 Bithyniam
1156 3558 1260 3636 fertur,
1289 3569 1324 3620 et
1348 3558 1418 3618 ⁶’iu

408 3695 428 3721 ¹
441 3705 491 3736 cum
502 3687 548 3735 illis
556 3685 601 3735 del.
610 3685 685 3736 Doer.
788 3695 801 3719 ¹
817 3680 925 3752 irrserrsat
936 3689 1010 3740 Gron.
1115 3689 1304 3740 “adel-GM.
1317 3689 1388 3738 cm.

376 3753 585 3818 vastasset

406 3855 430 3893 θ’
447 3857 550 3908 Dacmto
570 3855 662 3920 labate]
686 3855 773 3906 Martae
794 3858 882 3918 argenti
912 3861 1185 3924 malqussynot'eorus
1198 3873 1248 3910 erat
1263 3861 1303 3910 illa
1318 3861 1425 3922 malas,

379 3919 465 3974 l8750.
913 3925 1031 3988 Olympum
1049 3935 1141 3974 montoir
1157 3936 1236 3988 petere,
1281 3925 1419 3974 Oroanden-

408 3985 431 4021 ⁶⁵
448 3987 479 4037 Et
490 3992 557 4055 legati
567 4007 617 4038 cnm
632 3989 676 4036 illis
686 3987 772 4052 rqgnli]
790 3987 880 4035 Grono·
911 3991 970 4037 sium
990 4004 1068 4039 autem
1085 3991 1152 4050 legari
1164 4008 1186 4040 c.
1198 4007 1245 4053 req.
1264 4005 1362 4040 numat-
1375 3989 1420 4039 To-

376 4051 435 4114 vius,
456 4071 528 4117 quum
548 4058 639 4120 quidam
657 4054 736 4117 miytli
752 4053 883 4116 prdcrant,
912 4055 1055 4103 &adobruta
1077 4059 1187 4104 ciuitatem
1214 4057 1331 4118 Olyupu
1354 4071 1421 4104 m·

377 4117 556 4182 &gaumida
570 4122 655 4186 rugarli,
670 4133 764 4166 caroea
779 4121 882 4180 mpero
912 4123 1062 4184 toaleeplat:
1091 4123 1182 4169 attam
1203 4120 1326 4185 lbctmga
1345 4123 1422 4170 din

375 4179 555 4234 tansmittit.
911 4193 1012 4243 montem,
1033 4189 1071 4247 qai
1091 4185 1188 4249 Magaba
1206 4187 1309 4242 dicatur,
1322 4187 1422 4248 patin.

407 4243 430 4283 “l
448 4247 576 4316 Tertongir]
603 4246 691 4296 noar
718 4246 798 4295 Livius
825 4248 881 4296 arri-
913 4247 975 4297 Hsec
996 4251 1046 4300 lere
1064 4251 1198 4300 Perizonirs
1215 4252 1337 4300 Animadr.
1353 4248 1422 4300 Hb.

292 4367 299 4380 ¹
376 4309 432 4358 bare
454 4311 588 4362 Tartaream.
616 4313 653 4360 lra
668 4315 732 4361 enim
750 4311 821 4360 habat
841 4312 883 4362 Po·
915 4331 936 4364 a·
948 4317 970 4364 9.

376 4375 592 4438 lybias‚unrlehasc
600 4378 787 4442 stamparum.
821 4377 882 4428 Εωιιι
944 4377 967 4412 ⁶⁸
985 4379 1094 4446 laj‘erret]
1116 4381 1156 4430 Sia
1171 4382 1283 4440 dodim
1300 4381 1422 4432 Assem
1521 4371 1524 4380 ¹

375 4439 541 4502 stamas
572 4445 606 4490 Et
621 4457 676 4490 vero
691 4444 759 4502 legari
768 4437 882 4506 Epossog·
911 4445 995 4494 acuti.
1028 4445 1103 4507 Vulgo
1113 4447 1228 4511 iafimm.

375 4507 425 4555 mti
446 4507 505 4556 infra
528 4508 573 4556 hoc
593 4507 643 4576 ipu
670 4507 745 4574 apte
770 4511 882 4562 ancha
942 4509 964 4548 ⁶⁹
988 4507 1018 4560 In
1052 4511 1205 4576 Propontidos
1237 4527 1281 4562 rus
1312 4505 1441 4596 plaudit]s
