3038 5200
374 389 429 442 186
799 377 883 440 ΤΙΤΙ
905 377 1006 440 lelt

201 534 235 584 11.
246 538 275 588 ⁰·
285 537 341 588 ³⁵9·
370 535 595 602 ‘euenturum’
640 534 747 610 Dilata
769 557 808 598 eo
835 535 886 598 dis
910 555 958 598 ros
983 544 1038 598 est
1081 533 1197 614 Aristo,
1224 533 1342 603 thineo
1368 535 1416 598 in·

200 599 232 666 Α·
244 601 272 652 ⁰·
286 601 340 653 ¹⁹³⁰
366 625 459 708 genic
474 625 553 688 inter
568 623 678 688 Pinnos
693 645 774 702 usus,
790 622 918 687 tabellas
934 622 1123 706 conscriptas
1138 622 1337 692 celeberrimo
1346 623 1414 686 loce

365 731 459 795 supra
484 711 588 774 sedern
615 710 825 791 quotidianam
856 701 1139 792 imagisnatuum*
1165 710 1265 790 prima
1289 729 1414 791 vespera

367 799 535 882 suspendit.
552 799 617 881 ipse
632 797 671 858 de
686 796 778 860 tertia
791 795 895 877 vigilia
910 815 1018 860 navem
1035 796 1215 858 conscendit
1228 795 1414 880 etprofugit.

368 883 495 950 Postero
511 885 571 962 die,
592 903 685 964 quum
709 881 840 944 Suffetes
864 881 974 964 adjus
1000 882 1165 960 dicendum
1194 883 1415 960 consedissent,

366 980 537 1054 conspectae
567 969 698 1048 tabella,
730 970 911 1052 demtaeque,
942 981 975 1032 et
1004 969 1100 1034 lectae.
1152 967 1308 1052 Scriptum
1339 981 1413 1046 erat,

366 1075 559 1122 anrsrunurs
582 1074 745 1120 rnrvsrrra
769 1077 814 1122 nn
838 1073 1179 1134 Nsurnan,ruen1cu
1193 1075 1239 1123 er>
1256 1074 1414 1118 sassones

370 1143 427 1222 (ita
455 1157 595 1210 senatum
626 1143 786 1224 vocabant)
821 1161 983 1206 nannum
1014 1161 1188 1206 unnurssrr.
1232 1142 1414 1206 ⁹Publicato

367 1230 505 1310 crimine,
528 1230 628 1304 minus
651 1229 770 1294 intenta
792 1230 830 1295 de
853 1229 959 1312 paucis
974 1231 1100 1312 questio
1115 1243 1193 1306 erat.
1210 1229 1293 1302 mitti
1310 1241 1413 1292 tamen

366 1318 485 1400 legatos
505 1317 649 1396 Romam,
671 1317 722 1399 qui
745 1337 809 1380 rem
832 1317 872 1380 ad
894 1318 1033 1382 consules
1055 1327 1088 1380 et
1109 1316 1166 1379 ad¹
1194 1328 1338 1383 senatum
1361 1316 1413 1380 de-

364 1403 489 1482 ferrent,
515 1404 649 1488 placuit3
674 1403 763 1466 simul
788 1405 839 1486 qui
864 1403 903 1466 de
927 1402 1044 1486 injuriis
1065 1401 1237 1470 Masinissa
1250 1423 1413 1490 quereren-

243 1543 268 1566 ,,
368 1505 427 1557 tur.

201 1589 323 1642 Μιιὶιιίειι
408 1575 508 1643 LXII.
531 1574 696 1640 Masinissa
724 1588 886 1660 postquam
917 1587 949 1640 et
979 1580 1004 1618 ¹⁰
1018 1577 1146 1643 infames
1174 1575 1413 1658 Karthaginien·

201 1657 331 1736 ΜΨ
365 1685 424 1742 scs,
440 1677 471 1733 et
486 1663 563 1730 inter
576 1685 610 1726 se
624 1665 706 1746 ipsos
718 1664 873 1727 discordes
888 1664 994 1743 sensit,
1017 1665 1169 1748 principes
1192 1675 1319 1747 propter
1339 1684 1413 1728 con·

200 1721 324 1836 {ffb
366 1751 469 1852 loquia
483 1751 634 1814 Aristonis
660 1751 792 1828 senatui,
816 1763 956 1814 senatum
976 1763 1099 1834 propter
1114 1751 1260 1814 indicium
1275 1748 1413 1832 ejusdem

366 1837 519 1902 Aristonis
548 1837 662 1920 populo
695 1847 889 1920 suspectum3
927 1838 1028 1900 locum
1067 1836 1184 1918 injurie
1214 1857 1282 1900 esse
1320 1849 1412 1914 ratus,

362 1945 473 2006 agrum
500 1924 686 1986 maritimum
720 1945 825 1986 eorum
855 1935 886 1986 et
908 1924 1109 2007 depopulatus
1132 1936 1190 2002 est,
1213 1937 1245 1986 et
1265 1923 1412 2006 quadani

366 2012 455 2076 urbes
477 2011 642 2092 vectigales
677 2009 980 2092 Karthaginiensium
1014 2011 1070 2074 sihi
1094 2011 1196 2093 coegit
1224 2010 1412 2094 stipendium

366 2098 510 2180 pendere.
554 2097 700 2180 Emporia
728 2109 841 2160 vocant
863 2119 931 2160 earn
955 2097 1119 2180 regionem.
1142 2117 1196 2160 ora
1217 2108 1266 2160 est
1288 2097 1412 2159 minoris

247 2219 253 2231 ’
367 2181 477 2267 Syrtis,
507 2195 539 2246 et
563 2184 628 2266 agri
651 2184 771 2262 uberis,
795 2205 856 2246 une
877 2185 984 2249 civitas
1005 2183 1071 2265 ejus
1085 2182 1211 2267 Leptis:
1234 2203 1273 2246 ea
1294 2183 1413 2266 singula

366 2270 486 2334 indies
513 2270 631 2334 talenta
657 2271 788 2353 vectigal
811 2269 1118 2352 Karthaginiensibus
1145 2269 1240 2335 dedit.
1288 2273 1312 2308 ¹¹
1325 2267 1413 2335 Hanc

367 2368 432 2419 tum
457 2358 614 2439 regionam
639 2368 793 2422 ettotam
819 2357 962 2420 infestam
989 2355 1162 2436 Masinissa,
1178 2369 1264 2420 etex
1280 2357 1412 2438 quadam

362 2454 453 2524 ‚parte
477 2444 576 2506 dubiae
604 2445 814 2526 possessionis,
844 2445 889 2506 sui
920 2444 1017 2526 regni,
1046 2465 1086 2508 an
1112 2444 1411 2525 Karthaginiensium

367 2540 457 2608 esset,
473 2529 625 2592 effecerat.
640 2541 672 2592 et
695 2530 766 2610 quis
787 2531 875 2592 simul
892 2531 932 2596 ad
947 2530 1105 2614 purganda
1120 2531 1258 2608 cuimine,
1274 2543 1308 2593 et
1324 2547 1411 2611 ques·

366 2625 433 2676 tum
449 2615 487 2681 de
502 2635 536 2678 se
555 2613 686 2678 Romam
710 2635 761 2678 eos
787 2616 881 2680 ituros
907 2618 1075 2700 comperit:
1099 2618 1151 2701 qui
1174 2630 1208 2691 et
1229 2617 1283 2680 iila
1304 2635 1412 2680 onera·

368 2712 436 2764 rent
460 2699 690 2783 suspicionibus,
716 2713 748 2764 et
772 2701 810 2766 de
832 2701 901 2786 jure
920 2705 1113 2786 vectigalium
1136 2705 1353 2787 disceptarent,
1369 2703 1414 2764 ie·

200 2801 284 2865 Legati
302 2798 456 2868 Poe-gatos
471 2788 582 2870 etipse
598 2785 729 2856 Romam
745 2789 852 2854 mittit.
863 2800 885 2832 ὓ
928 2790 1034 2854 Auditi
1054 2791 1094 2854 de
1106 2789 1201 2875 Tyrio
1215 2790 1331 2854 advena
1346 2790 1415 2872 pri-

200 2879 317 2946 somniet
368 2893 453 2938 nsum
481 2872 754 2956 Karthaginienses
780 2896 884 2940 curam
920 2874 1051 2958 injecere
1089 2876 1237 2956 Patribus,
1270 2897 1312 2943 ue
1341 2895 1415 2940 cum

200 2933 348 3048 ἕζξζξ
364 2959 524 3024 Antiocho
543 2960 632 3024 simul
657 2973 690 3024 et
708 2961 808 3026 Poenis
832 2963 1008 3028 bellandum
1024 2975 1113 3028 esset.
1129 2965 1263 3030 maxime
1283 2983 1323 3030 ea
1347 2983 1412 3028 sus·

200 3065 268 3113 siunt
366 3047 448 3130 picio
469 3049 585 3110 crimen
611 3049 770 3130 urguebat,
796 3049 889 3133 quod,
906 3070 997 3131 quem
1012 3052 1266 3134 comprehensum
1282 3047 1412 3112 Romen

368 3133 449 3198 mitti
473 3135 647 3216 placuisset,
674 3156 731 3202 uec
751 3135 861 3217 ipsum,
884 3158 942 3208 nec
972 3158 1081 3200 navem
1104 3136 1170 3220 ejus
1200 3135 1414 3202 custodissent

366 3217 415 3282 De
431 3241 504 3302 agro
521 3221 630 3284 deinde
645 3242 716 3300 curn
731 3222 810 3304 regis
826 3223 933 3304 legetis
949 3223 1112 3306 disceptari
1139 3235 1288 3307 coeptum.
1335 3220 1412 3286 Kar·

366 3306 573 3388 theginienses
594 3305 663 3390 jure
690 3308 795 3370 finium
818 3330 956 3375 caussam
980 3311 1157 3378 tutabantur
1169 3333 1180 3390 3
1202 3309 1314 3392 ‘qnod
1339 3309 1416 3372 intre

367 3392 444 3456 ‘eos
461 3395 607 3459 terminos
622 3405 714 3472 esset,
730 3395 839 3478 quibus
855 3394 887 3458 P.
903 3394 1007 3506 Scipio
1021 3397 1118 3466 victor
1133 3418 1251 3480 agrum,
1276 3396 1330 3478 qui
1340 3394 1415 3477 juris

360 3479 377 3530 .‘
392 3491 474 3542 esset
489 3479 804 3560 Karthaginiensium,
813 3481 950 3546 finissets
979 3495 1012 3548 et
1022 3484 1212 3550 confessione
1224 3484 1322 3566 regisr
1335 3482 1416 3564 ‘qui

361 3563 377 3617 -‘
392 3583 485 3646 quum
500 3564 648 3647 Aphirem
664 3567 825 3650 profugum
840 3590 879 3632 ex
894 3591 989 3652 regno
1004 3592 1070 3650 suo,
1085 3589 1156 3637 curn
1166 3582 1255 3656 perte
1266 3567 1415 3634 Numida·

431 3683 590 3752 'numia
600 3687 673 3739 Gran.
802 3691 986 3744 tsaderssros.
997 3693 1065 3745 Cres.
1190 3697 1277 3744 ¹rrrisit
1284 3693 1352 3744 est.

398 3799 608 3871 ⁸Mugistrutuum]
633 3803 726 3870 Nempe
747 3803 873 3870 Suffenum,
906 3825 974 3874 quarn
985 3809 1113 3859 rebellandi
1122 3787 1346 3872 eomiru'agnsntes.

366 3867 404 3929 qui
421 3867 480 3915 infra
499 3867 648 3931 appellamur.
681 3871 874 3922 Hacestlectio
939 3873 1061 3923 ¹¹·Hune
1078 3884 1127 3924 non
1140 3875 1261 3942 egiom]
1286 3875 1419 3924 Henaton

365 3932 501 3996 scriptorum
524 3946 549 3982 st
572 3945 630 3984 retr.
657 3937 783 3993 edituum,
798 3931 801 3938 '
814 3951 873 3987 resse
905 3939 1021 4000 ηςὶωω
1048 3953 1074 3990 et
1095 3951 1169 3990 essm
1197 3942 1284 3991 feceret
1311 3942 1417 3990 inimus

365 3996 490 4047 Gronorio
524 3997 644 4048 comantis
658 3999 722 4052 Vrct.
735 4003 874 4053 messae·
907 4007 1025 4068 ruundo,
1047 4009 1152 4068 areum
1176 4019 1201 4056 et
1222 4007 1310 4058 secent
1327 4019 1418 4070 quoqu·

365 4063 478 4112 acutiores
500 4063 557 4114 editi
572 4065 632 4115 male
653 4067 805 4132 praeferebant
826 4086 873 4118 mo·
907 4079 934 4119 ut
946 4071 1026 4120 eedem
1037 4073 1101 4135 regio
1115 4073 1211 4136 quedam
1229 4088 1258 4120 ex
1276 4083 1341 4138 parte
1355 4080 1419 4120 esset

362 4129 535 4244 nen„
549 4196 653 4260 m,
676 4196 716 4252 s
808 4199 850 4248 r,-
905 4137 1418 4254 mnemon

629 4213 640 4244 e
718 4213 797 4248 unes
844 4216 873 4248 u-
997 4219 1004 4250 ι
1406 4231 1418 4242 ·

361 4257 425 4307 tonis
442 4258 525 4308 indicio
542 4261 681 4324 mpiciousr
696 4261 745 4326 jam
756 4275 781 4315 et
797 4265 873 4314 crisei-
905 4219 1140 4328 giniensifflesssneili¹
1151 4218 1303 4333 quiem
1313 4268 1420 4331 qudem

251 4367 256 4375 ,
365 4323 469 4370 nationes
488 4324 512 4372 io
533 4335 609 4374 toruus
634 4328 787 4378 communiter
807 4345 872 4381 uns-
904 4331 1072 4394 inesregione
1090 4335 1140 4384 locs
1159 4334 1296 4401 posidebat,
1315 4347 1419 4396 (μιν

364 4396 426 4446 tum,
448 4401 495 4434 nou
512 4387 538 4438 iu
552 4391 872 4458 privatumqususqunnre-
905 4409 957 4446 esse
980 4400 1141 4457 warewast,
1166 4399 1371 4461 thsginiensss
1393 4407 1419 4446 ut

364 4449 539 4582 fflidfflm]
558 4517 681 4586 Suspectus
689 4488 808 4588 Romanis,
819 4535 871 4574 teu·
906 4477 936 4512 a
946 4478 971 4514 κ
982 4463 1067 4528 mim
1077 4477 1143 4530 m
1150 4475 1295 4532 mm·
