3026 5164
353 453 363 472 ὓ
396 383 471 442 LIB.
493 383 638 443 XXXIX.
658 383 740 442 (ΑΡ.
760 383 903 443 XXXIV.
1105 391 1166 454 429

170 540 320 605 ΧΧΧΙΙΙ.
352 541 503 624 Principio
540 543 723 624 insequentis
763 543 833 604 anni
875 541 908 605 P.
940 541 1096 623 Claudius,
1127 543 1163 606 L.
1177 555 1316 610 tactae.

128 627 251 692 Porcius
280 630 428 707 consules,
459 650 551 710 quum
582 629 621 699 Q.
652 628 799 707 Caecilius,
830 629 876 691 M.
907 629 1035 710 Baebius,
1062 641 1093 693 et
1115 630 1163 693 Ti.
1176 623 1315 734 §gl-¹⁸5·

129 713 337 798 Sempronius,
357 717 407 798 qui
429 716 469 777 ad
493 717 724 797 disceptandum
749 716 826 778 inter
849 715 1020 800 Philippum
1047 713 1079 780 et
1101 689 1319 800 I⁴lu-1,‚'p„⁸„⁵„¹'{¹¹⁰¹

126 823 246 864 urenem
264 825 347 884 reges
361 801 633 890 llressalommque
657 803 793 880 civitates
818 805 900 866 missi
925 816 1020 883 erant,
1035 804 1163 887 legatio·
1175 814 1241 866 cora

127 909 198 952 nem
228 891 454 951 renunciassent
464 900 488 966 ¹,
520 909 623 970 regum
655 909 774 970 quoquc
807 912 909 951 eorum
940 892 1164 974 civitatiumque

126 977 245 1056 legatos
261 975 292 1038 in
307 987 445 1037 senatum
472 975 711 1036 introduxerunt.
755 975 871 1038 Eadem
895 979 1044 1059 utrimque
1062 979 1162 1040 itera-

125 1073 169 1139 ta,
185 1084 250 1142 qua²
266 1064 348 1124 dicta
364 1063 445 1144 apud
461 1063 576 1142 legatos
592 1062 622 1122 in
646 1060 762 1123 Gracia
785 1077 882 1124 etant.
926 1064 1027 1126 Aliam
1053 1066 1162 1127 deinde

125 1149 309 1230 legationem
338 1171 444 1210 novam
470 1147 584 1226 Patres,
609 1148 693 1228 cujus
709 1149 849 1233 princeps
862 1149 922 1232 Ap.
938 1150 1080 1213 Claudius
1096 1152 1163 1231 suit,

124 1235 157 1296 in
188 1233 400 1298 Macedoniarn
428 1246 460 1296 et
483 1236 512 1295 in
537 1233 684 1296 Graeciam
711 1237 906 1297 decrevemnt
932 1238 970 1299 ad
996 1239 1164 1316 visendum,

122 1321 288 1384 redditaene
312 1323 472 1383 civitatesy
496 1325 522 1367 2⁷
531 1319 686 1382 Thessalis
710 1334 742 1383 et
764 1321 926 1385 Perrhaebis
952 1339 1063 1388 essent.
1107 1323 1328 1400 Iis-ugeram

87 1453 95 1464 .
123 1409 195 1470 dem
212 1409 401 1486 mandatum,
426 1419 460 1470 ut
481 1409 520 1469 ab
534 1406 619 1470 AEno
643 1419 673 1469 ct
697 1405 846 1471 Maronea
869 1411 1007 1490 praesidia
1030 1403 1330 1474 deduce-Pffifflm·

122 1507 238 1572 rentur,
264 1495 475 1576 maritimaque
498 1495 596 1558 omnis
615 1491 753 1556 Thraciae
775 1517 828 1557 ora
854 1517 872 1556 a
893 1495 1031 1580 Philippo
1046 1511 1077 1560 et
1092 1498 1163 1560 Ma-

123 1583 293 1644 cedonibus
319 1582 503 1644 liberaretur.
547 1579 788 1663 Peloponnesum
821 1603 939 1664 quoque
970 1585 1052 1646 adire
1076 1585 1163 1667 jussi,

122 1669 206 1730 unde
221 1671 302 1752 prior
321 1669 434 1750 legatio
457 1668 634 1730 discesserat
659 1668 818 1730 incertiore
843 1680 922 1730 statu
947 1691 1055 1748 rerum,
1072 1693 1163 1754 quant

124 1756 150 1815 si
175 1776 235 1816 non
257 1757 418 1817 venisseut.
441 1776 510 1818 narn
534 1775 622 1836 super
640 1757 746 1816 'cetera
772 1756 863 1816 etiam
890 1757 990 1818 ²⁸sine
1018 1779 1163 1840 responso

125 1841 254 1920 dimissi,
279 1863 335 1904 nec
363 1842 468 1903 datum
498 1842 671 1923 petentibus
695 1853 761 1902 erat
786 1841 966 1904 Achaeorum
991 1844 1163 1908 concilium.

122 1924 249 2011 Deque
265 1951 295 1990 re
319 1939 460 2010 querente
486 1928 614 2009 graviter
638 1926 677 1997 Q.
693 1925 827 2005 Caecilio,
853 1929 941 1990 simul
967 1928 1162 1994 Lacedaemo·

122 2015 184 2076 niis
200 2015 435 2096 deplorantibus,
458 2015 568 2076 moenia
592 2013 701 2092 diruta,
728 2015 889 2076 abductam
914 2016 1033 2098 plebem
1060 2017 1090 2078 in
1116 2017 1161 2078 Α-

122 2101 245 2163 chaiam
261 2114 293 2163 et
306 2102 531 2178 venumdatum,
547 2099 694 2176 ademtas,
710 2101 817 2182 quihus
833 2102 873 2162 ad
896 2123 963 2162 eam
989 2103 1070 2164 diem
1088 2103 1162 2164 civi·

122 2199 173 2248 tas
194 2179 335 2266 stetisset,
359 2185 487 2272 Lycurgi
513 2187 605 2266 leges,
629 2185 733 2249 Achaei
759 2188 890 2250 maxime
914 2189 1033 2250 concilii
1057 2191 1161 2270 negati

122 2273 450 2353 crImenexcusabant,
466 2273 621 2334 recitando
644 2273 754 2352 legem,
779 2295 854 2356 quae,
877 2276 935 2335 nisi
956 2275 1027 2336 belli
1043 2275 1161 2358 pacisve

122 2381 242 2436 caussa,
265 2373 297 2423 et
320 2383 412 2444 quum
438 2360 529 2442 legati
555 2361 592 2421 ab
616 2373 723 2421 senatu
748 2381 816 2420 cutn
843 2361 935 2422 literis
961 2373 1015 2423 aut
1040 2362 1161 2443 scriptis

122 2449 276 2510 mandatis
290 2450 437 2525 venirent,
461 2460 575 2510 vetaret
601 2446 692 2508 indici
718 2447 890 2509 concilium.
934 2445 981 2509 Ea
1001 2469 1039 2510 tre
1054 2461 1162 2530 postea

122 2536 281 2596 excusatio
296 2549 385 2614 esset,
401 2535 536 2597 ostendit
547 2545 681 2612 senatus,
696 2554 773 2595 curae
788 2533 824 2594 iis
839 2555 904 2595 esse
917 2535 1037 2613 debere,
1052 2547 1086 2596 ut
1098 2533 1160 2596 Ro-

121 2622 223 2682 manis
239 2622 346 2703 legatis
362 2642 480 2704 semper
496 2620 624 2682 adeundi
642 2620 802 2682 concilium
822 2621 923 2702 gentis
950 2633 1084 2704 potestas
1104 2619 1160 2683 sre-

122 2719 189 2784 ret;
207 2709 460 2790 quemadmodum
477 2719 508 2769 et
523 2707 591 2784 illis,
605 2709 723 2788 quoties
738 2705 859 2784 vellent,
885 2720 1007 2769 senatus
1029 2707 1160 2770 daretur.

167 2793 313 2856 XXXIV.
346 2793 485 2856 Dimissis
522 2795 558 2854 iis
601 2793 810 2875 legationibus,
857 2793 1023 2876 Phihppus,
1054 2815 1072 2854 a
1100 2796 1161 2856 suis

122 2883 235 2943 certior
259 2882 366 2956 factus,
393 2881 560 2942 cedendum
590 2881 772 2957 civitatibus,
799 2880 1034 2961 deducendaque
1060 2881 1160 2962 praesi-

124 2968 177 3028 dia
198 2989 273 3045 esse,
304 2969 435 3029 infensus
467 2967 615 3042 omnIbus,
648 2967 678 3026 in
711 2965 881 3028 Maronitas
914 2967 989 3026 iram
1023 2967 1160 3028 effundit.

123 3051 305 3134 Onomasto,
335 3055 386 3135 qui
419 3065 544 3136 praeerat
575 3053 731 3113 maritima
759 3074 828 3128 orae,
851 3053 986 3128 mandat,
1009 3065 1044 3113 ut
1065 3053 1326 3138 partiqurontoe·

124 3141 255 3202 adversae
269 3142 419 3224 principes
434 3141 625 3201 interficeret.
670 3137 723 3199 llle
746 3158 798 3219 per
820 3137 1028 3199 Casandrum¹
1054 3159 1159 3219 quem·
1172 3121 1293 3238 fflffa

125 3227 208 3304 datu,
226 3249 315 3289 unum
336 3250 375 3289 ex
395 3228 482 3308 regiis
500 3224 567 3306 jam
591 3225 641 3285 diu
666 3221 852 3286 habitantem
880 3223 1043 3303 Maroneae,
1071 3237 1288 3304 noctempffi,

121 3311 292 3376 Thracibus
319 3313 507 3390 intromissis,
536 3311 617 3372 velut
646 3312 676 3372 in
703 3311 782 3372 bello
812 3323 903 3394 capta
932 3312 1016 3388 urbe,
1047 3313 1159 3375 cadem

124 3399 208 3462 fecit.
252 3405 279 3441 ²⁹
292 3399 327 3462 ld
341 3403 420 3484 apud
436 3399 590 3460 Romanos
606 3399 722 3479 legatos
737 3411 896 3478 querentes
912 3411 975 3459 tam
1001 3398 1159 3462 crudeliter

125 3487 266 3548 aduersus
287 3488 426 3549 innoxios
452 3485 632 3561 Maronitas,
657 3497 720 3546 tarn
745 3485 871 3566 superbe
895 3485 1035 3546 adversus
1062 3507 1160 3569 popu-

125 3573 188 3634 lum
206 3573 374 3636 Romanum
396 3573 521 3649 facturn,
543 3583 587 3648 ut,
611 3571 717 3654 quibus
741 3571 913 3634 libertatem
943 3572 1160 3634 restituendam

157 3699 169 3726 ¹
180 3697 233 3741 amri
245 3693 271 3741 P.
283 3695 382 3749 Clastidio,
392 3693 418 3740 L.
428 3692 504 3740 Porcio
511 3691 641 3750 amttam,
650 3691 676 3744 Q.
687 3691 793 3748 Cealius,
801 3691 835 3738 Μ.
845 3689 937 3749 Boebt'ea,
943 3701 964 3739 et
973 3691 1006 3741 rt.
1018 3693 1163 3754 Seppronttrt,
1182 3716 1185 3732 ·

123 3762 162 3822 qui
175 3793 180 3805 .
195 3795 200 3806 .
213 3794 219 3806 .
229 3764 387 3808 renunciatum
396 3767 438 3806 etc.
450 3757 523 3805 Gron.
535 3757 603 3808 Ctev.
621 3755 683 3822 Rup.
782 3755 894 3806 annuatis
904 3767 925 3805 et
938 3757 1006 3807 naa.
1015 3767 1035 3806 et
1044 3756 1074 3806 P.
1086 3757 1159 3808 Grau.

125 3827 195 3871 Cres.
306 3824 470 3871 ¹Cauaadnam
481 3826 549 3871 Crev.

157 3925 282 3972 ”Rhodias
310 3934 331 3972 et
365 3923 478 3987 Thessalis]
512 3924 560 3972 Cur
588 3923 626 3972 hio
661 3925 692 3971 0.
704 3924 822 3972 Catillum
834 3939 880 3972 non
890 3927 939 3972 sine
956 3939 1063 3988 responso
1082 3923 1161 3972 elimit-

123 3990 210 4039 Rhodii
221 3991 374 4046 nominentur,
384 4005 462 4050 perum
474 3991 556 4052 liquet.
576 3989 626 4036 Ne·
659 4007 709 4037 eum
738 3991 767 4036 ab
788 3989 889 4046 Achaeis,
918 3993 956 4038 aed
982 4003 1113 4053 responsum
1134 3990 1162 4036 ab

125 4070 171 4116 que
187 4056 247 4103 enim
268 4056 313 4103 ulla
330 4070 418 4111 eorum,
434 4055 457 4101 ire
476 4055 574 4116 querella
585 4071 627 4118 po·
661 4058 796 4103 Athaeorum
812 4055 975 4116 magistratibus
993 4055 1097 4117 accipere
1118 4068 1161 4100 no-

123 4120 268 4183 pulotuutde
285 4119 389 4184 Philippo
409 4121 570 4174 memorandis,
588 4131 627 4166 aut
658 4121 736 4176 luisse,
755 4121 894 4179 indignatum
913 4122 972 4183 quod
991 4119 1032 4167 sibi
1052 4131 1161 4180 negatum

122 4201 191 4249 supra
209 4186 266 4248 apud
285 4186 382 4242 livium,
393 4197 431 4232 aut
450 4187 472 4232 ln
485 4184 602 4248 Excerptia
614 4202 626 4231 e
657 4187 737 4233 suisset
749 4187 867 4232 conellium
879 4187 958 4244 gentis.

125 4251 222 4314 PolybIo
232 4252 381 4310 legationibus
392 4260 468 4297 exstet
479 4251 572 4297 mendo.
595 4251 627 4296 Et
689 4249 751 4296 fflld
778 4252 838 4308 apttd
864 4251 969 4298 Roranam
999 4250 1078 4313 legatae
1108 4265 1160 4312 que·

123 4331 178 4363 vero
195 4315 228 4362 τὰ
247 4314 372 4364 Rhodiiset
391 4331 436 4363 non
452 4325 583 4379 comparent
603 4316 626 4362 itt
657 4313 737 4374 rentes]
767 4314 875 4363 Notabile
904 4315 1053 4380 hyperbaton.
1095 4314 1162 4377 Apud

119 4381 196 4429 cadite
207 4379 270 4429 llice.
660 4381 773 4428 Ronanus
795 4379 879 4439 legatos
894 4393 1014 4443 querentes
1036 4379 1060 4428 id
1075 4379 1161 4427 Iactum

153 4447 177 4480 ³⁸
193 4446 244 4492 Sr'ae
255 4461 349 4506 rapam
358 4444 450 4507 timna]
485 4446 566 4493 Fusius
577 4461 626 4494 rem
649 4460 706 4500 ‚tam
716 4445 837 4494 crudeliter
849 4481 856 4498 .
869 4479 875 4494 .
888 4480 894 4494 .

120 4513 215 4576 exponit
234 4512 349 4576 Polybius,
367 4511 495 4572 Legendl.
513 4511 627 4576 docetque
