3100 5194
340 401 346 408 -
433 376 639 442 nmxxxl.
660 373 907 476 onaxxvrr
1085 387 1179 452 ‚rr

135 537 375 623 obpugnatione
396 536 488 616 urbis,
520 536 616 605 diviso
645 557 713 600 eum
740 534 873 600 Philocle
907 543 1005 600 ru'rsus
1034 537 1180 618 exercitu,
1194 543 1333 603 uuam

137 626 179 690 ad
192 625 358 688 vastandos
382 645 471 708 agros
495 624 658 708 proiectus,
684 642 776 708 quum
797 623 929 707 priorem
950 625 1180 708 populationem
1196 611 1225 662 A.
1238 611 1268 662 ⁰·
1280 613 1336 664 ²⁰⁰·

136 713 284 796 sepulcris
298 713 382 776 circa
394 713 500 777 urbem
515 711 669 773 diruendis
683 711 880 789 exercuisset,
902 731 942 776 ue
956 711 1030 793 quid
1052 712 1185 776 inviola«

138 812 206 870 tum
222 800 418 882 relinqueret,
438 802 465 838 ¹¹
478 798 593 882 templa
605 796 718 877 Datim,
744 819 811 880 qua
831 798 968 880 pagatim
991 810 1110 863 sacrata
1125 800 1180 862 ha·
1191 801 1290 867 Temple
1301 801 1347 852 0³¹·

138 887 265 966 bebant,
290 886 368 950 dirui
394 897 485 967 atque
518 884 639 948 incendi
666 882 767 967 jussit.
821 882 977 946 Exornata
1002 906 1054 952 eo,
1069 907 1181 968 genere
1192 869 1335 983 {ffih‘m
1365 912 1368 919 ·

138 994 267 1057 operum
295 973 405 1036 eximie
428 984 510 1035 terra
522 970 638 1049 Attica,
663 985 695 1034 et
715 971 804 1055 copia
828 971 985 1036 domestici
1012 973 1181 1053 marmoris,
1264 966 1271 982 ‘

139 1073 173 1124 et
186 1060 318 1143 ingeniis
339 1058 499 1138 artificum,
521 1059 649 1142 prebuit
676 1058 745 1122 huic
772 1058 865 1122 fenori
889 1059 1057 1132 materiam.
1082 1080 1183 1143 neque

140 1147 223 1210 eninr
239 1147 359 1210 diruere
372 1147 467 1209 modo
481 1146 548 1229 ipsa
562 1145 687 1229 templa,
710 1167 745 1209 ac
762 1145 925 1208 simulacra
950 1159 1083 1210 evertere
1108 1149 1182 1210 eatis

140 1234 267 1311 habuit3
300 1234 355 1296 sed
379 1232 495 1318 lapidee
521 1253 651 1316 quoque,
677 1236 750 1296 ¹²ne
774 1232 883 1314 integri
907 1234 1098 1296 'cumularent
1120 1235 1182 1296 ruiss
1245 1273 1251 1288 ›

142 1342 207 1400 nas,
222 1321 324 1403 frangi
335 1318 447 1401 jussit:
472 1334 515 1398 et,
540 1332 702 1404 postquam
724 1339 786 1381 non
801 1331 866 1382 tam
889 1319 934 1381 ira
948 1319 1076 1398 satiata,
1132 1343 1182 1386 am

143 1409 195 1471 ire
213 1407 392 1470 exercenda
413 1408 543 1472 materia
564 1409 626 1470 hec
650 1407 763 1484 deerat,
791 1426 865 1488 agro
881 1406 1022 1469 hostium
1044 1407 1075 1468 in
1089 1341 1182 1472 dire

143 1496 219 1557 tiam
234 1495 375 1574 excessit,
389 1515 446 1558 uec
470 1493 552 1556 aliud
566 1493 730 1576 quidquam
742 1493 868 1575 dignum
883 1495 1032 1564 memoria
1051 1495 1082 1556 in
1097 1491 1181 1558 Gra·

144 1583 193 1644 eia
249 1583 283 1646 't.
582 1615 586 1624 ·

150 1711 153 1718 ·
207 1603 257 1663 effi
278 1665 319 1732 11.
340 1665 455 1732 Consul
476 1665 628 1750 Sulpicius
659 1687 697 1730 eo
726 1678 864 1752 ternpore
885 1668 965 1732 inter
986 1667 1182 1752 Apolloniam

144 1777 181 1818 ac
194 1753 397 1840 Dyrrachium
418 1753 458 1817 ad
479 1753 597 1838 Apsum
618 1754 730 1818 flumen
749 1755 883 1818 habebat
908 1767 1029 1818 castra:
1058 1775 1118 1838 quo
1133 1777 1182 1820 ar-

144 1843 290 1906 cessitum
305 1840 343 1904 L.
353 1840 516 1926 Apustium
532 1842 667 1924 legatum
693 1863 763 1904 oum
783 1853 870 1925 parte
894 1843 1049 1926 copiarum
1072 1843 1114 1906 ad
1128 1844 1181 1906 de-
1195 1829 1343 1896 nummipe-
1448 1857 1452 1870 '

141 1929 334 2013 populandos
357 1928 490 1992 hostium
515 1927 590 1992 fines
616 1928 722 1992 mittit.
764 1927 921 2013 Apmtiue,
951 1897 1341 2012 errtremauMa·liiifgssi'ss'g¹⁸

142 2015 279 2078 cadonie
304 2015 476 2098 populatus,
502 2013 649 2097 Corrago,
669 2025 702 2078 et
726 2012 885 2094 Gerrunio,
905 2026 937 2079 et
957 2016 1090 2098 Orgesso
1115 2038 1182 2080 cas·
1195 2030 1259 2080 aaa

142 2103 225 2166 tellis
248 2103 347 2186 primo
371 2102 478 2186 inpetu
501 2102 610 2184 captis,
634 2101 673 2164 ad
687 2099 892 2185 Antipatriam
914 2103 947 2166 in
971 2101 1183 2166 saucibuaan-

142 2189 239 2272 gustis
264 2190 355 2254 sitam
370 2189 487 2266 urbem,
509 2189 599 2252 venit.
623 2208 659 2251 ac
681 2189 780 2271 primo
802 2199 943 2252 evocatos
966 2189 1117 2272 principes
1143 2189 1184 2253 ad

143 2276 353 2357 conloquium,
367 2287 403 2339 ut
415 2275 486 2338 fidei
508 2273 715 2338 Romanorum
736 2295 771 2336 se
788 2276 1025 2353 committerent,
1040 2277 1184 2358 perlicere
1219 2337 1223 2346 ,

144 2375 194 2426 est
211 2375 358 2428 conante:
384 2362 503 2441 deinde,
517 2362 581 2440 ubi,
599 2361 809 2444 magnitudine
834 2382 871 2424 ac
895 2362 1045 2426 moenibus
1066 2363 1186 2446 situque

147 2450 230 2512 urbis
252 2449 331 2527 freti,
359 2449 442 2512 dicta
463 2449 732 2531 adspernabantur,
763 2448 792 2510 vi
822 2460 913 2529 atque
938 2449 1029 2510 armis
1050 2449 1185 2528 adortus,

147 2536 351 2618 expugnavit3
386 2535 606 2618 puberibusque
633 2534 808 2613 interiectis,
837 2535 939 2619 prada
968 2536 1051 2599 omni
1080 2537 1185 2600 militi-

147 2624 201 2684 bua
226 2643 384 2700 concessa,
411 2622 504 2685 diruit
529 2643 643 2699 muros,
674 2633 764 2703 atque
794 2623 900 2684 urbem
917 2622 1067 2685 incendit.
1127 2622 1189 2686 Hic

148 2721 249 2772 metus
264 2708 461 2787 Codrionem,
483 2708 558 2773 satis
571 2708 703 2770 validum
726 2720 759 2770 et
780 2709 930 2772 munitum
949 2707 1106 2792 oppidum,
1125 2711 1190 2772 sine

147 2796 313 2860 camarina
337 2807 372 2860 ut
398 2795 559 2862 dederetur
580 2794 737 2873 Romanis,
760 2793 872 2858 effecit.
916 2793 1058 2859 Praesidio
1084 2797 1126 2859 ibi
1141 2818 1189 2860 re-

148 2883 235 2962 licto,
259 2885 285 2922 ¹³
295 2881 373 2946 llion
392 2880 516 2962 (nomen
532 2895 655 2966 propter
679 2881 805 2948 alteram
826 2882 858 2944 in
872 2879 947 2946 Auia
960 2883 1083 2960 urbem,¹
1099 2903 1188 2966 quam

147 2969 306 3053 oppidum,
334 2967 451 3050 notius)
488 2970 517 3032 vi
553 2969 710 3051 capitur..
741 2967 955 3032 Revertentem
984 2969 1119 3052 legatum
1149 2971 1190 3032 ad

147 3057 305 3122 consulem
319 3075 389 3120 cum
404 3056 479 3120 satis
501 3075 614 3138 magna
627 3055 737 3140 pmda,
762 3054 974 3138 Athenagoras
996 3055 1119 3138 quidam
1142 3077 1189 3120 re-

148 3144 218 3224 gius
244 3143 404 3225 preelectus
434 3143 464 3204 in
494 3141 623 3206 transitu
652 3142 782 3206 fluminis
819 3164 839 3204 a
874 3143 1038 3232 novissimo
1068 3143 1190 3224 agmine

152 3230 290 3307 adortus,
310 3240 479 3312 postremos
495 3230 635 3292 turbavit.
661 3229 700 3292 ad
726 3249 853 3311 quorum
869 3229 1034 3292 clamorem
1050 3242 1082 3290 et
1097 3230 1189 3310 tropi-

153 3315 312 3380 datiouem
327 3335 417 3396 quum
442 3327 578 3378 revectus
604 3313 682 3395 equo
706 3335 833 3398 propere
860 3315 976 3395 legatus
1001 3315 1090 3396 signa
1115 3335 1191 3376 con-

150 3403 303 3480 venisset,
327 3400 532 3484 conjectisque
553 3401 585 3462 in
604 3401 737 3463 medium
760 3399 884 3462 sarcinis
899 3401 996 3462 aciem
1011 3398 1203 3479 direxissem·

149 3509 213 3552 non
243 3489 339 3552 tulere
370 3489 507 3572 inpetum
533 3486 740 3551 Romanorum
766 3487 898 3550 militum
925 3487 1011 3569 regii.
1041 3487 1128 3551 multi
1152 3509 1191 3550 ex

150 3575 188 3638 iis
203 3575 308 3653 occisi,
323 3574 529 3658 plurescapti.
573 3572 717 3656 laegatus,
740 3573 884 3638 incolumi
899 3575 1043 3638 'exercitu
1066 3573 1191 3640 reducto

151 3661 192 3726 ad
206 3661 375 3742 consulem,
389 3660 555 3726 remittitur
570 3660 642 3725 inde
655 3661 810 3744 extemplo
825 3660 866 3726 ad
880 3661 1018 3726 classem.

185 3891 205 3928 ¹¹
223 3891 311 3956 Templo
327 3889 411 3958 Deum,
431 3910 478 3958 pue
496 3896 594 3960 pagatim
615 3911 650 3944 ro·
690 3893 748 3953 †ln
764 3895 864 3946 Androm
882 3895 981 3946 editione
998 3894 1081 3957 legitur
1096 3893 1193 3947 Nudum

149 3967 212 4008 erata
233 3959 349 4022 lubricat]
375 3959 432 4010 Hoc
453 3959 668 4030 cleriueerplier·⁸
692 3961 846 4010 intumum
864 3962 951 4020 codice,
966 3971 1026 4010 teate
1040 3961 1192 4011 Jac.Grono·

150 4037 189 4074 tnr
206 4024 348 4075 {manau
367 4024 392 4076 in
410 4024 651 4078 omimeerheniea·
690 4026 912 4084 natatum-rr.
952 4025 1219 4078 immaculutae-¹

150 4091 220 4140 rium
310 4092 315 4106 '
560 4133 562 4138 .
649 4120 653 4132 ·
691 4091 861 4142 rurinolndur:
876 4108 920 4142 nec
975 4107 1003 4154 ge
1017 4091 1103 4142 abeunt
1120 4091 1192 4142 ceteri

159 4193 161 4198 .
186 4155 206 4189 ¹¹
222 4153 259 4205 Ne
286 4157 370 4220 integri
398 4155 536 4206 annularent
562 4157 652 4222 retiner]
669 4201 672 4216 ,
692 4157 740 4207 rire
758 4157 847 4222 scripti,
865 4157 912 4207 rire
931 4156 1014 4206 vetusti
1033 4159 1098 4218 editi,
1116 4159 1147 4206 lta
1165 4169 1192 4207 ut

150 4219 190 4269 Ne
206 4219 300 4284 lapidea,
320 4223 341 4270 ri
357 4223 440 4285 integri
457 4232 611 4278 remanerent,
627 4222 652 4271 in
692 4221 751 4272 Ilion
770 4223 800 4272 rit
821 4223 922 4287 prolecto
937 4223 965 4271 ab
986 4222 1061 4286 aliquo
1082 4221 1192 4273 ernenda-

151 4285 269 4335 malum
294 4287 416 4349 quemdem
441 4289 558 4336 ruinarum
576 4301 653 4336 mor·
691 4300 749 4338 rore.
781 4287 833 4338 lac.
846 4285 974 4335 Gronorlru
983 4289 1193 4354 proplurlnr'ursnr

150 4364 240 4410 meat,
256 4353 405 4416 qulrpedem
421 4352 541 4416 quamdam
556 4353 652 4417 ternplu-
691 4354 790 4418 indque
816 4353 920 4402 lectionis
945 4355 1046 4416 vestigiis
1070 4355 1191 4418 legendnm

152 4417 343 4467 rundlrntorum
353 4418 458 4468 referret.
691 4431 770 4469 censet
793 4417 884 4479 cauus,
909 4433 975 4482 quern
1003 4421 1083 4468 urbem
1109 4419 1194 4484 lllyrici

187 4481 207 4516 ¹³
224 4483 240 4512 ⁰
252 4481 325 4546 rum]
346 4483 375 4532 ln
384 4483 429 4534 hoo
439 4484 532 4534 mne
541 4485 652 4536 meadum
691 4485 763 4533 tuisse
779 4484 875 4534 adstruit
891 4499 921 4536 ex
931 4484 1080 4545 Callimacho,
1101 4485 1192 4536 Plutar-

149 4543 223 4598 latere
240 4547 335 4614 probant
354 4560 443 4602 vererer
461 4549 651 4615 adiutricum.
692 4548 875 4615 olimsteplrano.
