3080 5196
383 351 444 414 224
807 341 893 404 'rm
909 339 1011 414 nvn

216 505 358 558 lic-⁶⁶⁰·
382 507 470 569 niens
494 503 630 583 navibus,
661 502 696 565 in
722 498 878 562 Chalcidis
902 495 1017 583 Euripo
1039 497 1170 563 Eumeni
1197 499 1261 582 regi
1288 501 1435 566 obcurrit.

214 573 287 649 ιβ
300 569 354 648 ¹9²·
382 592 510 670 Placuit,
526 593 713 673 quingentos
732 587 845 650 milites
860 585 993 669 presidii
1009 606 1117 648 cauma
1131 585 1260 668 relinqui
1285 585 1433 652 Chalcide

215 635 342 752 Quium
383 681 423 742 ab
436 677 574 740 Eumene
596 695 668 758 rege
681 697 702 736 ε.
722 674 823 756 ipsum
840 672 977 734 Athenas
993 672 1047 736 ire.
1090 671 1262 751 Quinctius,
1285 692 1348 754 quo
1362 695 1433 756 pro·

214 766 336 828 Manem
382 767 478 828 fectus
504 773 581 840 erat,
596 759 826 823 Demetriadem
851 757 1031 835 contendit;
1056 763 1138 822 ratus
1159 757 1344 822 Chalcidem
1360 759 1433 824 libe-

214 842 298 926 ⁸⁰⁸¹⁸²f
382 855 481 914 r'nt'mn
495 848 643 912 momenti
659 846 775 927 aliquid
789 844 871 928 apud
886 842 1051 927 Magnetas
1067 844 1105 906 ad
1120 846 1322 928 repetendam
1338 848 1433 910 socie·

273 927 285 948 ''
378 949 478 1000 'tatem
490 935 663 998 Romanam
679 931 838 995 iacturam.
881 929 933 1009 Et,
954 943 989 994 ut
1004 931 1132 1012 praesidii
1149 932 1264 1013 aliquid
1278 943 1363 996 esset
1377 954 1434 996 sun

381 1023 475 1106 partis
491 1020 679 1098 hominibus,
699 1016 840 1080 Eunomo
860 1017 980 1101 pretori
1003 1015 1220 1080 'llresaalonrm
1241 1020 1378 1102 scripsit,
1400 1034 1434 1084 ut

381 1120 514 1171 armaret
523 1106 727 1188 juventutem,
740 1116 772 1168 et
785 1102 911 1166 Villium
926 1104 964 1166 ad
980 1101 1209 1167 Demetriadem
1224 1105 1375 1188 praemnit
1394 1106 1431 1169 ad

381 1195 544 1258 tentandos
559 1194 696 1256 animos:
727 1211 789 1252 non
814 1190 911 1268 aliter,
934 1190 992 1251 nisi
1007 1211 1078 1272 pars
1094 1189 1196 1272 aliqua
1209 1191 1374 1254 inclinaret
1394 1193 1432 1254 ad

382 1293 553 1364 respectum
567 1280 700 1363 pristinae
714 1276 880 1355 societatis,
903 1296 967 1337 rem
983 1276 1189 1358 adgressunrs.
1217 1275 1329 1340 Villius
1344 1277 1432 1359 qnin-

382 1369 517 1448 queremi
533 1386 609 1427 nave
623 1369 651 1404 ⁸⁵
661 1364 701 1426 ad
716 1363 828 1425 ostium
843 1373 948 1444 portus
963 1373 1011 1424 eat
1025 1363 1173 1426 invectus.
1202 1361 1249 1426 Flo
1264 1365 1430 1427 multitudo
1528 1395 1529 1400 ¹

382 1451 567 1535 Magnetum
581 1450 680 1512 omnis
694 1469 787 1532 quum
801 1469 834 1510 se
848 1448 1013 1526 effudisset,
1035 1450 1171 1532 quesivit
1187 1445 1309 1528 Villius,
1331 1460 1428 1513 utrum

382 1539 423 1600 ad
448 1539 575 1615 amicos,
597 1557 637 1598 arr
662 1535 703 1597 ad
728 1535 840 1612 hostes,
862 1555 928 1598 sese
950 1535 1067 1597 venisse
1086 1535 1236 1615 mallent?
1261 1535 1432 1619 Respondit

382 1621 620 1704 Magnetarches
644 1620 841 1704 Eurylochus,
865 1621 1079 1683 ‘Ad'amicos
1103 1622 1221 1683 venisse
1246 1641 1345 1684 eum:
1378 1623 1429 1684 sed

381 1709 394 1743 ‘
407 1709 575 1771 abstineret
588 1719 689 1790 portu,
705 1717 736 1769 et
750 1707 862 1768 sineret
881 1705 1043 1787 Magnetas
1062 1708 1093 1769 in
1110 1707 1276 1769 concordia
1290 1718 1324 1768 et
1338 1708 1428 1770 liber·

381 1795 471 1857 ‘tate
486 1815 563 1872 esse,
583 1814 639 1855 nec
660 1815 715 1876 per
736 1792 890 1873 conloquii
911 1793 1045 1874 speciem
1066 1792 1299 1855 multitudinem
1315 1793 1427 1856 sollici-

380 1879 507 1942 ‘taret’
551 1879 721 1942 Altercatio
736 1878 819 1955 inde,
841 1897 901 1938 non
917 1897 1028 1954 sermo,
1053 1877 1130 1940 fuit:
1156 1898 1250 1960 quum
1271 1882 1299 1919 ⁸⁶
1313 1877 1428 1941 Roma·
1528 1893 1529 1896 ’

379 1986 436 2039 nus
446 1977 480 2028 ut
488 1966 623 2048 ingratos
633 1967 803 2047 increparet
812 1961 987 2044 Magnetas,
998 1964 1243 2046 inminentesque
1251 1965 1428 2048 praediceret

380 2051 502 2115 clades:
520 2052 684 2115 multitudo
698 2051 894 2133 obstreperet,
905 2069 985 2110 nunc
998 2062 1148 2129 senatum,
1158 2071 1239 2112 nunc
1247 2051 1427 2122 'Quinctium

380 2138 563 2201 accusando.
575 2139 618 2200 ita
631 2139 718 2201 irrito
729 2138 853 2217 incepto
864 2133 974 2198 Villius
986 2136 1026 2197 ad
1034 2136 1213 2206 Quinctium
1225 2157 1292 2199 sese
1303 2141 1428 2220 recepit.

378 2223 422 2288 At
436 2224 607 2302 Quinctius,
618 2224 731 2286 nuncio
745 2223 786 2285 ad
797 2232 956 2305 praetorem
967 2223 1070 2302 misso,
1081 2233 1117 2284 ut
1126 2222 1290 2288 reduceret
1300 2225 1425 2287 domum

378 2312 494 2393 copias,
509 2312 715 2394 ipse·navibus
731 2307 913 2372 Corinthum
928 2309 1029 2370 rediit.

420 2395 490 2459 XL.
513 2397 710 2459 Abstulenmt
726 2416 775 2458 me
793 2395 877 2457 velut
897 2395 936 2456 de
957 2395 1058 2477 spatio
1078 2393 1201 2459 Graeciae
1223 2417 1271 2458 res
1292 2399 1427 2460 inmixta

377 2482 555 2546 Romanise'
574 2505 637 2545 non
660 2483 734 2563 quia
752 2483 832 2564 ipsas
853 2501 953 2563 operas
973 2482 1104 2563 pretium
1123 2495 1205 2545 esset
1227 2485 1426 2566 perscribere,

377 2570 432 2632 sed
448 2571 519 2651 quia
538 2589 650 2631 caussae
669 2569 789 2630 lucrum
812 2587 881 2628 cum
900 2567 1055 2630 Antiocho
1075 2569 1157 2631 belli.
1201 2573 1228 2616 ³⁷
1241 2569 1426 2633 Consulibus
1527 2579 1529 2594 ⁵

378 2656 555 2737 designatis,
580 2652 664 2734 (inde
687 2673 818 2735 namque
843 2653 1034 2734 diverterem)
1064 2653 1099 2716 L.
1124 2655 1283 2726 Quinctius
1310 2670 1345 2720 et
1371 2656 1429 2718 Cn.

374 2741 528 2804 Domitius
556 2739 695 2804 consules
725 2741 757 2803 in
788 2741 957 2821 provincias
986 2739 1114 2823 profecti
1139 2755 1230 2804 sunt:
1257 2743 1428 2813 Quinctius

375 2829 407 2890 in
423 2826 558 2910 Ligures,
581 2825 734 2888 Domitius
757 2827 898 2888 adversus
919 2825 1032 2889 Boios(
1070 2826 1139 2889 Boii
1155 2829 1350 2909 quieverunts
1376 2840 1427 2892 at-

375 2934 435 2996 que
449 2915 543 2977 etiam
557 2925 680 2976 senatus
700 2933 804 2975 eorum
824 2932 894 2973 cum
914 2913 1028 2992 liberis,
1051 2926 1083 2976 et
1098 2916 1230 2997 praelecti
1244 2937 1318 2976 cum
1337 2917 1427 2998 equi·

374 3012 442 3062 tatu
460 2999 591 3080 (summa
610 3001 746 3061 omnium
766 2999 850 3060 mille
870 3009 902 3060 et
917 3001 1088 3083 quingenti)
1108 3002 1223 3062 consuli
1239 3002 1425 3065 dediderunt

373 3107 449 3148 sess.
497 3087 546 3148 Ab
571 3086 665 3149 altero
691 3086 813 3148 consule
840 3105 913 3166 ager
940 3083 1086 3167 Ligurum
1113 3086 1174 3148 late
1201 3099 1248 3150 est
1273 3101 1424 3168 vastatus,

372 3165 557 3254 castellaque
580 3173 697 3253 aliquot
714 3181 824 3253 capta:
848 3171 930 3232 unde
946 3192 1008 3233 non
1023 3171 1124 3254 prada
1138 3174 1231 3235 modo
1248 3176 1350 3236 omnis
1369 3195 1425 3256 ge-

370 3260 451 3322 neris
478 3279 546 3320 cum
568 3258 696 3341 captivis
721 3269 830 3340 parta,
851 3257 904 3318 sed
925 3259 1038 3340 recepti
1059 3279 1099 3339 qu
1140 3279 1177 3319 ue
1199 3261 1319 3342 aliquot
1346 3263 1423 3323 cives

369 3347 516 3426 sociique,
531 3347 582 3426 qui
599 3347 630 3406 in
644 3345 779 3406 hostium
790 3353 943 3426 potestate
954 3343 1083 3406 fuerant.
1157 3345 1247 3407 odem
1262 3348 1324 3408 hoc
1340 3367 1419 3408 anno

371 3428 521 3492 Vibonem
535 3431 655 3491 colonia
671 3430 804 3492 deducta
824 3441 871 3491 est
894 3429 957 3492 enh
975 3433 1240 3493 senatusconsulto
1263 3432 1421 3516 plebeique

371 3517 459 3578 scito.
475 3517 536 3577 tria
550 3516 647 3576 millia
661 3526 692 3576 et
707 3515 891 3597 septingenti
907 3516 1026 3599 pedites
1046 3516 1155 3594 iemnt,
1178 3521 1311 3580 trecenti
1333 3519 1420 3599 equi·
1524 3547 1525 3592 ς

370 3611 428 3662 tes.
480 3599 643 3662 Triumviri
663 3601 852 3662 deduxerunt
876 3623 938 3679 eos,
961 3601 1001 3671 Q.
1024 3601 1154 3680 Navius,
1181 3602 1228 3668 M.
1254 3604 1420 3682 Minucius,
1523 3673 1524 3676 Ἴ

689 3759 694 3768 ,
759 3723 771 3759 ¹¹
787 3741 812 3774 er
822 3725 866 3774 del.
879 3725 951 3775 Gran.
963 3726 1031 3778 Cres.

402 3813 424 3850 ²⁵
440 3813 564 3864 Arioniam
581 3814 668 3878 portas]
691 3814 746 3864 Non
765 3819 876 3878 ingressus
910 3817 968 3866 Hoec
979 3833 1032 3866 sane
1051 3819 1165 3868 conciliari
1182 3837 1229 3870 non
1247 3833 1347 3887 pnsum
1368 3839 1421 3874 curn

371 3889 406 3926 eet
426 3892 517 3942 portum
537 3879 661 3938 Romanus,
680 3882 719 3930 sed
740 3893 830 3930 mutum
849 3883 877 3929 erl
909 3882 936 3930 iis
955 3899 1006 3946 qua
1025 3901 1091 3948 supra
1110 3888 1182 3935 c.22.
1197 3889 1422 3938 etstan-ravit
1522 3899 1523 3902 ’

369 3944 564 3994 ostiumrccessit.
910 3948 994 3996 livius.
1027 3950 1077 4000 Illic
1095 3951 1159 3998 eninr
1175 3953 1242 4000 ambo
1259 3953 1370 4002 consules
1386 3955 1424 4001 di·

401 4007 424 4042 ⁸⁶
442 4007 552 4058 Romarm
569 4020 596 4058 ut
613 4010 720 4075 ingratos]
744 4012 809 4060 Male
826 4029 876 4061 orn-
907 4025 968 4062 terte
989 4029 1145 4064 memorantur
1167 4017 1263 4080 proiecti
1295 4021 1371 4082 primo
1397 4021 1423 4068 in

369 4073 424 4122 nino
445 4077 536 4138 quidam
558 4077 613 4124 editi
635 4085 663 4124 ut
684 4079 785 4138 integros.
824 4079 875 4127 er
907 4079 1047 4142 provinciam
1065 4098 1120 4129 mox
1140 4080 1252 4131 Oruntius
1271 4083 1300 4130 ad
1317 4084 1425 4132 habenda

369 4153 497 4189 oomexerat
509 4157 537 4190 ex
549 4145 679 4205 conjectura
691 4142 813 4202 Sigonius:
836 4144 875 4191 lir-
907 4147 998 4194 comitia
1019 4161 1132 4195 novorum
1155 4149 1277 4197 contulum
1298 4162 1424 4198 moestus

369 4213 433 4252 mant
452 4206 552 4254 marea
571 4208 642 4256 editio
659 4218 685 4255 et
704 4205 767 4256 Vict.
785 4210 874 4258 codex:
907 4209 1012 4258 Romam.
1046 4213 1143 4275 Reliqua
1161 4215 1288 4262 consenex
1305 4215 1424 4263 hocloco

367 4266 406 4318 hic
425 4269 494 4317 etiam
515 4273 601 4321 omittit
620 4272 756 4337 particulam
768 4281 811 4332 at,·
826 4275 875 4324 cle-
907 4291 960 4323 cum
970 4292 992 4324 c.
1001 4279 1039 4324 22.
1053 4293 1080 4325 eo
1091 4277 1169 4340 procul
1179 4279 1249 4326 dubio
1258 4280 1424 4343 deprehendes

367 4343 455 4392 genten
714 4337 720 4356 ¹
810 4339 812 4346 '
906 4341 1002 4390 hicnon
1016 4340 1172 4399 immeritam
1191 4358 1216 4390 re
1235 4345 1332 4406 quidem
1347 4346 1425 4409 tenui,

399 4397 421 4434 ³⁷
441 4397 753 4468 Canulilnadar'gaatb..L.
770 4403 875 4459 Quintius
907 4408 972 4473 argui
983 4423 1047 4472 posse
1060 4407 1148 4459 livium
1160 4409 1320 4472 indiligentia.

367 4470 388 4510 et
405 4459 446 4517 ca.
464 4461 573 4517 Danaam
588 4474 683 4520 consul«
699 4471 725 4518 ia
740 4471 874 4538 provincius]
