3110 5204
403 393 841 461 mammiacnnxvr.
1092 406 1163 482 ιοιλ

98 550 267 616 confestim
294 549 416 634 agmine
439 551 552 634 duplici
577 553 724 634 sequitur.
766 550 857 614 Parte
881 571 943 616 una
965 553 1144 616 mercenarii
1158 566 1296 618 tuceta

96 639 215 702 milites
231 639 319 701 ibant
333 659 403 700 cum
419 637 479 698 levi
495 650 659 717 armatura,
674 641 700 679 ⁶⁸
716 639 815 701 altera
828 637 965 720 clipeati,
981 638 1051 700 dein
1067 639 1142 702 alia·
1156 634 1187 686 A.
1199 632 1228 684 C·
1240 633 1294 684 197.
1315 688 1318 697 .

96 745 171 788 rum
197 725 336 807 gentium
361 724 511 788 exercitus
538 725 629 787 robur
650 738 725 787 crat.
768 723 840 788 Jam
856 725 939 787 haud
953 726 1058 807 procul
1073 749 1142 790 cas-

96 812 158 874 tris
173 813 303 876 aberant
326 811 444 894 pedites
463 810 652 892 equitesque,
678 823 711 872 et
731 808 887 874 Thracum
902 811 1027 893 quidam
1042 813 1074 875 in
1089 835 1141 876 va·
1157 865 1160 874 .

97 918 158 982 gos
175 899 356 982 palatosque
371 917 425 981 per
441 917 530 980 agros
545 898 649 960 hostes
673 900 700 937 ⁶⁹
713 896 850 980 inpetum
874 898 1025 978 fecerunt,
1047 921 1141 981 quum

95 1006 206 1068 repens
222 998 319 1048 terror
334 985 443 1048 castris
458 983 593 1047 infertur.
636 980 804 1066 Trepidare
819 985 892 1064 dux,
913 997 948 1049 ut
972 989 1023 1067 qui
1039 987 1141 1050 hostes
1228 1047 1229 1050 ,

93 1092 260 1154 nusquam,
282 1073 340 1134 nisi
356 1092 424 1134 raro
439 1071 470 1132 in
486 1070 613 1134 collibus
628 1082 700 1132 aute
716 1067 892 1154 Sicyonem,
917 1094 979 1134 non
995 1074 1141 1138 audentes

97 1179 212 1240 agmen
237 1157 399 1222 demittere
424 1157 454 1219 in
480 1178 616 1240 campos,
638 1157 784 1234 vidisset3
816 1158 857 1220 ad
872 1157 1002 1222 Cleonas
1018 1161 1142 1242 quidem

96 1264 273 1308 accessuros
288 1245 658 1327 numquamcredidisset,
682 1243 814 1307 revocari
841 1246 915 1307 tuba
934 1245 1023 1328 jubet
1047 1267 1141 1329 vagos

96 1351 119 1394 a
132 1332 239 1395 castris
255 1331 401 1414 dilapsos.
446 1329 526 1414 lpse,
547 1331 660 1415 raptim
676 1351 784 1413 capere
809 1351 895 1392 arma
915 1329 1009 1412 jussis
1036 1334 1141 1395 militi-

95 1417 168 1497 bus,
190 1420 371 1503 infrequenti
386 1418 508 1500 agmine
523 1431 613 1501 porta
627 1438 776 1499 egressus,
802 1419 828 1463 ⁷⁰
845 1437 935 1499 super
959 1417 1071 1482 flumen
1092 1421 1141 1482 in-

97 1506 193 1568 struit
207 1508 315 1569 aciem.
361 1505 477 1568 Ceterae
491 1505 597 1586 copiae,
615 1506 667 1566 vix
682 1504 801 1585 conlegi
817 1515 909 1584 atque
925 1504 1031 1568 instrui
1047 1527 1140 1588 quum

96 1591 287 1672 potuissent,
309 1593 439 1676 primum
464 1591 598 1654 hostium
613 1591 752 1674 inpetum
767 1611 828 1652 non
844 1588 987 1653 tulerunt.
1032 1590 1139 1654 Mace·

97 1676 199 1740 dones
215 1689 249 1741 et
262 1681 392 1744 marrime
413 1679 551 1742 omnium
576 1678 752 1760 frequentes
776 1677 817 1739 ad
841 1677 929 1760 signa
954 1677 1085 1758 fuerant,
1108 1690 1141 1742 ct

97 1761 157 1826 diu
173 1767 336 1848 ancipitem
359 1765 492 1829 victoria
508 1786 594 1847 spem
610 1764 772 1828 fecerunt:
796 1775 951 1846 postremo
966 1764 1040 1847 fuga
1054 1777 1140 1828 cete·

95 1869 206 1912 rorum
220 1853 336 1931 nudati,
350 1873 442 1936 quum
457 1852 523 1914 dum
533 1850 600 1932 jam
615 1852 697 1914 acies
711 1851 846 1915 hostium
861 1871 900 1912 ex
916 1850 1044 1933 diverso,
1066 1852 1139 1914 levis

97 1949 258 2003 armatura
272 1940 311 2000 ab
336 1939 440 2016 latere,
466 1938 591 2020 clipeati
615 1937 792 2018 caetratique
808 1960 827 1999 a
842 1937 943 2000 fronte
954 1950 1118 2019 arguerent
1128 1960 1140 2016 3

96 2023 216 2105 stipsi,
241 2045 274 2085 re
288 2025 445 2100 inclinata,
471 2025 570 2108 primo
594 2025 723 2086 retulere
749 2022 880 2104 pedem:
904 2023 1015 2089 deiude
1029 2025 1140 2107 inpulsi

95 2117 186 2190 terga
198 2123 332 2189 vertunt,
354 2123 386 2174 ct
411 2112 558 2194 plerique,
585 2108 710 2190 abjectis
726 2109 830 2188 armis,
856 2108 939 2172 nulla
953 2131 1007 2192 spe
1022 2123 1140 2173 castro*

96 2214 164 2256 rum
178 2197 405 2261 tenendorum*
420 2197 535 2274 relicta,
551 2189 733 2259 Corinthum
749 2196 913 2278 petierunt.
938 2193 1141 2276 Nicostratus,

94 2284 296 2346 mercenariis
311 2284 458 2347 militibus
474 2280 514 2345 ad
528 2282 585 2345 hos
610 2282 844 2365 persequendos,
866 2282 1018 2364 equitibus
1040 2283 1141 2346 Thra·

95 2387 228 2450 cumque
251 2369 371 2433 auxiliis
387 2371 418 2432 in
433 2369 630 2452 populatores
653 2369 717 2451 agri
740 2366 864 2452 Syconii
887 2370 998 2447 missis,
1017 2372 1042 2416 ⁷¹
1054 2391 1153 2451 mag·,

93 2473 169 2516 nam
183 2455 298 2538 ubique
312 2455 426 2517 mem
442 2455 557 2517 edidit:
580 2451 727 2534 majorem
741 2475 849 2537 prope,
871 2476 962 2537 quarn
982 2458 1014 2518 in
1033 2453 1141 2540 proelio

94 2537 174 2621 ipso.
200 2539 267 2604 ‘Ex
290 2541 328 2604 iis
353 2561 483 2624 quoque,
507 2541 558 2622 qui
579 2537 722 2604 Pellenen
744 2539 944 2622 Phliuntaque
966 2542 1142 2626 depopulati

94 2637 195 2704 erant,
233 2626 429 2710 incompositi
458 2628 569 2710 partim
600 2627 797 2708 omniumque
826 2628 934 2709 ignari,
972 2629 1011 2690 ad
1040 2641 1142 2692 castra

92 2723 293 2791 revertentes,
313 2713 347 2782 in
372 2713 507 2776 hostium
530 2712 691 2792 stationes,
714 2728 871 2796 tamquam
894 2715 926 2776 in
949 2737 1030 2794 suas,
1051 2715 1139 2778 inlati

95 2809 190 2877 sunt3
212 2800 337 2881 partim,
362 2822 401 2863 ex
417 2800 554 2863 discursu
567 2799 610 2877 id,
636 2800 812 2881 quoderat,
827 2801 984 2883 suspicati,
1004 2805 1032 2848 ⁷²
1049 2803 1094 2864 ita
1107 2823 1139 2863 se

92 2881 128 2945 in
143 2883 249 2966 fugam
264 2885 378 2968 passim
394 2896 577 2968 sparserant,
599 2896 635 2947 ut
657 2885 697 2946 ab
722 2886 795 2969 ipsis
820 2888 990 2968 agrestibus
1005 2901 1140 2954 amantes

93 2970 396 3036 circumvenirentur.
441 2970 628 3034 Ceciderunt
653 2992 691 3034 eo
722 2971 770 3034 die
800 2973 883 3054 mille
913 2987 945 3037 et
971 2976 1141 3059 quingenti,

92 3058 182 3140 capti
198 3057 337 3120 trecenti.
379 3057 500 3120 Achaia
514 3058 613 3119 omnis
629 3077 742 3139 magno
758 3059 886 3123 liberata
900 3073 995 3126 metu.

136 3140 418 3225 XVI..Priusquam
434 3143 630 3206 dimicaretur
645 3144 685 3205 ad
700 3141 958 3228 Cynoscephalas,
971 3146 1006 3210 L.
1022 3148 1138 3220 Quinc·
1150 3174 1295 3230 amm„

89 3229 167 3307 tius,
201 3227 366 3311 Corcyram
391 3229 500 3291 excitis
525 3228 721 3290 Acarnanum
751 3232 948 3314 principibus,
981 3256 1046 3316 quae
1072 3239 1205 3304 solarem
1214 3243 1287 3294 socie·

86 3313 220 3378 Gracia
232 3315 368 3396 gentium
390 3316 422 3376 in
445 3314 592 3377 societate
608 3312 816 3377 Macedonum
833 3331 998 3396 manserat,
1014 3321 1135 3388 initium
1149 3316 1221 3356 *Μ
1232 3308 1281 3359 ⁸⁰·

87 3399 253 3482 quoddam
270 3401 311 3463 ibi
326 3409 427 3463 motus
441 3401 526 3464 lecit.
569 3398 647 3461 Dure
662 3412 765 3463 autem
790 3402 923 3466 maxime
947 3426 1059 3472 caussae
1082 3385 1237 3504 eosssssm
1248 3389 1287 3428 ω’

87 3498 257 3552 tenuerant
272 3487 303 3551 in
326 3487 463 3554 amicitia
483 3486 589 3568 regis,
622 3505 685 3554 una
710 3486 784 3557 fides
808 3488 899 3564 insita
921 3494 1016 3584 genti,
1039 3496 1135 3570 altera

1312 808 1323 842 l

453 3705 464 3734 ¹
478 3703 607 3758 tumorum
617 3707 775 3771 Gronccrer,

70 4254 178 4327 genera?
194 4195 307 4338 &intpp
319 4196 584 4327 nibilubtppaurrmmrbbudi
616 4208 674 4322 virito.
688 4209 944 4342 Sffleytqmssyusypr
950 4219 1124 4344 maffia&

70 4445 243 4525 Μ
260 4411 584 4522 ,hamran
614 4409 853 4519 ”arima

70 4509 124 4566 dea
141 4512 240 4568 worm
256 4521 365 4588 gattam
378 4537 463 4594 canpe
478 4525 584 4595 clypeati,
615 4529 827 4591 emeniariuv·
