3100 5194
428 415 506 482 bill.
521 415 652 483 xxxu.
673 417 753 483 CAP.
775 417 875 483 XXII.
1129 428 1168 488 69

114 571 134 632 .‘'
143 573 297 660 coeperint
311 576 499 663 obpugnare,
514 579 545 642 in
561 579 795 643 mediterraneas
809 579 995 646 scilicet'nos
1011 583 1099 645 urbes
1114 605 1161 647 re-
1179 591 1209 641 U.
1220 591 1248 642 C.
1259 591 1319 642 55⁴2

116 661 129 696 ⁸
145 661 317 746 cipiemus?
342 676 498 747 tamquam
510 666 730 737 uonintestino
741 681 773 730 et
785 667 916 731 haerente
933 670 964 731 in
979 669 1052 752 ipsis
1066 670 1163 742 viace-¹
1174 657 1243 708 Μ·
1258 657 1314 709 ¹⁹⁸·

115 747 228 811 ‘ribus
252 771 373 814 uramur
394 751 497 817 bello?
521 751 622 823 Quum
647 763 731 816 terra
746 751 847 818 Nabis
872 768 905 818 et
927 755 1161 837 Lacedaemonii,

118 834 130 867 ‘
146 837 224 897 mari
239 835 380 900 Romana
393 838 497 902 classis
512 839 702 921 urguebunt:
724 841 807 903 unde
817 841 930 924 regiam
941 844 1119 907 societatem
1131 857 1162 908 et

118 919 287 1004 ‘presidia
310 921 516 988 Macedonum
542 925 712 1010 inplorem?
736 948 775 989 an
797 929 855 1010 ipsi
873 923 984 991 nostris
1006 931 1097 993 armis
1121 933 1161 994 ab

118 1006 131 1042 ‘
146 1009 237 1072 boote
253 1009 393 1074 Romano
404 1012 572 1075 tutabimur
583 1013 683 1091 urbes,
696 1033 761 1098 que
773 1009 1050 1098 obpugnabuntur?
1074 1037 1161 1100 egre·

119 1092 197 1177 ‘gie
212 1098 295 1160 enim
309 1096 426 1184 Dymos
440 1098 630 1181 priorebello
645 1119 748 1165 sumus
762 1103 865 1165 tutati.
881 1135 885 1144 ·
909 1101 989 1166 Satis
1004 1105 1161 1188 exemplo·

119 1180 213 1243 ‘nrm
231 1183 320 1246 nobis
340 1183 444 1247 alienae
467 1185 570 1248 clades
591 1187 745 1270 p'raebent:
769 1209 807 1250 ne
824 1208 1000 1270 (luseramus,
1015 1193 1161 1274 quemad-

119 1265 130 1298 ‘
147 1269 274 1332 modum
289 1273 398 1334 ceteris
413 1271 553 1356 exemplo
568 1273 671 1335 simus.
715 1271 829 1352 Nolite,
850 1277 920 1358 quia
933 1277 1013 1356 ultro
1029 1275 1161 1342 Romani

120 1351 131 1384 ‘
146 1367 259 1438 petunt
281 1357 457 1436 amicitiam,
479 1357 521 1438 id,
537 1360 620 1440 quod
635 1361 802 1441 optandum
817 1362 902 1423 vobis
918 1365 954 1424 'ac
969 1383 1087 1425 summa
1102 1387 1161 1448 ope

122 1440 311 1524 ‘petendum
335 1457 411 1524 erat,
437 1443 584 1507 fastidire.
606 1457 690 1507 metu
711 1446 792 1508 enim
806 1447 946 1509 videlicet
965 1451 1113 1530 compulsi
1129 1451 1161 1513 in

114 1525 131 1574 ·‘
146 1529 248 1592 aliena
261 1541 351 1609 terra,
363 1531 434 1612 quia
455 1531 511 1592 sub
533 1532 640 1595 umbra
655 1531 758 1594 auxilii
775 1534 867 1594 vestri
883 1533 976 1595 latere
989 1535 1106 1612 volunt,
1128 1537 1161 1598 in

118 1612 130 1643 ‘
145 1616 324 1678 societatem
334 1629 464 1680 vestram
480 1618 667 1700 confugiunt,
683 1629 717 1680 ut
728 1620 874 1701 portubus
888 1621 994 1682 vestris
1009 1621 1161 1704 recipian-

114 1697 131 1758 .‘
147 1713 211 1777 tur,
232 1715 266 1765 ut
284 1704 503 1767 commeatibus
517 1715 652 1768 utantur.
696 1702 785 1767 Mare
804 1706 835 1766 in
855 1718 1008 1788 potestate
1023 1708 1159 1786 babent3

119 1785 132 1818 ‘
148 1799 257 1868 terras,
272 1809 474 1872 quascumque
498 1789 620 1869 adeunt,
641 1786 796 1875 extemplo
810 1791 935 1855 ditionis
955 1813 1014 1854 suae
1031 1793 1160 1858 faciunt.

118 1871 130 1906 ‘
146 1873 239 1946 Quod
254 1887 373 1958 rogant,
387 1898 496 1960 cogere
509 1889 656 1960 possunt:
679 1879 752 1960 quia
766 1879 936 1962 pepercisse
945 1880 1060 1958 volunt,
1075 1902 1161 1943 com-

117 1958 128 1991 ‘
144 1961 269 2024 mittere
282 1985 348 2044 vos,
363 1985 417 2026 cur
430 1964 572 2048 pereatis,
589 1985 650 2026 non
666 1966 830 2046 patiuntur.
873 1963 955 2026 Nam
971 1965 1054 2047 quod
1068 1965 1160 2030 Cleo·

118 2045 129 2078 ‘
143 2048 259 2112 medon
282 2051 386 2130 modo,
407 2063 563 2132 tamquam
587 2051 720 2114 mediam
735 2062 766 2113 et
779 2051 961 2114 tutissimam
980 2051 1066 2113 vobis
1080 2053 1161 2116 mam

118 2133 277 2216 ‘consilii,
299 2149 334 2200 ut
348 2138 539 2222 quiesceretis
563 2137 811 2222 abstineretisque
834 2138 934 2215 armis,
959 2137 1159 2217 ostendebat3

118 2219 130 2252 ‘
144 2241 184 2282 ea
198 2241 261 2284 non
273 2222 385 2302 media,
396 2225 450 2289 sed
463 2223 548 2285 nulla
557 2224 607 2286 via
620 2236 677 2286 est.
719 2223 853 2302 Etenim,
869 2233 1066 2305 praeterquam
1080 2227 1162 2307 quod

109 2305 129 2362 .‘
144 2317 199 2370 ant
213 2311 401 2394 accipienda,
416 2322 471 2375 aut
484 2309 696 2392 adspemanda
707 2311 791 2372 vobis
803 2297 943 2371 Romulia
956 2310 1088 2373 societas
1103 2307 1160 2391 est,

112 2393 132 2446 ·‘
146 2395 219 2476 quid
235 2397 319 2460 aliud
334 2417 423 2480 quam
440 2401 587 2480 nusquam
608 2397 708 2479 gratia
728 2394 841 2472 stabili,
855 2397 938 2458 velut
952 2399 1002 2478 qui
1019 2410 1161 2460 eventum

119 2481 439 2566 ‘exspectaverimuq¹
452 2493 488 2546 ut
507 2483 637 2546 fortunae
657 2482 1002 2566 adplicaremusnostra
1022 2483 1159 2560 consilia,

117 2568 129 2600 ‘
143 2569 246 2651 praeda
260 2569 381 2633 victoris
392 2571 522 2632 erimus?
547 2568 662 2648 Nolite,
674 2570 714 2648 si,¹
720 2567 801 2652 quod
813 2569 952 2630 omnibus
962 2568 1040 2630 votis
1051 2579 1159 2650 peten-

108 2652 128 2686 '‘
143 2653 216 2717 dum
236 2667 312 2735 erat,
339 2657 420 2719 ultro
439 2657 583 2736 obiertur,
606 2656 752 2718 fastidire.
796 2653 879 2734 Non,
904 2655 1159 2738 quemadmodum

119 2741 238 2805 ‘bodie
259 2754 420 2828 utmmque
434 2743 518 2805 vobis
533 2742 615 2821 licet,
641 2743 684 2804 sic
705 2760 824 2824 semper
845 2742 998 2834 licitprum
1018 2753 1076 2803 est.
1101 2763 1159 2802 nec

110 2829 129 2877 ι(
144 2851 234 2914 sepe,
249 2849 307 2893 nec
322 2830 375 2892 diu
390 2829 496 2892 eadem
507 2830 632 2891 ¹occasio
648 2828 723 2890 erit·
760 2827 902 2891 liberare
917 2850 969 2889 vos
984 2849 1003 2889 a
1018 2825 1159 2910 Philippo

119 2914 261 2998 ‘jamdiu
283 2917 381 2997 magis
396 2915 495 2993 vultis,
520 2935 610 2998 quam
630 2913 757 2977 audetis.
802 2911 874 2977 Sine
894 2926 994 2976 vestro
1009 2913 1112 2975 labore
1127 2925 1160 2976 et

118 3003 127 3036 ‘
143 3001 280 3086 periculo
292 3003 343 3085 qui
355 3023 408 3064 vos
420 3003 451 3064 in
467 3002 638 3064 libertatem
649 2999 847 3080 vindicarent,
863 3021 932 3062 cum
947 2999 1065 3082 magnis
1079 2999 1158 3061 clas-

119 3089 226 3151 ‘sibus
247 3090 488 3172 exercitibusque
509 3110 592 3151 mare
614 3087 808 3170 trajecemnt.
852 3085 920 3149 Hos
942 3087 967 3148 si
987 3087 1086 3148 socios
1102 3085 1157 3150 ad-

118 3177 343 3258 ‘spemamini,
367 3177 417 3238 vix
441 3196 521 3238 sanae
545 3175 657 3237 mentis
681 3175 772 3236 estis:
804 3174 869 3251 sed,
895 3183 948 3236 aut
972 3173 1081 3251 socios,
1104 3185 1158 3234 aut

118 3262 129 3297 ‘
144 3261 251 3324 hostes
262 3264 410 3340 babeatis,
426 3261 567 3347 oportet!
925 3299 952 3346 ,ι

160 3345 268 3412 XXll.
290 3347 461 3412 Secundum
477 3349 647 3413 orationem
662 3347 797 3429 praetoris
813 3365 948 3408 murmur
964 3353 1065 3408 ortum
1080 3341 1156 3404 alio·

116 3456 185 3498 rum
212 3455 280 3498 cum
305 3436 442 3515 adsensu,
465 3437 592 3497 aliomm
616 3433 814 3495 inclementer
837 3430 1039 3492 adsentientes
1058 3429 1156 3492 incre·
1169 3427 1290 3510 3³in

104 3521 267 3606 jpantium.
289 3533 321 3585 et
332 3521 397 3605 jam
408 3544 470 3583 non
481 3520 592 3603 singuli
603 3530 733 3594 tantum,
744 3518 797 3580 sed
812 3517 917 3603 populi
928 3517 1067 3595 universi,
1079 3516 1158 3579 inter
1170 3496 1274 3610 zm*

104 3631 150 3675 ‚se
165 3610 406 3674 altercabantur:
430 3620 496 3670 tum
517 3609 597 3670 inter
615 3607 811 3688 magistratus
835 3605 935 3688 gentis
953 3601 1159 3684 (damiurgos¹
1261 3599 1290 3616 ⁶

115 3708 247 3758 vocantr
271 3693 378 3757 dece'm
402 3715 527 3758 numero
551 3693 703 3772 creantur)
730 3703 884 3754 certamen
907 3690 1004 3776 nibilo
1025 3691 1157 3770 segnius,

102 3799 213 3864 'quam
226 3783 305 3844 inter
321 3781 560 3859 multitudinem,
583 3801 659 3842 esse.
681 3779 813 3862 quinque
834 3777 980 3839 relaturos
1004 3775 1089 3836 sede
1106 3796 1158 3835 so·
1225 3779 1229 3788 “

116 3870 230 3932 cietate
252 3867 395 3930 Romana
414 3869 558 3946 aiebant„
569 3867 595 3907 ⁸⁵
608 3865 841 3946 suffragiumque
857 3863 1002 3924 daturos:
1027 3861 1159 3942 quinque

116 3956 187 4037 lege
202 3964 324 4015 cautum
344 3955 544 4030 testabantur,
564 3955 589 3992 ⁸⁶
599 3971 638 4013 ne
654 3950 738 4032 quid,
753 3950 854 4031 quod!
870 3949 1009 4010 adversus
1025 3943 1157 4026 Philippi

104 4042 299 4117 ,societatem
309 4036 400 4120 esset,
413 4051 467 4103 aut
481 4039 588 4102 referre
599 4037 835 4120 magistratibus,
846 4045 900 4097 aut
913 4033 1074 4094 decernere
1083 4049 1158 4091 cona

115 4128 188 4190 cilio
199 4126 251 4209 jus
267 4138 358 4190 esset.
403 4124 464 4188 Hic
479 4145 598 4208 quoque
613 4125 677 4186 dies
686 4123 794 4206 jurgiis
809 4132 856 4183 est
869 4129 1055 4182 consumtus.
1099 4111 1157 4177 Su-

118 4225 241 4296 pererat
254 4235 331 4276 turus
343 4212 418 4294 justi
434 4211 555 4276 concilii
572 4212 656 4274 dies:
684 4209 789 4291 (tertio
802 4207 884 4270 enim
899 4206 949 4266 lex
959 4202 1087 4286 jubebat
1103 4200 1157 4265 de·

242 4375 246 4384 ὶ
282 4319 584 4386 ¹demtzeg.croa.crer.
641 4317 645 4324 '
735 4313 851 4390 l'mquod
860 4309 997 4360 cdu.Gmu·

149 4411 173 4444 ⁸⁵
185 4409 399 4476 {suffragiumque
412 4407 512 4472 ἀαιιινω]
531 4409 561 4458 Et
580 4409 622 4458 da·
687 4403 709 4442 ω
720 4401 905 4467 Nequidquam]
924 4397 1157 4450 MondalaaGro-

117 4485 183 4524 tutos
200 4477 336 4530 musaeu
355 4477 449 4530 terendi
469 4489 623 4545 superenne
654 4471 722 4521 mulo
733 4470 873 4545 reposuimus
883 4469 944 4544 qaid,
959 4467 1068 4544 omissum
1078 4464 1102 4514 in
1118 4478 1158 4518 te·

116 4539 226 4635 remigii.
655 4535 792 4599 centurbio
802 4531 1046 4608 aquaeductorum.
