3038 5200
375 377 431 454 ns
792 366 877 428 urar
895 366 997 459 mvn

207 542 352 599 n.c.557.
373 525 456 587 ribus
479 525 582 588 vetitis
607 524 793 588 linimentum
818 543 936 606 parare,
961 541 997 584 ac
1017 519 1148 584 &mam
1171 518 1315 598 dimissis,
1328 517 1423 582 ‘ilel-

206 609 276 661 A·0·
289 611 344 662 ¹9⁵·
373 609 460 688 lum,’¹
476 612 585 694 inquit,
600 611 652 673 ‘se
667 611 766 694 ipsum
781 608 863 672 alet?
908 607 1067 672 Profectus
1091 609 1130 669 ab
1150 605 1303 689 Emporiis
1333 627 1440 688 agros⁸

375 698 510 760 bostium
524 698 586 760 urit
598 708 776 779 vastatque:
800 695 904 758 omnia
918 695 991 776 iuga
1005 705 1166 757 attestare
1181 692 1330 774 complet.

206 787 335 838 Celtiberos
391 783 458 846 ·X.
479 781 597 846 Eodem
624 795 764 866 tempore
793 779 841 844 M.
866 779 989 858 Helvio,
1016 779 1178 843 decedenti
1207 799 1248 842 ex
1276 777 1423 844 ulteriore

206 852 305 967 {⁴¹:2⁴⁸
374 867 617 952 Hispaniarum
640 869 781 952 prasidio
806 887 860 931 sex
886 867 1026 946 millium,
1053 866 1127 930 dato
1153 867 1192 927 ab
1209 863 1273 947 Ap.
1289 863 1425 928 Claudio

279 952 286 967 ⁸
374 968 515 1040 praetore,
540 953 684 1016 Celtiberi
711 953 832 1036 agmine
859 953 975 1036 ingenti
987 954 1038 1016 ⁴ad
1057 951 1205 1036 oppidum
1220 948 1351 1032 illiturgi
1367 953 1421 1014 ob-

374 1050 532 1104 currerunt
542 1050 564 1100 ¹.
607 1037 725 1122 Viginti
746 1040 843 1102 millia
864 1050 1050 1102 armatorum
1073 1039 1175 1116 ferisse,
1190 1035 1332 1100 Valerius
1347 1037 1422 1100 scri-

373 1127 438 1204 bit3
462 1125 623 1188 duodecim
648 1125 743 1186 millio
765 1146 804 1186 ex
829 1125 866 1186 iis
889 1146 977 1204 casa,
1001 1125 1147 1207 oppidum
1164 1121 1295 1204 illiturgi
1315 1143 1423 1204 recep.

373 1223 451 1290 tum,
466 1223 497 1274 et
511 1213 639 1294 puberes
654 1227 760 1273 omnes
775 1210 963 1272 interiectos.
1007 1209 1083 1272 Inde
1098 1209 1148 1294 'ad
1171 1219 1273 1270 eastra
1289 1206 1420 1270 Catonis

271 1331 278 1342 ·
374 1295 501 1360 Helvius
516 1296 664 1378 pervenit.
679 1307 723 1372 ct,
742 1294 814 1378 quia
837 1305 905 1357 tuta
922 1294 989 1378 jam
1013 1297 1051 1358 ab
1076 1294 1214 1356 hostibus
1236 1294 1324 1375 regio
1345 1307 1422 1374 erat,

372 1383 560 1466 prasidio'iu
573 1381 748 1444 ulteriorem
764 1378 948 1463 Hispaniam
968 1381 1104 1458 remisso,
1127 1379 1259 1442 Romam
1281 1391 1329 1442 est
1351 1400 1420 1461 pro-

373 1469 485 1548 iectus,
512 1480 544 1530 et
568 1468 607 1529 ob
632 1488 696 1529 rem
720 1467 849 1530 feliciter
870 1476 1104 1547 gestamovans
1119 1466 1226 1528 urbem
1240 1477 1290 1528 est
1304 1466 1421 1547 ingres-

374 1576 435 1618 sus.
479 1556 506 1592 ⁴²
515 1553 645 1634 Argenti
668 1553 773 1616 iniecti
797 1553 869 1616 tulit
892 1552 924 1613 in
946 1552 1081 1614 ararium
1094 1551 1336 1632 .quatuordeeim
1353 1553 1420 1614 mil-

373 1641 417 1702 lia
438 1639 542 1723 pondo
564 1639 759 1720 septingenta
780 1639 917 1720 triginta·
931 1637 1012 1700 duo:
1036 1649 1069 1702 et
1083 1641 1110 1676 ⁴³
1120 1639 1231 1718 signati
1244 1639 1420 1719 bigatorum

373 1725 593 1807 septemdecim
608 1725 705 1786 millia
717 1725 825 1806 viginti
845 1725 904 1786 tria
915 1746 933 1784 :.
946 1739 979 1787 et
992 1727 1019 1764 ⁴⁴
1030 1723 1173 1786 Oscensis
1188 1725 1332 1806 argenti·
1347 1745 1418 1792 cens

372 1822 438 1874 tum
461 1810 683 1892 vigintimillia
703 1812 941 1893 quadringentos
962 1810 1090 1893 triginta
1104 1820 1186 1872 octo.
1231 1809 1351 1874 Caussa
1365 1812 1418 1872 tri.

373 1897 480 1979 umphi
495 1896 627 1978 negandi
642 1898 760 1960 senatui
777 1897 845 1976 luit,
860 1897 941 1980 quod
955 1898 1056 1960 alieno
1072 1895 1209 1978 auspicio
1224 1896 1303 1958 etin
1319 1897 1422 1960 aliena

371 1983 527 2064 provincia
548 1994 723 2066 pugnssset.
767 1982 911 2046 Ceterum
926 1983 1049 2046 biennio
1064 1994 1135 2065 post
1150 1981 1293 2058 redierat,
1314 2003 1419 2063 quum,

372 2069 566 2150 ⁴⁴provincis
594 2071 762 2132 successori
792 2069 831 2141 Q.
862 2069 1017 2132 Minucio.
1032 2070 1155 2147 tradita,
1190 2088 1306 2132 annum
1336 2069 1417 2136 inse,-

372 2166 517 2238 quentem
533 2166 669 2218 retentus
692 2157 732 2218 ibi
746 2156 849 2238 ·longo
872 2167 905 2218 et
925 2157 1008 2238 gravi
1024 2155 1132 2218 morbo
1146 2153 1264 2218 fuisset.
1307 2153 1419 2236 iraque

373 2239 489 2304 duobus
517 2241 608 2303 modo
636 2243 787 2304 mensibus
814 2253 884 2306 ante
910 2241 1036 2304 Helvius
1057 2262 1150 2304 ovans
1172 2243 1277 2305 urbem
1299 2253 1346 2303 est
1369 2243 1419 2304 in·

204 2333 357 2385 Manlia-l·
372 2347 503 2408 gressus,
540 2348 631 2409 quam
667 2349 822 2392 successor
858 2327 922 2410 ejus
953 2328 991 2399 Q.
1020 2326 1175 2390 Minucius
1190 2327 1420 2409 ·triumpharee

202 2399 311 2466 ¹²⁴¹th
371 2411 435 2475 Hic
461 2433 581 2494 quoque
608 2414 678 2476 tulit
703 2418 730 2455 ⁴⁴
741 2415 859 2497 argenti
886 2414 989 2498 pondo
1014 2415 1141 2496 triginta
1166 2425 1297 2495 quatuor
1322 2412 1419 2474 millia

371 2499 560 2580 octingenta,
572 2502 598 2546 ⁴⁷
608 2499 780 2580 bigatorum
795 2503 992 2584 septuaginta
1005 2512 1078 2564 octo
1093 2500 1199 2578 millia,
1214 2511 1247 2562 et
1261 2502 1288 2538 ⁴⁸
1299 2497 1417 2582 Oscen-

371 2585 413 2648 sis
429 2585 547 2665 srgenti
562 2584 695 2648 ducenta
710 2587 905 2669 septuaginta
918 2598 990 2650 octo
1006 2588 1111 2650 millia.

202 2675 313 2756 Bergae·
412 2668 470 2731 Xl.
497 2668 532 2730 ln
560 2667 711 2752 Hispanis
736 2673 858 2735 interim
884 2675 990 2736 consul
1021 2674 1103 2736 baud
1125 2674 1226 2757 procul
1255 2673 1436 2754 Emporiis.

199 2741 337 2856 ᾗᾞῗ·
370 2767 472 2818 castra
492 2754 637 2818 habebat.
680 2757 727 2820 Eo
752 2747 846 2840 legati
869 2772 930 2824 tres
953 2762 992 2822 ab
1013 2759 1176 2843 llergetum
1197 2759 1302 2842 regulo
1317 2757 1420 2824 Bilis-

202 2881 295 2935 ,mfflg
371 2854 453 2924 tage,
468 2842 500 2904 in
516 2842 624 2923 quibus
639 2863 715 2906 unus
731 2844 810 2908 lilius
825 2859 902 2926 erat,
913 2859 1071 2926 venerunt,
1086 2855 1254 2927 querentes,
1265 2845 1275 2878 ‘
1285 2843 1422 2906 castella

369 2963 509 3013 *meins
518 2963 587 3015 Cres.
640 2969 749 3030 ⁸erigenti
758 2969 838 3032 ciginn'
847 2961 920 3017 millib
929 2969 1089 3034 podringenta
1099 2969 1195 3033 agius
1204 2979 1250 3015 octe
1260 2965 1337 3014 Grcn.
1348 2964 1421 3014 Cres.

400 3069 424 3106 44
438 3071 554 3133 Argenti.
573 3105 580 3118 .
600 3102 607 3115 .
626 3053 788 3130 buatuordecirn
807 3072 877 3120 millia
908 3073 971 3134 genti
981 3069 1059 3131 uiginti
1074 3071 1145 3119 millia
1164 3070 1239 3134 pondo
1256 3069 1419 3132 quadringente

364 3135 437 3196 pendo'
455 3136 590 3197 septingenta
612 3133 707 3196 triginta
732 3133 788 3200 dua]
815 3133 877 3184 seti-
908 3135 1180 3198 trigintsoetoeffitiunt
1201 3147 1289 3182 aureas
1306 3146 1419 3184 carmes

369 3199 429 3256 brss,
442 3213 484 3246 seu
494 3213 583 3248 maresc
594 3208 708 3247 murres
718 3199 806 3250 23018.
823 3215 876 3249 eam
908 3199 1238 3253 31934.eamtribusune'ris.
1391 3241 1399 3257 ,

368 3264 503 3326 muntiis.
530 3305 534 3316 .
903 3311 907 3320 ,
939 3263 962 3296 44
978 3261 1099 3312 Provincia
1117 3263 1236 3312 suessoni
1263 3262 1292 3315 Q.
1319 3262 1421 3312 Minucia

400 3327 423 3362 ⁴³
438 3327 526 3392 S'gnati
540 3329 662 3392 bigatorum
671 3327 876 3388 septemdeeisnnsil-
908 3329 1003 3391 madia]
1033 3323 1170 3392 Obseriavit
1193 3327 1322 3390 Olussuus
1339 3327 1377 3375 hic
1394 3327 1417 3374 ia

370 3393 403 3440 lia
413 3393 562 3457 eigbrtitria]
583 3391 697 3439 Denuim
713 3391 799 3441 17023.
815 3404 877 3440 mar·
907 3409 934 3442 re
955 3393 1017 3439 baud
1038 3407 1093 3440 asne
1116 3392 1192 3457 magni
1215 3393 1328 3441 momenti
1349 3393 1417 3440 sideri

371 3471 409 3504 ces
422 3457 514 3516 ‘agenti
535 3454 602 3518 pardo
622 3455 673 3518 plus
694 3456 749 3503 2⁶7.
776 3449 877 3504 'Pondus
908 3457 1019 3504 memoris
1028 3456 1285 3522 bpunuelsirium.
1319 3457 1419 3507 Helvius

366 3521 528 3632 stitit?
546 3517 877 3632 vttntttl‘tt‘tt
909 3520 1134 3635 illutibilis
1147 3521 1419 3636 titititlffllitt

367 3645 406 3694 bie
424 3646 523 3710 suppleri
542 3646 626 3694 debere
641 3647 721 3708 pendo,
739 3657 766 3693 ut
787 3647 877 3695 intelli.
908 3661 965 3706 erar,
982 3659 1076 3700 auctore
1093 3653 1142 3715 ipsc
1159 3651 1233 3712 lisia,
1251 3652 1269 3700 l.
1282 3647 1382 3701 iusti.
1394 3667 1417 3699 e.

366 3721 451 3774 gauter
470 3711 536 3760 libre
554 3711 664 3760 Romame
683 3711 770 3771 aranti
789 3713 876 3762 itum.
908 3713 1092 3773 37·etio1'ra,c.
1107 3719 1144 3768 17.
1160 3717 1243 3782 ltaque
1255 3715 1417 3764 Helviussnc·

367 3777 417 3826 Ubi
434 3777 496 3826 enim
510 3775 590 3824 Livius
609 3777 744 3838 bigatorum,
760 3787 800 3824 cut
819 3791 876 3840 qua·
908 3791 1022 3828 cestorum
1033 3796 1080 3830 non
1091 3781 1175 3830 habuit
1186 3781 1330 3831 Minacium.
1511 3825 1512 3836 ,

367 3842 507 3904 drigarcrum
516 3837 658 3892 mintionem
666 3843 768 3906 apposito
777 3855 875 3890 numero
940 3842 963 3877 ⁴⁶
977 3843 1072 3909 Argenti
1100 3847 1171 3906 pondo
1197 3847 1294 3909 triginta
1323 3839 1417 3908 piasti
1439 3863 1444 3874 ·

366 3907 432 3964 facit,
460 3922 583 3956 numerosa
612 3908 712 3972 ipsorum
731 3907 875 3954 denariorum
907 3909 977 3958 millia
1008 3912 1143 3975 octingenta]
1177 3909 1271 3960 Merces
1304 3923 1418 3960 neantes

366 3974 485 4038 “Fini‘’
505 3982 533 4020 lib
550 3973 596 4022 Μ
615 3973 665 4036 ip
681 3987 702 4020 cs
724 3971 791 4030 infin,
808 3982 836 4020 ut
857 3971 875 4019 ¹0
907 3973 995 4023 54375·

369 4049 468 4090 xxxin.
480 4039 553 4088 otii:
567 4037 755 4101 erslibipaeim.
937 4039 961 4076 ⁴⁷
982 4039 1114 4106 bigatorum
1134 4041 1275 4116 septaginta
1293 4049 1344 4088 acta
1365 4040 1417 4087 nil·

397 4101 422 4134 ⁴⁴
437 4101 533 4150 Oscensis
546 4097 770 4180 angentiJOscens'e
794 4117 873 4163 argen-
904 4099 947 4165 lia]
972 4103 1086 4153 Denarios
1108 4103 1194 4154 78000.
1215 4105 1238 4151 sd
1261 4117 1307 4164 est,
1330 4117 1417 4151 marus

366 4173 417 4213 tbm
438 4165 528 4215 videtur
552 4167 621 4216 farm
642 4179 760 4228 argentum
781 4181 873 4216 erutum
904 4170 991 4228 amenti
1006 4171 1137 4219 tetecum
1150 4169 1284 4217 amentiis.
1375 4177 1386 4190 ''

366 4243 382 4275 e
402 4231 491 4288 tainu,
516 4247 567 4293 quas
593 4233 652 4296 apud
680 4232 764 4282 Osesm
788 4245 872 4282 cuent.
937 4235 958 4270 ⁴⁸
974 4234 1071 4282 Oscensis
1101 4237 1190 4297 argenti
1211 4235 1308 4282 decerna
1329 4239 1418 4294 septua-

366 4292 428 4340 Oscs
444 4307 494 4343 erat
509 4297 584 4344 salide
597 4309 621 4345 et
634 4297 871 4362 opolentsflispania
901 4297 967 4360 ginta
993 4307 1039 4346 ceto
1062 4299 1145 4360 millia]
1175 4297 1275 4347 selibras
1304 4309 1418 4346 umes

366 4357 431 4416 urba,
448 4374 500 4421 quae
516 4375 578 4409 nune
594 4361 793 4412 vocaturlluesea.
824 4363 871 4412 Ar-
903 4361 1009 4412 434375.
1040 4362 1329 4412 Numemsilleimaranis
1338 4373 1417 4419 sanet

366 4423 478 4482 gestarius
503 4424 592 4474 imina
616 4426 688 4488 luisse
716 4427 740 4475 in
763 4427 872 4490 Hispanis
904 4425 943 4486 qui
960 4426 1028 4475 fidem
1040 4429 1151 4477 excedere
1162 4429 1274 4480 videatur.
1310 4427 1420 4478 ruane

367 4499 457 4538 constet
473 4503 502 4539 ex
518 4491 592 4543 nti.
610 4489 676 4542 inire.
708 4491 819 4542 Ceterum
834 4508 871 4544 er·
902 4491 940 4542 bis
949 4491 1034 4558 aliquid
1044 4505 1079 4544 est
1090 4489 1194 4564 uenit
1229 4495 1232 4498 ’
1394 4547 1401 4554 ,
