3044 5194
367 410 407 477 sc
787 404 872 464 rtur
892 403 992 464 unu
1267 361 1269 366 ’
1517 409 1519 510 q

228 588 237 603 ·
270 559 302 606 ·⁵
319 553 344 602 ²·
367 580 463 643 prope
473 555 557 641 justa
572 557 653 622 acies
667 571 753 624 erat:
778 572 810 624 et
829 559 1050 636 Romanorum,
1071 557 1144 640 quia
1163 553 1302 618 medium
1325 554 1420 616 obesa
1517 583 1519 600 ι

227 645 235 669 ⁶
267 653 275 670 ·
334 649 341 667 ⁶
369 644 457 708 derat
480 646 549 722 iter,
572 647 693 728 plurimi
713 648 747 708 in
767 667 837 711 eam
856 646 1073 714 inferebantur.
1116 641 1163 706 Eo
1184 661 1305 723 quoque
1327 659 1418 723 sups-

370 733 465 794 riores
489 731 675 797 Macedones
700 744 796 810 erant,
821 733 904 814 quod
927 745 960 795 et
980 753 1033 794 rex
1056 731 1121 812 ipse
1139 729 1278 792 hortator
1301 726 1419 804 aderat,
1518 749 1519 754 ¹

371 829 403 880 et
427 816 620 890 Cretensium
643 819 801 882 auxiliares
822 819 934 882 multos
962 839 1001 880 ex
1030 815 1183 900 iaproviso
1209 813 1424 889 vulnerabant,
1518 849 1519 862 κ

372 903 502 966 conferti
532 906 751 988 preparatique
779 907 811 966 in
848 905 999 986 dispersos
1028 917 1062 966 et
1096 901 1206 966 effusos
1236 909 1426 983 pugnantes..-

372 989 464 1062 Quod
484 991 511 1051 si
533 991 659 1052 modurn
680 992 711 1052 in
732 991 920 1075 insequendo
936 990 1124 1067 habuissent,
1140 1008 1200 1048 nou
1217 986 1248 1048 in
1263 984 1422 1068 praeeatis
1518 1005 1519 1048 l

372 1077 466 1141 modo
481 1077 655 1138 certaminis
670 1078 810 1158 gloriam,
832 1078 886 1138 sed
907 1076 939 1140 in
959 1095 1112 1139 summam
1137 1073 1230 1136 etiam
1252 1071 1324 1134 belli
1349 1090 1422 1153 pro·
1518 1077 1519 1152 Τ

203 1155 271 1212 Μ
284 1156 360 1226 repel-
374 1162 488 1225 fectum
503 1162 603 1224 foret:
631 1183 723 1239 nunc,
739 1163 885 1226 aviditate
901 1163 991 1225 caedis
1011 1158 1262 1242 intemperantius
1283 1156 1428 1234 insecuti,

204 1226 272 1278 Μ·
373 1249 406 1310 in
421 1269 600 1331 praegressas
615 1269 685 1311 eum
700 1249 829 1312 tribunis
849 1250 982 1312 militum
1001 1248 1143 1309 cohortes
1168 1244 1326 1308 Romanas
1347 1242 1424 1316 inei·
1517 1293 1519 1332 ἶ

374 1335 467 1396 dere:
492 1345 525 1398 et
543 1334 662 1416 fugiens
687 1355 789 1416 eques,
809 1348 844 1398 ut
867 1336 967 1417 primo
989 1335 1077 1416 signa
1096 1352 1218 1396 suorum
1237 1331 1327 1408 vidit,
1348 1349 1423 1392 con·
1518 1377 1519 1382 1

374 1420 468 1484 vertit
481 1421 512 1482 in
528 1420 657 1482 effessum
672 1421 792 1482 hostem
816 1441 928 1502 equos:
952 1439 1095 1500 versaque
1121 1428 1279 1483 momento
1302 1427 1425 1498 tempo·
1518 1439 1519 1500 J

377 1507 419 1572 ris
450 1505 573 1568 fortuna
604 1527 712 1588 pugnae
745 1517 803 1585 est,
834 1517 920 1588 terga
952 1507 1106 1582 dantibus,
1130 1505 1182 1585 qui
1205 1503 1299 1566 modo
1327 1502 1425 1566 secuti
1517 1505 1519 1562 l

379 1602 477 1659 erant.
522 1589 616 1654 Multi
638 1593 777 1654 cominus
793 1595 959 1675 congressi,
975 1592 1063 1654 multi
1087 1591 1238 1672 fugientes
1263 1587 1428 1650 interfecti.
1517 1563 1519 1644 l

378 1699 437 1740 uec
456 1677 537 1738 ferro
557 1688 674 1740 tanturn
695 1679 822 1760 periere,
845 1679 901 1740 sed
924 1679 956 1740 in
982 1678 1109 1761 paludes
1132 1677 1258 1760 quidem
1284 1673 1430 1756 conjecti,
1518 1661 1520 1698 ³

381 1763 534 1848 profundo
549 1764 623 1827 limo
639 1785 708 1826 cum
729 1765 802 1850 ipsis
821 1766 906 1845 equis
925 1766 1027 1828 hausti
1053 1776 1132 1826 sunt.
1177 1761 1247 1825 Rex
1259 1781 1383 1842 quoque
1398 1760 1430 1822 in
1518 1763 1519 1772 ’

380 1851 517 1935 pericrdo
539 1849 616 1912 fuit:
640 1870 723 1928 nam,
747 1862 853 1914 ruente
876 1853 979 1912 saucio
999 1872 1090 1932 equo,
1113 1870 1246 1931 praeceps
1261 1847 1302 1910 ad
1316 1857 1432 1908 terram-

382 1937 482 2012 datus‚
498 1936 581 1997 haud
596 1937 726 1998 multum
747 1936 856 2015 abfuit,
872 1938 944 2018 quin
965 1935 1073 2018 jacens
1093 1936 1326 2018 obprimeretnr.
1371 1930 1429 1994 Sa-
1518 2013 1519 2016 Ἴ

381 2022 437 2085 luti
453 2021 511 2084 fuit
530 2042 634 2102 eques,
657 2023 709 2106 qui
725 2023 836 2105 ruptim
857 2025 921 2105 ipse
943 2024 1075 2101 desiluit,
1101 2022 1304 2103 pavidumque
1326 2039 1427 2101 regern

381 2109 414 2170 in
430 2128 540 2189 equum
555 2107 696 2189 subjecit.
740 2107 821 2190 Ipse,
845 2130 938 2190 quum
960 2109 1053 2192 pedes
1071 2128 1187 2189 aquare
1207 2128 1296 2168 cursu
1312 2107 1431 2187 fugien·
1518 2115 1519 2160 ὲ

382 2205 429 2262 tes
448 2214 512 2256 non
527 2207 631 2276 posset
645 2195 774 2275 equites,
795 2195 834 2256 ab
853 2196 992 2258 hostibus
1014 2196 1054 2256 sd
1076 2215 1178 2259 casum
1195 2195 1275 2276 regis
1291 2192 1430 2255 concita·
1517 2211 1519 2246 2

382 2281 423 2342 tis
438 2280 596 2344 confossus
610 2281 711 2363 periit,
756 2280 834 2359 Ilex,
854 2282 1073 2346 circumvectus
1093 2280 1221 2364 paludes
1242 2279 1358 2362 pervias
1380 2277 1430 2338 in-

382 2367 515 2448 viasque.
531 2367 653 2448 trepida
672 2367 754 2450 fuga,
777 2368 809 2428 in
833 2381 933 2432 castra
956 2369 1092 2446 tandem,
1114 2366 1180 2449 jam
1201 2365 1432 2449 desperantibus

384 2451 535 2532 plerisque
561 2453 748 2514 incolumem
781 2473 955 2533 evasurum,
979 2454 1125 2536 pervenit.
1173 2451 1307 2514 Ducenti
1323 2449 1431 2512 blace-

386 2535 500 2598 douum
515 2536 632 2618 equites
652 2560 689 2600 eo
711 2539 820 2620 proelio
837 2542 962 2621 periere,
983 2551 1106 2604 centum
1132 2539 1225 2602 ferme
1248 2538 1331 2620 eapti
1341 2560 1352 2614 3
1379 2557 1432 2598 oc-

385 2623 508 2769 tqqiinm
522 2622 688 2684 admodum
704 2626 803 2688 ornati
820 2627 901 2706 equi,
916 2627 1020 2710 spoliis
1035 2626 1124 2688 simul
1140 2644 1289 2688 annorum
1313 2623 1432 2700 relatis,

387 2729 406 2770 o
448 2720 521 2769 ueu.

218 2792 375 2869 aestuando
430 2790 611 2856 XXXVIII.
635 2793 779 2876 Fuerunt,
798 2797 850 2878 qui
870 2798 929 2860 hoe
951 2799 1001 2862 die
1024 2819 1129 2879 regem
1150 2795 1341 2872 temeritatis,
1357 2813 1436 2856 eon·

219 2859 348 2928 ⁶0P¹oe¹¹⁰·
389 2880 484 2944 sulem
509 2881 645 2962 segnitiae
674 2896 861 2946 accusarent.
880 2901 959 2946 ¹nam
990 2897 1022 2946 et
1048 2883 1191 2968 Philippo
1220 2881 1435 2963 quiescendum
1517 2895 1519 2902 '

389 2966 492 3045 fuisse,
508 2986 599 3048 quum
615 2968 721 3050 paucis
737 2968 843 3032 diebus
857 2971 974 3050 hostes,
988 2973 1137 3034 exhausto
1154 2971 1236 3032 cirea
1249 2968 1334 3032 omui
1350 2987 1436 3049 agro,

390 3054 430 3116 ad
459 3053 599 3114 ultimum
630 3055 739 3137 inopiae
767 3067 910 3138 venturos
937 3059 1044 3120 sciret:
1081 3069 1113 3120 et
1141 3056 1308 3133 consulem,
1342 3073 1434 3136 quum

392 3139 562 3220 equitatum
586 3139 719 3202 bostium
743 3141 899 3224 levemque
925 3155 1109 3206 armaturam
1132 3143 1270 3220 fudisset,
1287 3162 1324 3202 ac
1340 3159 1437 3223 prope

392 3246 496 3306 regern
510 3226 609 3307 ipsum
625 3227 767 3308 cepisset,
786 3231 925 3310 protinus
940 3231 980 3292 ad
994 3241 1096 3292 eastra
1109 3229 1242 3293 hostiurn
1257 3229 1367 3290 ducere
1384 3225 1437 3287 de-

391 3311 502 3374 buisse.
525 3332 582 3372 nec
608 3312 690 3376 enim
715 3334 873 3378 mansuros
897 3317 942 3379 ita
963 3317 1119 3399 perculsos
1143 3317 1247 3378 hostes
1262 3314 1367 3390 fuisse,
1382 3311 1436 3373 de-

390 3398 555 3478 bellarique
576 3407 733 3461 momento
759 3402 905 3483 temporis
928 3404 1071 3485 potuisse.
1117 3400 1154 3463 Id
1176 3402 1270 3477 dictu,
1286 3418 1378 3482 quam
1394 3418 1438 3473 rc,

389 3495 426 3544 ut
449 3483 602 3564 pleraque,
625 3484 752 3546 facilius.
775 3507 858 3565 nam,
881 3488 906 3547 si
930 3489 1070 3550 omnibus
1088 3489 1225 3571 pediturn
1246 3506 1366 3569 quoque
1385 3505 1439 3546 co·

391 3567 451 3650 piis
471 3588 525 3628 rex
543 3588 721 3649 congressus
743 3570 860 3648 luisset,
885 3572 1014 3634 forsitan
1038 3575 1118 3636 inter
1141 3574 1318 3650 tumultum,
1345 3589 1440 3652 quum

393 3672 499 3714 omnes
513 3653 586 3714 victi
601 3664 742 3736 metuque
757 3657 887 3739 perculsi
903 3679 940 3720 eu
962 3659 1070 3741 proelio
1094 3661 1175 3722 intra
1194 3660 1317 3736 vallum,
1343 3655 1441 3738 proti·

393 3758 450 3802 uus
464 3738 536 3800 inde
551 3741 802 3821 supervadentem
826 3745 1017 3807 munimenta
1037 3745 1183 3808 victorem
1207 3747 1327 3808 hostem
1352 3742 1441 3824 fuge·

394 3836 473 3903 rent,
499 3825 568 3886 exui
595 3827 702 3888 castris
725 3832 859 3909 potuerit
884 3851 948 3892 rex.
974 3835 1073 3913 quum'
1093 3853 1164 3914 vero
1195 3832 1320 3913 integra
1344 3829 1440 3910 eopia

393 3911 532 3996 peditum
547 3911 579 3972 in
595 3912 700 3974 eastris
715 3917 906 3995 mansissent,
931 3920 1079 3984 stationes
1102 3931 1176 3982 ante
1198 3929 1313 4002 portas,
1334 3914 1440 3998 prasi·

394 3999 503 4080 dieque
534 3997 683 4080 disposita
711 4014 822 4081 essent,
853 4004 937 4084 quid,
967 4006 1025 4068 nisi
1052 4015 1087 4067 ut
1115 4006 1321 4068 temeritatem
1347 4002 1442 4084 regis,

394 4083 487 4148 effuse
501 4085 605 4167 paullo
624 4095 696 4146 ante
718 4089 814 4150 secuti
838 4090 991 4170 perculsos
1014 4094 1142 4174 equites,
1166 4092 1344 4168 imitaretur,
1367 4109 1444 4170 pro·

394 4168 535 4232 fecisset?
560 4192 658 4255 neque
684 4174 766 4235 enim
792 4194 831 4236 ne
852 4177 932 4258 regis
955 4179 1078 4259 quidem
1107 4178 1240 4260 primum
1269 4173 1445 4253 consilium,

396 4273 456 4334 quo
481 4255 615 4336 inpetum
642 4259 672 4320 in
694 4258 930 4326 trmnentatores
952 4265 1071 4348 palatos
1096 4286 1150 4347 per
1173 4284 1262 4344 agros
1288 4261 1373 4336 fecit,
1394 4281 1446 4324 re*

395 4339 647 4419 prehendendum
663 4343 753 4423 foret,
769 4347 793 4406 si
809 4349 934 4411 modum
950 4371 1099 4433 prosperae
1113 4371 1222 4434 pugnae
1247 4347 1446 4430 inposuisset.

393 4421 441 4486 Eo
458 4445 577 4506 quoque
597 4430 695 4490 minus
718 4445 764 4493 est
784 4433 906 4514 mirum,
927 4448 1060 4499 tentasse
1080 4457 1149 4500 eum
1170 4437 1335 4512 somonam,
1360 4432 1446 4513 quod

394 4509 479 4574 fama
490 4521 565 4593 erat,
582 4511 756 4579 Pleuratum
769 4517 1003 4605 Dardanosque,
1022 4525 1199 4606 ingentibus¹
1212 4521 1310 4608 copiis
1323 4519 1449 4605 profec-
