3068 5186
361 293 423 350 ³56
784 288 868 350 ΤῙΤΙ
886 288 990 350 LIVll

202 449 342 502 itm-56³.
369 440 503 506 Minima
525 444 688 528 adparatus
713 444 872 508 missilium
898 446 1027 508 telonem
1052 464 1125 506 eura
1138 443 1207 522 furit,
1231 441 1315 526 quod
1337 459 1421 503 saxa

203 516 236 566 A.
247 513 277 567 ⁰·
291 517 344 569 ¹⁸⁹·
356 529 501 602 ,adfatim
515 533 707 614 praebituram
722 533 919 616 asperitatem
934 533 1033 615 ispam
1048 531 1184 594 locorum
1199 529 1378 593 credebant.

413 615 487 680 XX.
523 617 649 695 Consul,
679 618 749 699 quia
784 640 847 682 non
881 619 1019 681 cominus
1051 638 1196 700 pugnarn,
1218 615 1274 678 sed
1308 612 1417 697 procul

372 703 447 765 locis
477 704 699 787 obpugnandis,
734 704 867 768 futuram
897 715 1082 788 preceperat
1109 703 1222 781 animo,
1252 703 1413 782 ingentem

369 790 431 851 vim
457 789 599 873 pilorum,
626 793 653 838 ⁷³
664 790 835 855 velitarium
860 793 1029 871 hastarum,
1057 790 1249 873 sagittarum,
1275 786 1415 870 glandis·

370 895 440 958 que,
465 888 498 938 et
513 877 713 957 modicorum,
737 879 787 960 qui
812 877 907 941 funda
930 879 1010 941 mitti
1034 886 1168 960 possent,
1192 874 1331 958 lapidum
1357 893 1413 954 pa·

205 977 333 1028 emaum
370 974 497 1025 raserat.
535 965 759 1046 instructusque
794 964 951 1028 missilium
987 964 1134 1048 adparatu
1169 961 1210 1024 ad
1243 961 1413 1044 Olympum

202 1041 332 1109 ⁰¹5¹¹¹P²¹m
369 1060 505 1112 montem
532 1051 626 1130 ducit,
654 1063 686 1114 et
712 1072 730 1113 a
755 1052 887 1133 quinque
914 1051 1008 1114 ferme
1034 1049 1166 1112 millibus
1192 1048 1277 1111 locat
1300 1057 1414 1110 casus.

202 1109 358 1238 322¹}ss*
368 1133 492 1199 Postero
507 1137 557 1200 die
573 1159 642 1199 cum
666 1138 894 1239 quadringentis
914 1138 1064 1222 equitibus
1087 1145 1120 1198 et
1141 1133 1248 1236 littalo
1270 1153 1412 1216 progres-

200 1252 344 1360 tuffam.
449 1225 756 1393 {statutus
771 1221 1413 1393 ltlli5¹ltllnilltt5⁰sttst

367 1399 420 1459 tris
441 1399 472 1460 in
496 1397 601 1480 fugam
628 1410 809 1461 averterunt.
834 1398 928 1460 occisi
953 1417 1073 1478 quoque
1098 1395 1189 1478 pauci
1214 1393 1409 1475 fngientium,

365 1485 513 1548 vulnerati
534 1484 644 1566 pluras.
686 1482 791 1546 Tertio
815 1484 865 1547 die
891 1504 960 1546 cum
986 1483 1126 1546 omnibus
1147 1481 1188 1543 ad
1209 1481 1280 1542 loca
1301 1478 1410 1561 explo-

365 1572 463 1633 randa
488 1570 654 1654 profectus,
669 1571 740 1652 quia
764 1591 854 1632 nemo
869 1570 1003 1632 hostium
1025 1580 1112 1631 extra
1127 1567 1319 1630 munimenta
1338 1586 1410 1648 pro·

364 1659 466 1735 cessit,
489 1667 558 1720 tuto
577 1657 797 1720 circumvectus
821 1668 970 1735 montem,
990 1654 1215 1732 animadvertit,
1240 1651 1408 1714 meridiana

364 1745 490 1826 regione
512 1754 648 1806 terrenos
675 1754 706 1805 et
731 1743 852 1826 placide
877 1743 1009 1805 adclivos
1031 1745 1057 1789 ⁷⁴
1071 1742 1109 1803 ad
1133 1740 1300 1822 quemdam
1316 1738 1407 1800 linem

363 1831 457 1892 colles
472 1851 549 1910 esse,
574 1829 613 1892 ad
627 1831 867 1912 septentrionem
890 1829 998 1892 arduas
1013 1839 1045 1890 et
1064 1839 1163 1890 rectas
1186 1846 1283 1909 prope
1298 1845 1386 1909 rupes
1395 1847 1407 1904 ς

363 1928 466 2000 atque,
481 1916 621 1979 omnibus
645 1916 739 1978 ferme
764 1917 830 1978 aliis
854 1916 951 1995 inviis,
973 1916 1084 1978 itinera
1109 1915 1169 1977 tria
1191 1934 1278 1975 esse:
1313 1931 1407 1974 unum

362 2003 465 2065 medio
481 2013 595 2081 monte,
621 2023 682 2084 qua
703 2015 824 2064 terrena
847 2015 951 2065 erant:
985 2002 1047 2064 duo
1062 2000 1198 2064 difficilia
1218 1999 1259 2060 ab
1277 1999 1404 2062 hiberno

362 2089 435 2152 solis
460 2099 541 2168 ortu,
556 2100 589 2162 et
603 2090 642 2150 ab
665 2089 770 2151 aestivo
790 2109 909 2151 occasu.
953 2086 1027 2150 Haec
1053 2085 1338 2169 contemplatum
1353 2083 1406 2148 die

361 2177 417 2237 sub
447 2175 520 2259 ipsis
548 2175 700 2237 radicibus
728 2177 833 2258 posuit
866 2187 975 2237 castra.
1012 2185 1134 2256 postero
1164 2173 1225 2254 die,
1256 2169 1403 2233 sacnlrcio

360 2261 455 2340 sacto,
479 2281 573 2342 quum
596 2263 702 2344 primis
717 2261 825 2324 hostiis
840 2261 966 2339 litasset,
989 2260 1138 2324 trifariam
1164 2259 1333 2322 exercitum
1355 2257 1404 2318 di-

361 2347 459 2410 visum
474 2349 584 2411 ducere
605 2349 645 2410 ad
660 2348 778 2410 hostem
793 2349 902 2431 pergit.
929 2348 993 2430 ipse
1007 2367 1076 2409 cunr
1092 2346 1226 2408 maxima
1240 2357 1330 2428 parte
1351 2365 1403 2406 eo-

387 2434 494 2512 ianrm,
510 2455 571 2516 qua
584 2434 787 2515 aequissimum
808 2435 924 2496 aditum
946 2434 1100 2517 praebellat
1119 2453 1219 2511 mons,
1233 2430 1404 2494 adscendit.

359 2455 399 2582 ll.
425 2517 577 2581 Manlium
602 2519 727 2582 fratrem
752 2521 791 2581 ab
811 2521 938 2583 hiberno
962 2531 1042 2599 ortu,
1068 2519 1170 2601 quoad
1190 2519 1258 2582 loca
1279 2519 1405 2600 patian-
1463 2527 1468 2536 '

360 2618 422 2684 tur,
436 2618 469 2668 et
492 2617 560 2668 tuto
575 2607 681 2688 possit,
705 2607 805 2668 subire
826 2605 927 2688 jubet.
953 2607 978 2668 si
1003 2627 1063 2688 qua
1082 2605 1247 2689 periculosa
1268 2615 1301 2666 et
1320 2625 1402 2688 ρω-

360 2703 451 2775 rupta
465 2692 638 2770 obcursant,
653 2713 715 2754 non
740 2713 875 2775 pugnare
889 2713 960 2755 cum
986 2693 1149 2775 iniquitate
1172 2691 1317 2768 looomm,
1341 2709 1401 2753 ne·

359 2797 419 2859 que
442 2777 731 2860 inexsuperabilibus
755 2779 816 2839 vim
841 2779 958 2842 adferre
970 2801 980 2856 ;
1012 2779 1068 2842 sed
1092 2779 1154 2841 obli
1172 2799 1209 2839 uo
1222 2789 1330 2839 monte
1356 2775 1402 2838 ad

359 2883 392 2926 se
422 2865 584 2944 declinare,
613 2875 645 2928 et
674 2885 730 2926 suo
756 2866 871 2947 agmini
897 2865 1052 2948 conjungi.
1101 2864 1138 2927 C.
1196 2864 1305 2926 ciuium
1328 2883 1403 2926 cum

359 2951 449 3013 tertia
463 2963 550 3034 parte
576 2951 733 3017 circumire
757 2952 869 3014 sensim
893 2972 947 3035 pcr
962 2953 1068 3014 infima
1089 2951 1213 3028 montis,
1227 2949 1340 3012 deinde
1362 2949 1402 3010 ab

289 3053 292 3062 ’
358 3038 460 3100 aestivo
489 3057 602 3103 occasu
631 3036 747 3119 erigere
778 3058 898 3121 αςιηειι.
924 3049 956 3100 et
985 3038 1083 3101 Attali
1109 3037 1224 3099 auxilia
1251 3034 1402 3098 trifariam

357 3143 443 3206 aequo
473 3145 599 3187 numero
632 3125 755 3186 divisitr
785 3135 893 3186 'secum
918 3145 986 3187 esse
1012 3125 1110 3209 ipsum
1130 3123 1274 3206 juvenem
1300 3121 1403 3204 jussit.

356 3211 527 3291 equitatum
554 3231 624 3273 curn
639 3211 807 3293 elephantis
834 3213 865 3273 in
881 3212 1021 3294 proxima
1036 3211 1158 3275 tumulis
1182 3209 1311 3293 planitie
1333 3209 1401 3271 reli·

357 3297 434 3377 quit.
478 3295 622 3359 Edictum
645 3297 806 3380 prefectis,
829 3309 863 3359 ut
886 3299 1007 3377 intenti,
1030 3297 1103 3379 quid
1129 3297 1240 3379 ubique
1266 3307 1401 3377 geratur,

355 3384 621 3462 animadvertant3
652 3404 801 3466 opemque
816 3384 904 3463 ferre,
918 3387 945 3430 ⁷⁶
961 3405 1021 3468 quo
1036 3384 1192 3469 postulent
1205 3403 1265 3460 res,
1290 3403 1400 3466 prope·

355 3481 434 3531 rent.
662 3513 666 3520 ·

399 3553 486 3618 XXI.
511 3554 602 3635 Galli,
633 3555 750 3620 duobus
779 3555 922 3620 lateribus
952 3558 1025 3620 satis
1054 3557 1183 3622 fidentes
1213 3557 1294 3619 invia
1323 3575 1401 3634 esse,

355 3643 396 3705 ab
417 3664 454 3705 ea
468 3653 565 3724 parte,
589 3663 654 3725 quae
669 3644 701 3705 in
724 3635 881 3706 meridiem
895 3655 1044 3726 vergeret,
1064 3656 1099 3728 ut
1112 3644 1204 3706 annis
1224 3642 1402 3704 clauderent

354 3730 446 3807 viarn,
470 3741 601 3810 quatuor
625 3729 719 3792 ferme
734 3730 829 3792 millia
853 3743 1038 3793 armatonrm
1060 3731 1100 3793 ad
1121 3729 1284 3808 tumulum,
1308 3729 1400 3791 iumi-

354 3827 479 3878 nentem
508 3817 563 3879 viae
584 3816 683 3878 minus
708 3817 790 3878 mille
820 3837 963 3900 passuum
992 3839 1012 3878 a
1036 3818 1153 3896 eastris,
1184 3814 1401 3898 occupandum

292 3907 296 3914 “
353 3903 504 3980 mittunt3
535 3903 573 3966 eo
587 3924 620 3964 se
647 3903 705 3965 rati
725 3903 807 3964 velut
832 3904 957 3966 castello
981 3904 1039 3965 iter
1065 3903 1264 3987 inpedituros.
1307 3901 1402 3972 Quod

351 3988 404 4050 ubi
429 3987 560 4051 Romani
573 3988 722 4067 viderunt,
745 3990 912 4071 expediunt
937 4011 1003 4052 sese
1019 3989 1058 4052 ad
1072 4010 1218 4074 pugnam.
1241 3999 1312 4060 ante
1334 3988 1400 4068 sig-

351 4095 393 4138 na
415 4075 551 4138 modico
566 4074 724 4138 intervallo
748 4075 852 4140 velites
875 4089 959 4156 eunt,
981 4087 1013 4140 et
1039 4078 1077 4138 ab
1101 4076 1209 4140 Attalo
1235 4074 1399 4137 Cretenses

381 4221 404 4260 ⁷³
437 4223 567 4274 Velitan'run
603 4223 728 4288 laamas]
772 4225 858 4276 Eamus
890 4229 1010 4291 quamdam
1019 4225 1174 4276 altitudinem.
1200 4209 1209 4222 ⁸

350 4286 445 4338 brevem
459 4290 635 4354 descriptionem
646 4300 700 4354 pete
711 4305 740 4340 ex
751 4303 801 4342 not.
819 4295 857 4343 7⁴.
922 4293 944 4330 ⁷⁵
963 4292 1012 4347 Quo
1021 4294 1128 4354 meulent
1138 4292 1184 4358 rea]
1194 4291 1271 4356 Magis
1281 4291 1398 4344 nomn:

349 4355 386 4401 ad.
396 4353 413 4402 l.
423 4363 499 4404 xxiv.
507 4371 531 4407 a.
542 4357 583 4404 34.
675 4389 677 4398 ι
754 4371 758 4378 ·
888 4357 1168 4421 esmoteLiuiipoatulet.

381 4417 404 4456 τε
423 4415 487 4467 ua
503 4419 615 4484 ,anam
624 4419 708 4484 fiam]
725 4420 805 4488 osque
828 4423 856 4472 aa
