<?xml version="1.0" encoding="UTF-8"?>
<!DOCTYPE html PUBLIC "-//W3C//DTD XHTML 1.0 Transitional//EN"
    "http://www.w3.org/TR/xhtml1/DTD/xhtml1-transitional.dtd">
<html xmlns="http://www.w3.org/1999/xhtml" xml:lang="en" lang="en">
 <head>
  <title>
</title>
<meta http-equiv="Content-Type" content="text/html;charset=utf-8" />
  <meta name='ocr-system' content='tesseract 3.04.00' />
  <meta name='ocr-capabilities' content='ocr_page ocr_carea ocr_par ocr_line ocrx_word'/>
</head>
<body>
  <div class='ocr_page' id='page_1' title='image "./tliviipatavinih00grongoog_0493.png"; bbox 0 0 3026 5164; ppageno 0'>
   <div class='ocr_carea' id='block_1_1' title="bbox 446 311 1184 386">
    <p class='ocr_par' dir='ltr' id='par_1_1' title="bbox 446 311 1184 386">
     <span class='ocr_line' id='line_1_1' title="bbox 446 311 1184 386; baseline 0.008 -12"><span class='ocrx_word' id='word_1_1' title='bbox 446 315 527 374; x_wconf 88' lang='lat' dir='ltr'>LlB.</span> <span class='ocrx_word' id='word_1_2' title='bbox 547 314 612 383; x_wconf 67' lang='lat' dir='ltr'>XL.</span> <span class='ocrx_word' id='word_1_3' title='bbox 632 314 716 374; x_wconf 84' lang='lat' dir='ltr'>CAP.</span> <span class='ocrx_word' id='word_1_4' title='bbox 734 311 880 386; x_wconf 75' lang='lat' dir='ltr'><strong>XXXIII·</strong></span> <span class='ocrx_word' id='word_1_5' title='bbox 1122 313 1184 380; x_wconf 59' lang='lat' dir='ltr'><strong><em>W</em></strong></span> 
     </span>
    </p>
   </div>
   <div class='ocr_carea' id='block_1_2' title="bbox 132 459 1352 2445">
    <p class='ocr_par' dir='ltr' id='par_1_2' title="bbox 136 459 1352 551">
     <span class='ocr_line' id='line_1_2' title="bbox 136 459 1352 551; baseline -0.006 -21"><span class='ocrx_word' id='word_1_6' title='bbox 136 466 275 534; x_wconf 81' lang='lat' dir='ltr'>exercitu</span> <span class='ocrx_word' id='word_1_7' title='bbox 300 468 459 548; x_wconf 78' lang='lat' dir='ltr'>Instructo,</span> <span class='ocrx_word' id='word_1_8' title='bbox 485 469 581 532; x_wconf 87' lang='lat' dir='ltr'>tribus</span> <span class='ocrx_word' id='word_1_9' title='bbox 604 467 741 551; x_wconf 79' lang='lat' dir='ltr'>partibus</span> <span class='ocrx_word' id='word_1_10' title='bbox 768 464 857 528; x_wconf 85' lang='lat' dir='ltr'>simul</span> <span class='ocrx_word' id='word_1_11' title='bbox 883 462 1034 546; x_wconf 37' lang='lat' dir='ltr'>emmae*</span> <span class='ocrx_word' id='word_1_12' title='bbox 1050 459 1183 530; x_wconf 75' lang='lat' dir='ltr'>damone</span> <span class='ocrx_word' id='word_1_13' title='bbox 1196 465 1352 536; x_wconf 57' lang='lat' dir='ltr'>lecara!</span> 
     </span>
    </p>

    <p class='ocr_par' dir='ltr' id='par_1_3' title="bbox 136 529 1335 636">
     <span class='ocr_line' id='line_1_3' title="bbox 136 529 1335 636; baseline -0.009 -17"><span class='ocrx_word' id='word_1_14' title='bbox 136 575 200 619; x_wconf 86' lang='lat' dir='ltr'>non</span> <span class='ocrx_word' id='word_1_15' title='bbox 230 566 349 621; x_wconf 83' lang='lat' dir='ltr'>tanturn</span> <span class='ocrx_word' id='word_1_16' title='bbox 388 557 428 620; x_wconf 85' lang='lat' dir='ltr'>ad</span> <span class='ocrx_word' id='word_1_17' title='bbox 453 555 591 618; x_wconf 87' lang='lat' dir='ltr'>ardorem</span> <span class='ocrx_word' id='word_1_18' title='bbox 617 574 726 636; x_wconf 82' lang='lat' dir='ltr'>pugna</span> <span class='ocrx_word' id='word_1_19' title='bbox 751 549 946 620; x_wconf 79' lang='lat' dir='ltr'>excitandum</span> <span class='ocrx_word' id='word_1_20' title='bbox 970 545 1102 624; x_wconf 80' lang='lat' dir='ltr'>sublato,</span> <span class='ocrx_word' id='word_1_21' title='bbox 1127 546 1181 610; x_wconf 88' lang='lat' dir='ltr'>sed</span> <span class='ocrx_word' id='word_1_22' title='bbox 1195 529 1265 585; x_wconf 58' lang='grc' dir='ltr'>Μ’·</span> <span class='ocrx_word' id='word_1_23' title='bbox 1278 537 1335 608; x_wconf 67' lang='lat' dir='ltr'>mr</span> 
     </span>
    </p>

    <p class='ocr_par' dir='ltr' id='par_1_4' title="bbox 139 632 1181 731">
     <span class='ocr_line' id='line_1_4' title="bbox 139 632 1181 731; baseline -0.001 -29"><span class='ocrx_word' id='word_1_24' title='bbox 139 641 235 707; x_wconf 83' lang='lat' dir='ltr'>etiarn</span> <span class='ocrx_word' id='word_1_25' title='bbox 261 653 305 719; x_wconf 86' lang='lat' dir='ltr'>ut,</span> <span class='ocrx_word' id='word_1_26' title='bbox 335 642 442 724; x_wconf 86' lang='lat' dir='ltr'>quiin</span> <span class='ocrx_word' id='word_1_27' title='bbox 468 642 623 704; x_wconf 80' lang='lat' dir='ltr'>montibus</span> <span class='ocrx_word' id='word_1_28' title='bbox 648 651 746 716; x_wconf 85' lang='lat' dir='ltr'>erant,</span> <span class='ocrx_word' id='word_1_29' title='bbox 775 635 964 701; x_wconf 70' lang='lat' dir='ltr'>exaudirent·</span> <span class='ocrx_word' id='word_1_30' title='bbox 989 654 1047 697; x_wconf 83' lang='lat' dir='ltr'>nee</span> <span class='ocrx_word' id='word_1_31' title='bbox 1073 632 1181 731; x_wconf 63' lang='lat' dir='ltr'>mom}</span> 
     </span>
    </p>

    <p class='ocr_par' dir='ltr' id='par_1_5' title="bbox 138 717 1182 810">
     <span class='ocr_line' id='line_1_5' title="bbox 138 717 1182 810; baseline -0.009 -20"><span class='ocrx_word' id='word_1_32' title='bbox 138 737 220 805; x_wconf 89' lang='lat' dir='ltr'>suut,</span> <span class='ocrx_word' id='word_1_33' title='bbox 235 729 308 810; x_wconf 91' lang='lat' dir='ltr'>quin</span> <span class='ocrx_word' id='word_1_34' title='bbox 324 729 526 806; x_wconf 85' lang='lat' dir='ltr'>decurrerent,</span> <span class='ocrx_word' id='word_1_35' title='bbox 543 728 623 791; x_wconf 85' lang='lat' dir='ltr'>sicut</span> <span class='ocrx_word' id='word_1_36' title='bbox 637 726 820 808; x_wconf 77' lang='lat' dir='ltr'>imperatum</span> <span class='ocrx_word' id='word_1_37' title='bbox 834 732 912 801; x_wconf 87' lang='lat' dir='ltr'>erat,</span> <span class='ocrx_word' id='word_1_38' title='bbox 933 719 974 785; x_wconf 86' lang='lat' dir='ltr'>ad</span> <span class='ocrx_word' id='word_1_39' title='bbox 988 730 1107 784; x_wconf 72' lang='lat' dir='ltr'>curbae</span> <span class='ocrx_word' id='word_1_40' title='bbox 1129 717 1182 788; x_wconf 71' lang='lat' dir='ltr'>ubi</span> 
     </span>
    </p>

    <p class='ocr_par' dir='ltr' id='par_1_6' title="bbox 140 805 1183 897">
     <span class='ocr_line' id='line_1_6' title="bbox 140 805 1183 897; baseline -0.01 -20"><span class='ocrx_word' id='word_1_41' title='bbox 140 813 273 897; x_wconf 84' lang='lat' dir='ltr'>quinque</span> <span class='ocrx_word' id='word_1_42' title='bbox 286 814 438 880; x_wconf 84' lang='lat' dir='ltr'>milliumu</span> <span class='ocrx_word' id='word_1_43' title='bbox 463 825 659 890; x_wconf 83' lang='lat' dir='ltr'>armatorum,</span> <span class='ocrx_word' id='word_1_44' title='bbox 689 832 752 874; x_wconf 88' lang='lat' dir='ltr'>nou</span> <span class='ocrx_word' id='word_1_45' title='bbox 779 808 919 890; x_wconf 83' lang='lat' dir='ltr'>amplius,</span> <span class='ocrx_word' id='word_1_46' title='bbox 948 805 1090 871; x_wconf 67' lang='lat' dir='ltr'>telinum</span> <span class='ocrx_word' id='word_1_47' title='bbox 1116 813 1183 868; x_wconf 80' lang='lat' dir='ltr'>erat</span> 
     </span>
    </p>

    <p class='ocr_par' dir='ltr' id='par_1_7' title="bbox 138 889 1182 989">
     <span class='ocr_line' id='line_1_7' title="bbox 138 889 1182 989; baseline -0.002 -27"><span class='ocrx_word' id='word_1_48' title='bbox 138 899 323 982; x_wconf 75' lang='lat' dir='ltr'>presidium.</span> <span class='ocrx_word' id='word_1_49' title='bbox 337 921 413 984; x_wconf 87' lang='lat' dir='ltr'>quos</span> <span class='ocrx_word' id='word_1_50' title='bbox 428 913 568 983; x_wconf 73' lang='lat' dir='ltr'>qucrnea</span> <span class='ocrx_word' id='word_1_51' title='bbox 581 899 718 982; x_wconf 74' lang='lat' dir='ltr'><strong>paucitas</strong></span> <span class='ocrx_word' id='word_1_52' title='bbox 732 917 797 974; x_wconf 80' lang='lat' dir='ltr'>sua,</span> <span class='ocrx_word' id='word_1_53' title='bbox 812 907 845 956; x_wconf 85' lang='lat' dir='ltr'>et</span> <span class='ocrx_word' id='word_1_54' title='bbox 859 892 1023 960; x_wconf 84' lang='lat' dir='ltr'>multitudo</span> <span class='ocrx_word' id='word_1_55' title='bbox 1036 889 1182 989; x_wconf 71' lang='lat' dir='ltr'>bostium,</span> 
     </span>
    </p>

    <p class='ocr_par' dir='ltr' id='par_1_8' title="bbox 132 979 1182 1074">
     <span class='ocr_line' id='line_1_8' title="bbox 132 979 1182 1074; baseline -0.01 -28"><span class='ocrx_word' id='word_1_56' title='bbox 132 994 173 1058; x_wconf 72' lang='lat' dir='ltr'>‚et</span> <span class='ocrx_word' id='word_1_57' title='bbox 193 985 344 1067; x_wconf 90' lang='lat' dir='ltr'>inprovisa</span> <span class='ocrx_word' id='word_1_58' title='bbox 365 1008 412 1048; x_wconf 89' lang='lat' dir='ltr'>res</span> <span class='ocrx_word' id='word_1_59' title='bbox 435 986 599 1062; x_wconf 80' lang='lat' dir='ltr'>terruisset,</span> <span class='ocrx_word' id='word_1_60' title='bbox 629 1005 722 1066; x_wconf 82' lang='lat' dir='ltr'><strong>prope</strong></span> <span class='ocrx_word' id='word_1_61' title='bbox 742 984 807 1046; x_wconf 86' lang='lat' dir='ltr'>sine</span> <span class='ocrx_word' id='word_1_62' title='bbox 831 979 997 1060; x_wconf 73' lang='lat' dir='ltr'>certamine</span> <span class='ocrx_word' id='word_1_63' title='bbox 1022 986 1182 1074; x_wconf 72' lang='lat' dir='ltr'>capiuntur</span> 
     </span>
    </p>

    <p class='ocr_par' dir='ltr' id='par_1_9' title="bbox 138 1065 1181 1156">
     <span class='ocr_line' id='line_1_9' title="bbox 138 1065 1181 1156; baseline -0.016 -19"><span class='ocrx_word' id='word_1_64' title='bbox 138 1082 252 1137; x_wconf 71' lang='lat' dir='ltr'>nnana.</span> <span class='ocrx_word' id='word_1_65' title='bbox 281 1073 398 1150; x_wconf 77' lang='lat' dir='ltr'>cmtris,</span> <span class='ocrx_word' id='word_1_66' title='bbox 427 1093 492 1156; x_wconf 75' lang='lat' dir='ltr'>quie</span> <span class='ocrx_word' id='word_1_67' title='bbox 518 1093 586 1155; x_wconf 87' lang='lat' dir='ltr'>pars</span> <span class='ocrx_word' id='word_1_68' title='bbox 612 1071 744 1140; x_wconf 73' lang='lat' dir='ltr'>marcium</span> <span class='ocrx_word' id='word_1_69' title='bbox 772 1090 792 1129; x_wconf 89' lang='lat' dir='ltr'>a</span> <span class='ocrx_word' id='word_1_70' title='bbox 815 1065 1018 1150; x_wconf 75' lang='lat' dir='ltr'><strong>pugnantibus</strong></span> <span class='ocrx_word' id='word_1_71' title='bbox 1046 1081 1181 1144; x_wconf 79' lang='lat' dir='ltr'>conspici</span> 
     </span>
    </p>

    <p class='ocr_par' dir='ltr' id='par_1_10' title="bbox 139 1155 1188 1322">
     <span class='ocr_line' id='line_1_10' title="bbox 139 1155 1180 1246; baseline -0.002 -28"><span class='ocrx_word' id='word_1_72' title='bbox 139 1166 272 1238; x_wconf 84' lang='lat' dir='ltr'>poterat,</span> <span class='ocrx_word' id='word_1_73' title='bbox 294 1155 399 1240; x_wconf 89' lang='lat' dir='ltr'>injecit</span> <span class='ocrx_word' id='word_1_74' title='bbox 412 1157 529 1222; x_wconf 86' lang='lat' dir='ltr'>Acilius</span> <span class='ocrx_word' id='word_1_75' title='bbox 544 1159 655 1239; x_wconf 86' lang='lat' dir='ltr'>ignem.</span> <span class='ocrx_word' id='word_1_76' title='bbox 688 1204 693 1216; x_wconf 81' lang='lat'>.</span> <span class='ocrx_word' id='word_1_77' title='bbox 1130 1232 1137 1246; x_wconf 42' lang='lat'><strong>·</strong></span> <span class='ocrx_word' id='word_1_78' title='bbox 1171 1231 1180 1245; x_wconf 30' lang='grc' dir='ltr'>ι</span> 
     </span>
     <span class='ocr_line' id='line_1_11' title="bbox 182 1237 1188 1322; baseline -0.007 -16"><span class='ocrx_word' id='word_1_79' title='bbox 182 1239 319 1306; x_wconf 86' lang='lat' dir='ltr'><strong>XXXII.</strong></span> <span class='ocrx_word' id='word_1_80' title='bbox 342 1243 490 1308; x_wconf 77' lang='lat' dir='ltr'>Postremi</span> <span class='ocrx_word' id='word_1_81' title='bbox 506 1243 737 1320; x_wconf 84' lang='lat' dir='ltr'>Celtiberorum,</span> <span class='ocrx_word' id='word_1_82' title='bbox 761 1240 813 1322; x_wconf 90' lang='lat' dir='ltr'>qui</span> <span class='ocrx_word' id='word_1_83' title='bbox 837 1239 870 1302; x_wconf 90' lang='lat' dir='ltr'>in</span> <span class='ocrx_word' id='word_1_84' title='bbox 894 1237 959 1310; x_wconf 87' lang='lat' dir='ltr'>acie</span> <span class='ocrx_word' id='word_1_85' title='bbox 974 1246 1071 1313; x_wconf 71' lang='lat' dir='ltr'>erant,</span> <span class='ocrx_word' id='word_1_86' title='bbox 1093 1251 1188 1314; x_wconf 79' lang='lat' dir='ltr'>prum</span> 
     </span>
    </p>

    <p class='ocr_par' dir='ltr' id='par_1_11' title="bbox 134 1321 1192 1414">
     <span class='ocr_line' id='line_1_12' title="bbox 134 1321 1192 1414; baseline -0.009 -24"><span class='ocrx_word' id='word_1_87' title='bbox 134 1326 296 1394; x_wconf 76' lang='lat' dir='ltr'>,flammam</span> <span class='ocrx_word' id='word_1_88' title='bbox 323 1352 520 1414; x_wconf 78' lang='lat' dir='ltr'>conspexere.</span> <span class='ocrx_word' id='word_1_89' title='bbox 549 1329 658 1394; x_wconf 87' lang='lat' dir='ltr'>deiude</span> <span class='ocrx_word' id='word_1_90' title='bbox 687 1349 741 1411; x_wconf 87' lang='lat' dir='ltr'>per</span> <span class='ocrx_word' id='word_1_91' title='bbox 775 1339 873 1390; x_wconf 73' lang='lat' dir='ltr'>tritam</span> <span class='ocrx_word' id='word_1_92' title='bbox 903 1324 999 1390; x_wconf 87' lang='lat' dir='ltr'>aciern</span> <span class='ocrx_word' id='word_1_93' title='bbox 1028 1321 1192 1402; x_wconf 73' lang='lat' dir='ltr'>vulgatura</span> 
     </span>
    </p>

    <p class='ocr_par' dir='ltr' id='par_1_12' title="bbox 139 1403 1199 1498">
     <span class='ocr_line' id='line_1_13' title="bbox 139 1403 1199 1498; baseline -0.008 -20"><span class='ocrx_word' id='word_1_94' title='bbox 139 1425 321 1498; x_wconf 65' lang='lat' dir='ltr'>essemus</span> <span class='ocrx_word' id='word_1_95' title='bbox 343 1417 455 1481; x_wconf 85' lang='lat' dir='ltr'>amissa</span> <span class='ocrx_word' id='word_1_96' title='bbox 475 1439 552 1495; x_wconf 86' lang='lat' dir='ltr'>esse,</span> <span class='ocrx_word' id='word_1_97' title='bbox 578 1429 611 1480; x_wconf 87' lang='lat' dir='ltr'>et</span> <span class='ocrx_word' id='word_1_98' title='bbox 631 1426 696 1484; x_wconf 71' lang='lat' dir='ltr'>term</span> <span class='ocrx_word' id='word_1_99' title='bbox 720 1434 790 1484; x_wconf 84' lang='lat' dir='ltr'>cunr</span> <span class='ocrx_word' id='word_1_100' title='bbox 811 1411 943 1478; x_wconf 75' lang='lat' dir='ltr'>maxime</span> <span class='ocrx_word' id='word_1_101' title='bbox 966 1407 1081 1477; x_wconf 79' lang='lat' dir='ltr'>ardere.</span> <span class='ocrx_word' id='word_1_102' title='bbox 1102 1403 1199 1470; x_wconf 71' lang='lat' dir='ltr'>unde·</span> 
     </span>
    </p>

    <p class='ocr_par' dir='ltr' id='par_1_13' title="bbox 139 1495 1184 1580">
     <span class='ocr_line' id='line_1_14' title="bbox 139 1495 1184 1580; baseline 0.001 -18"><span class='ocrx_word' id='word_1_103' title='bbox 139 1498 200 1562; x_wconf 85' lang='lat' dir='ltr'>illis</span> <span class='ocrx_word' id='word_1_104' title='bbox 215 1512 322 1580; x_wconf 86' lang='lat' dir='ltr'>terror,</span> <span class='ocrx_word' id='word_1_105' title='bbox 344 1503 415 1564; x_wconf 85' lang='lat' dir='ltr'>inde</span> <span class='ocrx_word' id='word_1_106' title='bbox 430 1503 577 1566; x_wconf 88' lang='lat' dir='ltr'>Romanis</span> <span class='ocrx_word' id='word_1_107' title='bbox 597 1501 715 1564; x_wconf 74' lang='lat' dir='ltr'>mimum</span> <span class='ocrx_word' id='word_1_108' title='bbox 730 1499 839 1564; x_wconf 82' lang='lat' dir='ltr'>crevit.</span> <span class='ocrx_word' id='word_1_109' title='bbox 852 1496 917 1578; x_wconf 85' lang='lat' dir='ltr'>jam</span> <span class='ocrx_word' id='word_1_110' title='bbox 934 1495 1050 1558; x_wconf 84' lang='lat' dir='ltr'>clamor</span> <span class='ocrx_word' id='word_1_111' title='bbox 1062 1510 1184 1563; x_wconf 74' lang='lat' dir='ltr'>suetum</span> 
     </span>
    </p>

    <p class='ocr_par' dir='ltr' id='par_1_14' title="bbox 140 1575 1205 1668">
     <span class='ocr_line' id='line_1_15' title="bbox 140 1575 1205 1668; baseline -0.01 -22"><span class='ocrx_word' id='word_1_112' title='bbox 140 1585 324 1654; x_wconf 80' lang='lat' dir='ltr'>vincentium</span> <span class='ocrx_word' id='word_1_113' title='bbox 345 1588 515 1666; x_wconf 86' lang='lat' dir='ltr'>accidebat,</span> <span class='ocrx_word' id='word_1_114' title='bbox 536 1587 604 1668; x_wconf 88' lang='lat' dir='ltr'>jam</span> <span class='ocrx_word' id='word_1_115' title='bbox 624 1585 765 1648; x_wconf 83' lang='lat' dir='ltr'>ardentia</span> <span class='ocrx_word' id='word_1_116' title='bbox 783 1583 917 1647; x_wconf 84' lang='lat' dir='ltr'>bostirnn</span> <span class='ocrx_word' id='word_1_117' title='bbox 935 1590 1037 1644; x_wconf 87' lang='lat' dir='ltr'>castra</span> <span class='ocrx_word' id='word_1_118' title='bbox 1056 1575 1205 1658; x_wconf 69' lang='lat' dir='ltr'>adpare·</span> 
     </span>
    </p>

    <p class='ocr_par' dir='ltr' id='par_1_15' title="bbox 140 1663 1205 1756">
     <span class='ocr_line' id='line_1_16' title="bbox 140 1663 1205 1756; baseline -0.009 -22"><span class='ocrx_word' id='word_1_119' title='bbox 140 1671 227 1736; x_wconf 84' lang='lat' dir='ltr'>bant.</span> <span class='ocrx_word' id='word_1_120' title='bbox 281 1671 425 1738; x_wconf 75' lang='lat' dir='ltr'>Celtiberi</span> <span class='ocrx_word' id='word_1_121' title='bbox 455 1694 617 1756; x_wconf 80' lang='lat' dir='ltr'>parumper</span> <span class='ocrx_word' id='word_1_122' title='bbox 646 1670 769 1734; x_wconf 87' lang='lat' dir='ltr'>incertis</span> <span class='ocrx_word' id='word_1_123' title='bbox 797 1669 906 1732; x_wconf 84' lang='lat' dir='ltr'>animis</span> <span class='ocrx_word' id='word_1_124' title='bbox 936 1663 1073 1728; x_wconf 85' lang='lat' dir='ltr'>fluctuati</span> <span class='ocrx_word' id='word_1_125' title='bbox 1103 1670 1205 1736; x_wconf 54' lang='lat' dir='ltr'>sunt,</span> 
     </span>
    </p>

    <p class='ocr_par' dir='ltr' id='par_1_16' title="bbox 140 1756 1202 1842">
     <span class='ocr_line' id='line_1_17' title="bbox 140 1756 1202 1842; baseline -0.009 -20"><span class='ocrx_word' id='word_1_126' title='bbox 140 1769 289 1837; x_wconf 81' lang='lat' dir='ltr'>ceterum,</span> <span class='ocrx_word' id='word_1_127' title='bbox 311 1771 471 1842; x_wconf 84' lang='lat' dir='ltr'>postquem</span> <span class='ocrx_word' id='word_1_128' title='bbox 487 1771 627 1842; x_wconf 85' lang='lat' dir='ltr'>receptus</span> <span class='ocrx_word' id='word_1_129' title='bbox 647 1758 742 1841; x_wconf 85' lang='lat' dir='ltr'>pubis</span> <span class='ocrx_word' id='word_1_130' title='bbox 766 1756 865 1818; x_wconf 77' lang='lat' dir='ltr'>nrnlns</span> <span class='ocrx_word' id='word_1_131' title='bbox 880 1765 956 1832; x_wconf 83' lang='lat' dir='ltr'>erat,</span> <span class='ocrx_word' id='word_1_132' title='bbox 979 1771 1035 1816; x_wconf 89' lang='lat' dir='ltr'>nec</span> <span class='ocrx_word' id='word_1_133' title='bbox 1049 1767 1202 1830; x_wconf 75' lang='lat' dir='ltr'>usquam,¹</span> 
     </span>
    </p>

    <p class='ocr_par' dir='ltr' id='par_1_17' title="bbox 143 1840 1200 1942">
     <span class='ocr_line' id='line_1_18' title="bbox 143 1840 1200 1937; baseline -0.009 -29"><span class='ocrx_word' id='word_1_134' title='bbox 143 1844 203 1908; x_wconf 89' lang='lat' dir='ltr'>nisi</span> <span class='ocrx_word' id='word_1_135' title='bbox 227 1845 259 1906; x_wconf 91' lang='lat' dir='ltr'>in</span> <span class='ocrx_word' id='word_1_136' title='bbox 286 1846 464 1922; x_wconf 71' lang='lat' dir='ltr'>certamine,</span> <span class='ocrx_word' id='word_1_137' title='bbox 490 1867 573 1927; x_wconf 86' lang='lat' dir='ltr'>spes,</span> <span class='ocrx_word' id='word_1_138' title='bbox 596 1845 782 1927; x_wconf 81' lang='lat' dir='ltr'>pertinacius</span> <span class='ocrx_word' id='word_1_139' title='bbox 811 1841 850 1906; x_wconf 85' lang='lat' dir='ltr'>de</span> <span class='ocrx_word' id='word_1_140' title='bbox 879 1840 998 1937; x_wconf 77' lang='lat' dir='ltr'>integro</span> <span class='ocrx_word' id='word_1_141' title='bbox 1024 1841 1200 1933; x_wconf 70' lang='lat' dir='ltr'>capessunt.</span> 
     </span>
    </p>

    <p class='ocr_par' dir='ltr' id='par_1_18' title="bbox 138 1921 1207 2099">
     <span class='ocr_line' id='line_1_19' title="bbox 138 1921 1207 2099; baseline 0.002 -21"><span class='ocrx_word' id='word_1_142' title='bbox 138 1950 289 2078; x_wconf 62' lang='lat' dir='ltr'>iffi·</span> <span class='ocrx_word' id='word_1_143' title='bbox 310 1930 415 2080; x_wconf 60' lang='lat' dir='ltr'>uili</span> <span class='ocrx_word' id='word_1_144' title='bbox 422 1921 1196 2099; x_wconf 60' lang='lat' dir='ltr'>tlt‚“³t“zltil.tlti5.ttttltt⁰lis</span> <span class='ocrx_word' id='word_1_145' title='bbox 1205 1974 1207 1976; x_wconf 78' lang='grc'><strong>’</strong></span> 
     </span>
    </p>

    <p class='ocr_par' dir='ltr' id='par_1_19' title="bbox 140 2089 1195 2178">
     <span class='ocr_line' id='line_1_20' title="bbox 140 2089 1195 2178; baseline -0.013 -11"><span class='ocrx_word' id='word_1_146' title='bbox 140 2101 218 2167; x_wconf 79' lang='lat' dir='ltr'>xiiia</span> <span class='ocrx_word' id='word_1_147' title='bbox 245 2103 423 2171; x_wconf 84' lang='lat' dir='ltr'>instruxisse</span> <span class='ocrx_word' id='word_1_148' title='bbox 450 2103 606 2169; x_wconf 85' lang='lat' dir='ltr'>Romanos</span> <span class='ocrx_word' id='word_1_149' title='bbox 631 2103 807 2178; x_wconf 81' lang='lat' dir='ltr'>cernebarn,</span> <span class='ocrx_word' id='word_1_150' title='bbox 834 2119 905 2164; x_wconf 86' lang='lat' dir='ltr'>cum</span> <span class='ocrx_word' id='word_1_151' title='bbox 933 2093 1047 2178; x_wconf 73' lang='lat' dir='ltr'>majore</span> <span class='ocrx_word' id='word_1_152' title='bbox 1076 2089 1195 2154; x_wconf 75' lang='lat' dir='ltr'>fiducia</span> 
     </span>
    </p>

    <p class='ocr_par' dir='ltr' id='par_1_20' title="bbox 143 2173 1189 2272">
     <span class='ocr_line' id='line_1_21' title="bbox 143 2173 1189 2272; baseline -0.007 -24"><span class='ocrx_word' id='word_1_153' title='bbox 143 2187 311 2251; x_wconf 88' lang='lat' dir='ltr'>intulerunt</span> <span class='ocrx_word' id='word_1_154' title='bbox 332 2190 428 2270; x_wconf 86' lang='lat' dir='ltr'>signa.</span> <span class='ocrx_word' id='word_1_155' title='bbox 472 2189 543 2252; x_wconf 89' lang='lat' dir='ltr'>Jam</span> <span class='ocrx_word' id='word_1_156' title='bbox 565 2209 660 2272; x_wconf 89' lang='lat' dir='ltr'>prope</span> <span class='ocrx_word' id='word_1_157' title='bbox 676 2201 753 2264; x_wconf 84' lang='lat' dir='ltr'>erat,</span> <span class='ocrx_word' id='word_1_158' title='bbox 775 2198 811 2248; x_wconf 90' lang='lat' dir='ltr'>ut</span> <span class='ocrx_word' id='word_1_159' title='bbox 832 2186 985 2247; x_wconf 88' lang='lat' dir='ltr'>sinistrum</span> <span class='ocrx_word' id='word_1_160' title='bbox 1006 2201 1100 2244; x_wconf 88' lang='lat' dir='ltr'>comu</span> <span class='ocrx_word' id='word_1_161' title='bbox 1120 2173 1189 2263; x_wconf 80' lang='lat' dir='ltr'>pel·</span> 
     </span>
    </p>

    <p class='ocr_par' dir='ltr' id='par_1_21' title="bbox 141 2267 1340 2358">
     <span class='ocr_line' id='line_1_22' title="bbox 141 2267 1340 2358; baseline -0.008 -23"><span class='ocrx_word' id='word_1_162' title='bbox 141 2272 257 2340; x_wconf 86' lang='lat' dir='ltr'>Ieretur</span> <span class='ocrx_word' id='word_1_163' title='bbox 286 2273 444 2352; x_wconf 84' lang='lat' dir='ltr'>Romarris,</span> <span class='ocrx_word' id='word_1_164' title='bbox 472 2276 504 2343; x_wconf 86' lang='lat' dir='ltr'>ni</span> <span class='ocrx_word' id='word_1_165' title='bbox 529 2276 660 2358; x_wconf 87' lang='lat' dir='ltr'>septima</span> <span class='ocrx_word' id='word_1_166' title='bbox 689 2274 771 2356; x_wconf 81' lang='lat' dir='ltr'>legio</span> <span class='ocrx_word' id='word_1_167' title='bbox 800 2271 1003 2336; x_wconf 74' lang='lat' dir='ltr'>succesaisoet.</span> <span class='ocrx_word' id='word_1_168' title='bbox 1031 2267 1122 2336; x_wconf 83' lang='lat' dir='ltr'>simul</span> <span class='ocrx_word' id='word_1_169' title='bbox 1151 2267 1190 2328; x_wconf 87' lang='lat' dir='ltr'>ab</span> <span class='ocrx_word' id='word_1_170' title='bbox 1247 2347 1250 2354; x_wconf 29' lang='grc' dir='ltr'>Ι</span> <span class='ocrx_word' id='word_1_171' title='bbox 1282 2323 1302 2346; x_wconf 20' lang='grc'>,1</span> <span class='ocrx_word' id='word_1_172' title='bbox 1335 2322 1340 2336; x_wconf 87' lang='grc'>,</span> 
     </span>
    </p>

    <p class='ocr_par' dir='ltr' id='par_1_22' title="bbox 139 2354 1191 2445">
     <span class='ocr_line' id='line_1_23' title="bbox 139 2354 1191 2445; baseline 0.001 -23"><span class='ocrx_word' id='word_1_173' title='bbox 139 2359 260 2442; x_wconf 85' lang='lat' dir='ltr'>oppido</span> <span class='ocrx_word' id='word_1_174' title='bbox 273 2357 404 2437; x_wconf 84' lang='lat' dir='ltr'>AEbura,</span> <span class='ocrx_word' id='word_1_175' title='bbox 425 2362 477 2442; x_wconf 87' lang='lat' dir='ltr'>qui</span> <span class='ocrx_word' id='word_1_176' title='bbox 501 2362 532 2424; x_wconf 88' lang='lat' dir='ltr'>in</span> <span class='ocrx_word' id='word_1_177' title='bbox 555 2361 696 2445; x_wconf 73' lang='lat' dir='ltr'>presidio</span> <span class='ocrx_word' id='word_1_178' title='bbox 720 2359 819 2426; x_wconf 87' lang='lat' dir='ltr'>relicti</span> <span class='ocrx_word' id='word_1_179' title='bbox 842 2367 941 2437; x_wconf 78' lang='lat' dir='ltr'>erant,</span> <span class='ocrx_word' id='word_1_180' title='bbox 962 2355 995 2418; x_wconf 87' lang='lat' dir='ltr'>in</span> <span class='ocrx_word' id='word_1_181' title='bbox 1016 2354 1121 2423; x_wconf 83' lang='lat' dir='ltr'>medio</span> <span class='ocrx_word' id='word_1_182' title='bbox 1139 2373 1191 2423; x_wconf 69' lang='lat' dir='ltr'>tt·</span> 
     </span>
    </p>
   </div>
   <div class='ocr_carea' id='block_1_3' title="bbox 10 2441 1198 2528">
    <p class='ocr_par' dir='ltr' id='par_1_23' title="bbox 10 2441 1198 2528">
     <span class='ocr_line' id='line_1_24' title="bbox 10 2441 1198 2528; baseline -0.003 -18"><span class='ocrx_word' id='word_1_183' title='bbox 10 2453 15 2462; x_wconf 91' lang='lat'>&#39;</span> <span class='ocrx_word' id='word_1_184' title='bbox 139 2443 218 2510; x_wconf 74' lang='lat' dir='ltr'>dore</span> <span class='ocrx_word' id='word_1_185' title='bbox 233 2467 341 2528; x_wconf 83' lang='lat' dir='ltr'>pugnae</span> <span class='ocrx_word' id='word_1_186' title='bbox 358 2447 558 2525; x_wconf 83' lang='lat' dir='ltr'>advenerunt,</span> <span class='ocrx_word' id='word_1_187' title='bbox 580 2459 612 2510; x_wconf 89' lang='lat' dir='ltr'>et</span> <span class='ocrx_word' id='word_1_188' title='bbox 633 2445 750 2512; x_wconf 84' lang='lat' dir='ltr'>Acilius</span> <span class='ocrx_word' id='word_1_189' title='bbox 774 2447 813 2508; x_wconf 89' lang='lat' dir='ltr'>ab</span> <span class='ocrx_word' id='word_1_190' title='bbox 839 2457 927 2526; x_wconf 85' lang='lat' dir='ltr'>tergo</span> <span class='ocrx_word' id='word_1_191' title='bbox 948 2455 1024 2506; x_wconf 88' lang='lat' dir='ltr'>erat.</span> <span class='ocrx_word' id='word_1_192' title='bbox 1067 2441 1134 2508; x_wconf 89' lang='lat' dir='ltr'>Diu</span> <span class='ocrx_word' id='word_1_193' title='bbox 1157 2445 1198 2528; x_wconf 60' lang='lat' dir='ltr'>iss</span> 
     </span>
    </p>
   </div>
   <div class='ocr_carea' id='block_1_4' title="bbox 133 2529 1343 4575">
    <p class='ocr_par' dir='ltr' id='par_1_24' title="bbox 136 2529 1343 3558">
     <span class='ocr_line' id='line_1_25' title="bbox 142 2529 1189 2616; baseline 0.009 -22"><span class='ocrx_word' id='word_1_194' title='bbox 142 2529 249 2594; x_wconf 86' lang='lat' dir='ltr'>medio</span> <span class='ocrx_word' id='word_1_195' title='bbox 264 2533 332 2599; x_wconf 80' lang='lat' dir='ltr'>cresi</span> <span class='ocrx_word' id='word_1_196' title='bbox 348 2531 503 2598; x_wconf 82' lang='lat' dir='ltr'>Celtiberi.</span> <span class='ocrx_word' id='word_1_197' title='bbox 527 2533 578 2614; x_wconf 88' lang='lat' dir='ltr'>qui</span> <span class='ocrx_word' id='word_1_198' title='bbox 600 2544 787 2616; x_wconf 88' lang='lat' dir='ltr'>supereraut,</span> <span class='ocrx_word' id='word_1_199' title='bbox 809 2533 841 2594; x_wconf 89' lang='lat' dir='ltr'>in</span> <span class='ocrx_word' id='word_1_200' title='bbox 862 2551 970 2598; x_wconf 86' lang='lat' dir='ltr'>omncs</span> <span class='ocrx_word' id='word_1_201' title='bbox 991 2530 1189 2614; x_wconf 67' lang='lat' dir='ltr'>pauiment-</span> 
     </span>
     <span class='ocr_line' id='line_1_26' title="bbox 145 2617 1210 2702; baseline -0.004 -22"><span class='ocrx_word' id='word_1_202' title='bbox 145 2626 193 2680; x_wconf 86' lang='lat' dir='ltr'>res</span> <span class='ocrx_word' id='word_1_203' title='bbox 223 2631 387 2700; x_wconf 83' lang='lat' dir='ltr'>capessunt</span> <span class='ocrx_word' id='word_1_204' title='bbox 416 2619 531 2702; x_wconf 77' lang='lat' dir='ltr'>lugam</span> <span class='ocrx_word' id='word_1_205' title='bbox 585 2618 725 2700; x_wconf 76' lang='lat' dir='ltr'>Equites,</span> <span class='ocrx_word' id='word_1_206' title='bbox 760 2617 907 2700; x_wconf 82' lang='lat' dir='ltr'>bipartito</span> <span class='ocrx_word' id='word_1_207' title='bbox 935 2619 967 2679; x_wconf 92' lang='lat' dir='ltr'>in</span> <span class='ocrx_word' id='word_1_208' title='bbox 997 2639 1049 2681; x_wconf 88' lang='lat' dir='ltr'>eos</span> <span class='ocrx_word' id='word_1_209' title='bbox 1078 2619 1210 2700; x_wconf 56' lang='lat' dir='ltr'>emissi.</span> 
     </span>
     <span class='ocr_line' id='line_1_27' title="bbox 141 2703 1191 2786; baseline 0.006 -23"><span class='ocrx_word' id='word_1_210' title='bbox 141 2721 289 2784; x_wconf 78' lang='lat' dir='ltr'>magnam</span> <span class='ocrx_word' id='word_1_211' title='bbox 313 2705 425 2774; x_wconf 78' lang='lat' dir='ltr'>cadem</span> <span class='ocrx_word' id='word_1_212' title='bbox 449 2705 583 2768; x_wconf 84' lang='lat' dir='ltr'>edidere.</span> <span class='ocrx_word' id='word_1_213' title='bbox 605 2705 645 2768; x_wconf 87' lang='lat' dir='ltr'>ad</span> <span class='ocrx_word' id='word_1_214' title='bbox 668 2704 775 2786; x_wconf 84' lang='lat' dir='ltr'>viginti</span> <span class='ocrx_word' id='word_1_215' title='bbox 797 2705 857 2769; x_wconf 88' lang='lat' dir='ltr'>tria</span> <span class='ocrx_word' id='word_1_216' title='bbox 878 2703 975 2768; x_wconf 89' lang='lat' dir='ltr'>millia</span> <span class='ocrx_word' id='word_1_217' title='bbox 995 2705 1128 2774; x_wconf 88' lang='lat' dir='ltr'>hostium</span> <span class='ocrx_word' id='word_1_218' title='bbox 1151 2727 1191 2770; x_wconf 89' lang='lat' dir='ltr'>eo</span> 
     </span>
     <span class='ocr_line' id='line_1_28' title="bbox 143 2787 1190 2874; baseline 0.004 -26"><span class='ocrx_word' id='word_1_219' title='bbox 143 2787 195 2854; x_wconf 87' lang='lat' dir='ltr'>die</span> <span class='ocrx_word' id='word_1_220' title='bbox 219 2809 314 2852; x_wconf 79' lang='lat' dir='ltr'>cessa:</span> <span class='ocrx_word' id='word_1_221' title='bbox 342 2802 435 2873; x_wconf 89' lang='lat' dir='ltr'>capta</span> <span class='ocrx_word' id='word_1_222' title='bbox 456 2801 585 2872; x_wconf 88' lang='lat' dir='ltr'>quatuor</span> <span class='ocrx_word' id='word_1_223' title='bbox 605 2791 701 2855; x_wconf 87' lang='lat' dir='ltr'>millia</span> <span class='ocrx_word' id='word_1_224' title='bbox 719 2801 757 2850; x_wconf 82' lang='lat' dir='ltr'>et</span> <span class='ocrx_word' id='word_1_225' title='bbox 777 2789 960 2873; x_wconf 85' lang='lat' dir='ltr'>septingenti</span> <span class='ocrx_word' id='word_1_226' title='bbox 968 2801 993 2866; x_wconf 77' lang='lat'>⁸,</span> <span class='ocrx_word' id='word_1_227' title='bbox 1012 2811 1084 2858; x_wconf 85' lang='lat' dir='ltr'>oum</span> <span class='ocrx_word' id='word_1_228' title='bbox 1104 2792 1190 2874; x_wconf 84' lang='lat' dir='ltr'>equis</span> 
     </span>
     <span class='ocr_line' id='line_1_29' title="bbox 139 2873 1212 2972; baseline 0.007 -38"><span class='ocrx_word' id='word_1_229' title='bbox 139 2873 212 2954; x_wconf 87' lang='lat' dir='ltr'>plus</span> <span class='ocrx_word' id='word_1_230' title='bbox 226 2875 410 2972; x_wconf 69' lang='lat' dir='ltr'>quingentis,</span> <span class='ocrx_word' id='word_1_231' title='bbox 433 2887 464 2938; x_wconf 90' lang='lat' dir='ltr'>et</span> <span class='ocrx_word' id='word_1_232' title='bbox 486 2877 574 2956; x_wconf 86' lang='lat' dir='ltr'>signa</span> <span class='ocrx_word' id='word_1_233' title='bbox 594 2876 739 2940; x_wconf 87' lang='lat' dir='ltr'>militaria</span> <span class='ocrx_word' id='word_1_234' title='bbox 752 2876 932 2956; x_wconf 77' lang='lat' dir='ltr'>octagintay</span> <span class='ocrx_word' id='word_1_235' title='bbox 946 2885 1030 2940; x_wconf 84' lang='lat' dir='ltr'>octo.</span> <span class='ocrx_word' id='word_1_236' title='bbox 1072 2873 1212 2958; x_wconf 51' lang='lat' dir='ltr'>Magna.</span> 
     </span>
     <span class='ocr_line' id='line_1_30' title="bbox 140 2957 1191 3037; baseline 0.003 -18"><span class='ocrx_word' id='word_1_237' title='bbox 140 2959 281 3037; x_wconf 77' lang='lat' dir='ltr'>uictoria,</span> <span class='ocrx_word' id='word_1_238' title='bbox 319 2981 381 3022; x_wconf 91' lang='lat' dir='ltr'>non</span> <span class='ocrx_word' id='word_1_239' title='bbox 410 2972 513 3022; x_wconf 69' lang='lat' dir='ltr'>mmen</span> <span class='ocrx_word' id='word_1_240' title='bbox 542 2961 700 3025; x_wconf 86' lang='lat' dir='ltr'>incruenta</span> <span class='ocrx_word' id='word_1_241' title='bbox 732 2960 800 3028; x_wconf 84' lang='lat' dir='ltr'>luit.</span> <span class='ocrx_word' id='word_1_242' title='bbox 844 2957 975 3030; x_wconf 81' lang='lat' dir='ltr'>Romani</span> <span class='ocrx_word' id='word_1_243' title='bbox 1005 2959 1044 3022; x_wconf 88' lang='lat' dir='ltr'>de</span> <span class='ocrx_word' id='word_1_244' title='bbox 1073 2961 1191 3028; x_wconf 65' lang='lat' dir='ltr'>duabus</span> 
     </span>
     <span class='ocr_line' id='line_1_31' title="bbox 136 3041 1190 3129; baseline 0.003 -23"><span class='ocrx_word' id='word_1_245' title='bbox 136 3041 314 3126; x_wconf 76' lang='lat' dir='ltr'>¹legionibus</span> <span class='ocrx_word' id='word_1_246' title='bbox 337 3045 447 3112; x_wconf 84' lang='lat' dir='ltr'>milites</span> <span class='ocrx_word' id='word_1_247' title='bbox 470 3045 572 3128; x_wconf 89' lang='lat' dir='ltr'>paullo</span> <span class='ocrx_word' id='word_1_248' title='bbox 594 3046 663 3129; x_wconf 91' lang='lat' dir='ltr'>plus</span> <span class='ocrx_word' id='word_1_249' title='bbox 683 3045 818 3126; x_wconf 83' lang='lat' dir='ltr'>ducenti,</span> <span class='ocrx_word' id='word_1_250' title='bbox 840 3046 958 3112; x_wconf 75' lang='lat' dir='ltr'>socium</span> <span class='ocrx_word' id='word_1_251' title='bbox 973 3043 1190 3128; x_wconf 84' lang='lat' dir='ltr'>Iatininomi-</span> 
     </span>
     <span class='ocr_line' id='line_1_32' title="bbox 141 3129 1215 3214; baseline 0.007 -24"><span class='ocrx_word' id='word_1_252' title='bbox 141 3129 192 3190; x_wconf 89' lang='lat' dir='ltr'>nis</span> <span class='ocrx_word' id='word_1_253' title='bbox 214 3131 383 3214; x_wconf 79' lang='lat' dir='ltr'>octingenti</span> <span class='ocrx_word' id='word_1_254' title='bbox 413 3131 548 3212; x_wconf 78' lang='lat' dir='ltr'>triginta,</span> <span class='ocrx_word' id='word_1_255' title='bbox 578 3147 772 3196; x_wconf 86' lang='lat' dir='ltr'>externorum</span> <span class='ocrx_word' id='word_1_256' title='bbox 794 3131 984 3200; x_wconf 79' lang='lat' dir='ltr'>auxiliarium</span> <span class='ocrx_word' id='word_1_257' title='bbox 1004 3131 1069 3200; x_wconf 83' lang='lat' dir='ltr'>duo</span> <span class='ocrx_word' id='word_1_258' title='bbox 1094 3133 1192 3202; x_wconf 86' lang='lat' dir='ltr'>millia</span> <span class='ocrx_word' id='word_1_259' title='bbox 1207 3175 1215 3187; x_wconf 70' lang='lat'><em>,</em></span> 
     </span>
     <span class='ocr_line' id='line_1_33' title="bbox 140 3214 1343 3300; baseline 0.004 -22"><span class='ocrx_word' id='word_1_260' title='bbox 140 3214 240 3282; x_wconf 83' lang='lat' dir='ltr'>ferme</span> <span class='ocrx_word' id='word_1_261' title='bbox 262 3228 295 3278; x_wconf 87' lang='lat' dir='ltr'>et</span> <span class='ocrx_word' id='word_1_262' title='bbox 316 3217 529 3300; x_wconf 79' lang='lat' dir='ltr'>quadringenti</span> <span class='ocrx_word' id='word_1_263' title='bbox 552 3218 736 3282; x_wconf 82' lang='lat' dir='ltr'>ceciderunt.</span> <span class='ocrx_word' id='word_1_264' title='bbox 780 3216 890 3282; x_wconf 85' lang='lat' dir='ltr'>Praetor</span> <span class='ocrx_word' id='word_1_265' title='bbox 913 3217 944 3280; x_wconf 93' lang='lat' dir='ltr'>in</span> <span class='ocrx_word' id='word_1_266' title='bbox 967 3229 1068 3282; x_wconf 85' lang='lat' dir='ltr'>castra</span> <span class='ocrx_word' id='word_1_267' title='bbox 1089 3217 1193 3283; x_wconf 86' lang='lat' dir='ltr'>victo·-</span> <span class='ocrx_word' id='word_1_268' title='bbox 1338 3287 1343 3292; x_wconf 67' lang='grc'><strong>,</strong></span> 
     </span>
     <span class='ocr_line' id='line_1_34' title="bbox 144 3302 1253 3372; baseline 0.004 -10"><span class='ocrx_word' id='word_1_269' title='bbox 144 3321 209 3366; x_wconf 86' lang='lat' dir='ltr'>rem</span> <span class='ocrx_word' id='word_1_270' title='bbox 234 3303 402 3366; x_wconf 84' lang='lat' dir='ltr'>exercitum</span> <span class='ocrx_word' id='word_1_271' title='bbox 432 3305 561 3370; x_wconf 83' lang='lat' dir='ltr'>reduxit</span> <span class='ocrx_word' id='word_1_272' title='bbox 604 3302 720 3366; x_wconf 82' lang='lat' dir='ltr'>Acilius</span> <span class='ocrx_word' id='word_1_273' title='bbox 750 3323 872 3370; x_wconf 91' lang='lat' dir='ltr'>rnanere</span> <span class='ocrx_word' id='word_1_274' title='bbox 900 3302 933 3372; x_wconf 88' lang='lat' dir='ltr'>in</span> <span class='ocrx_word' id='word_1_275' title='bbox 958 3303 1064 3367; x_wconf 86' lang='lat' dir='ltr'>castris</span> <span class='ocrx_word' id='word_1_276' title='bbox 1093 3305 1132 3366; x_wconf 89' lang='lat' dir='ltr'>ab</span> <span class='ocrx_word' id='word_1_277' title='bbox 1153 3326 1204 3368; x_wconf 84' lang='lat' dir='ltr'>se·</span> <span class='ocrx_word' id='word_1_278' title='bbox 1251 3303 1253 3308; x_wconf 80' lang='grc'><strong>’</strong></span> 
     </span>
     <span class='ocr_line' id='line_1_35' title="bbox 140 3387 1193 3474; baseline 0.007 -24"><span class='ocrx_word' id='word_1_279' title='bbox 140 3388 244 3469; x_wconf 81' lang='lat' dir='ltr'>ceptis</span> <span class='ocrx_word' id='word_1_280' title='bbox 263 3387 375 3470; x_wconf 85' lang='lat' dir='ltr'>jussus.</span> <span class='ocrx_word' id='word_1_281' title='bbox 398 3402 518 3472; x_wconf 86' lang='lat' dir='ltr'>postero</span> <span class='ocrx_word' id='word_1_282' title='bbox 545 3391 594 3453; x_wconf 90' lang='lat' dir='ltr'>die</span> <span class='ocrx_word' id='word_1_283' title='bbox 617 3389 714 3472; x_wconf 86' lang='lat' dir='ltr'>spolia</span> <span class='ocrx_word' id='word_1_284' title='bbox 738 3389 776 3455; x_wconf 89' lang='lat' dir='ltr'>de</span> <span class='ocrx_word' id='word_1_285' title='bbox 796 3389 935 3454; x_wconf 80' lang='lat' dir='ltr'>hostibus</span> <span class='ocrx_word' id='word_1_286' title='bbox 959 3388 1048 3468; x_wconf 83' lang='lat' dir='ltr'>lecta,</span> <span class='ocrx_word' id='word_1_287' title='bbox 1075 3401 1107 3454; x_wconf 83' lang='lat' dir='ltr'>et</span> <span class='ocrx_word' id='word_1_288' title='bbox 1129 3411 1193 3474; x_wconf 81' lang='lat' dir='ltr'>pro·</span> 
     </span>
     <span class='ocr_line' id='line_1_36' title="bbox 144 3473 946 3558; baseline 0.005 -24"><span class='ocrx_word' id='word_1_289' title='bbox 144 3473 291 3535; x_wconf 87' lang='lat' dir='ltr'>concione</span> <span class='ocrx_word' id='word_1_290' title='bbox 308 3473 424 3553; x_wconf 89' lang='lat' dir='ltr'>donati,</span> <span class='ocrx_word' id='word_1_291' title='bbox 447 3497 574 3558; x_wconf 91' lang='lat' dir='ltr'>quorum</span> <span class='ocrx_word' id='word_1_292' title='bbox 588 3475 682 3537; x_wconf 85' lang='lat' dir='ltr'>virtus</span> <span class='ocrx_word' id='word_1_293' title='bbox 698 3475 822 3556; x_wconf 88' lang='lat' dir='ltr'>insignis</span> <span class='ocrx_word' id='word_1_294' title='bbox 837 3476 946 3538; x_wconf 87' lang='lat' dir='ltr'>fuerat.</span> 
     </span>
    </p>

    <p class='ocr_par' dir='ltr' id='par_1_25' title="bbox 133 3557 1325 4568">
     <span class='ocr_line' id='line_1_37' title="bbox 188 3557 1186 3645; baseline 0.006 -25"><span class='ocrx_word' id='word_1_295' title='bbox 188 3557 339 3622; x_wconf 85' lang='lat' dir='ltr'><strong>XXXIII.</strong></span> <span class='ocrx_word' id='word_1_296' title='bbox 362 3559 479 3624; x_wconf 88' lang='lat' dir='ltr'>Sauciis</span> <span class='ocrx_word' id='word_1_297' title='bbox 504 3561 615 3630; x_wconf 83' lang='lat' dir='ltr'>deinde</span> <span class='ocrx_word' id='word_1_298' title='bbox 645 3562 677 3624; x_wconf 91' lang='lat' dir='ltr'>in</span> <span class='ocrx_word' id='word_1_299' title='bbox 697 3562 842 3645; x_wconf 86' lang='lat' dir='ltr'>oppidum</span> <span class='ocrx_word' id='word_1_300' title='bbox 868 3559 1017 3623; x_wconf 85' lang='lat' dir='ltr'>AEburam</span> <span class='ocrx_word' id='word_1_301' title='bbox 1042 3561 1186 3642; x_wconf 86' lang='lat' dir='ltr'>devectis,</span> 
     </span>
     <span class='ocr_line' id='line_1_38' title="bbox 144 3643 1325 3729; baseline 0.006 -24"><span class='ocrx_word' id='word_1_302' title='bbox 144 3665 201 3726; x_wconf 88' lang='lat' dir='ltr'>per</span> <span class='ocrx_word' id='word_1_303' title='bbox 231 3643 445 3729; x_wconf 84' lang='lat' dir='ltr'>Carpetaniam</span> <span class='ocrx_word' id='word_1_304' title='bbox 472 3649 513 3710; x_wconf 88' lang='lat' dir='ltr'>ad</span> <span class='ocrx_word' id='word_1_305' title='bbox 539 3643 737 3710; x_wconf 82' lang='lat' dir='ltr'>Contrebiam</span> <span class='ocrx_word' id='word_1_306' title='bbox 762 3648 860 3710; x_wconf 80' lang='lat' dir='ltr'>ducta</span> <span class='ocrx_word' id='word_1_307' title='bbox 885 3647 1030 3729; x_wconf 86' lang='lat' dir='ltr'>legiones.</span> <span class='ocrx_word' id='word_1_308' title='bbox 1056 3671 1094 3711; x_wconf 85' lang='lat' dir='ltr'>ea</span> <span class='ocrx_word' id='word_1_309' title='bbox 1115 3651 1184 3712; x_wconf 91' lang='lat' dir='ltr'>urbs</span> <span class='ocrx_word' id='word_1_310' title='bbox 1197 3673 1325 3726; x_wconf 59' lang='lat' dir='ltr'>eomas,</span> 
     </span>
     <span class='ocr_line' id='line_1_39' title="bbox 143 3731 1272 3816; baseline 0.009 -22"><span class='ocrx_word' id='word_1_311' title='bbox 143 3731 354 3811; x_wconf 60' lang='lat' dir='ltr'>mumma,</span> <span class='ocrx_word' id='word_1_312' title='bbox 376 3755 468 3815; x_wconf 84' lang='lat' dir='ltr'>quum</span> <span class='ocrx_word' id='word_1_313' title='bbox 482 3757 502 3796; x_wconf 87' lang='lat' dir='ltr'>a</span> <span class='ocrx_word' id='word_1_314' title='bbox 516 3733 676 3802; x_wconf 81' lang='lat' dir='ltr'>Celtiberis</span> <span class='ocrx_word' id='word_1_315' title='bbox 700 3734 813 3798; x_wconf 79' lang='lat' dir='ltr'>auxilia</span> <span class='ocrx_word' id='word_1_316' title='bbox 829 3735 1015 3816; x_wconf 82' lang='lat' dir='ltr'>arcessisset,</span> <span class='ocrx_word' id='word_1_317' title='bbox 1037 3736 1184 3802; x_wconf 81' lang='lat' dir='ltr'>moranti·</span> <span class='ocrx_word' id='word_1_318' title='bbox 1197 3748 1272 3803; x_wconf 58' lang='grc' dir='ltr'>ψ’</span> 
     </span>
     <span class='ocr_line' id='line_1_40' title="bbox 144 3817 1187 3904; baseline 0.01 -26"><span class='ocrx_word' id='word_1_319' title='bbox 144 3817 201 3878; x_wconf 76' lang='lat' dir='ltr'>bin</span> <span class='ocrx_word' id='word_1_320' title='bbox 228 3819 275 3896; x_wconf 82' lang='lat' dir='ltr'>iis,</span> <span class='ocrx_word' id='word_1_321' title='bbox 297 3839 359 3882; x_wconf 88' lang='lat' dir='ltr'>non</span> <span class='ocrx_word' id='word_1_322' title='bbox 382 3821 454 3901; x_wconf 87' lang='lat' dir='ltr'>quia</span> <span class='ocrx_word' id='word_1_323' title='bbox 471 3821 531 3903; x_wconf 84' lang='lat' dir='ltr'>ipsi</span> <span class='ocrx_word' id='word_1_324' title='bbox 559 3821 692 3882; x_wconf 86' lang='lat' dir='ltr'>cunctati</span> <span class='ocrx_word' id='word_1_325' title='bbox 717 3833 800 3896; x_wconf 85' lang='lat' dir='ltr'>sunt,</span> <span class='ocrx_word' id='word_1_326' title='bbox 824 3820 880 3884; x_wconf 87' lang='lat' dir='ltr'>sed</span> <span class='ocrx_word' id='word_1_327' title='bbox 900 3819 971 3904; x_wconf 87' lang='lat' dir='ltr'>quia</span> <span class='ocrx_word' id='word_1_328' title='bbox 991 3821 1145 3903; x_wconf 81' lang='lat' dir='ltr'>profectos</span> <span class='ocrx_word' id='word_1_329' title='bbox 1164 3843 1187 3888; x_wconf 77' lang='lat' dir='ltr'>a</span> 
     </span>
     <span class='ocr_line' id='line_1_41' title="bbox 142 3902 1186 3990; baseline 0.002 -22"><span class='ocrx_word' id='word_1_330' title='bbox 142 3902 237 3968; x_wconf 89' lang='lat' dir='ltr'>domo</span> <span class='ocrx_word' id='word_1_331' title='bbox 264 3906 491 3990; x_wconf 78' lang='lat' dir='ltr'>inexplicabiles</span> <span class='ocrx_word' id='word_1_332' title='bbox 515 3907 666 3969; x_wconf 89' lang='lat' dir='ltr'>continuis</span> <span class='ocrx_word' id='word_1_333' title='bbox 686 3907 833 3970; x_wconf 88' lang='lat' dir='ltr'>imbribus</span> <span class='ocrx_word' id='word_1_334' title='bbox 847 3907 902 3968; x_wconf 78' lang='lat' dir='ltr'>vie</span> <span class='ocrx_word' id='word_1_335' title='bbox 921 3917 956 3968; x_wconf 86' lang='lat' dir='ltr'>et</span> <span class='ocrx_word' id='word_1_336' title='bbox 969 3907 1065 3969; x_wconf 78' lang='lat' dir='ltr'>inflati</span> <span class='ocrx_word' id='word_1_337' title='bbox 1080 3927 1186 3970; x_wconf 76' lang='lat' dir='ltr'>amnes</span> 
     </span>
     <span class='ocr_line' id='line_1_42' title="bbox 142 3991 1186 4076; baseline 0 -22"><span class='ocrx_word' id='word_1_338' title='bbox 142 3991 299 4072; x_wconf 80' lang='lat' dir='ltr'>tenebant,</span> <span class='ocrx_word' id='word_1_339' title='bbox 330 3992 488 4076; x_wconf 81' lang='lat' dir='ltr'>desperaro</span> <span class='ocrx_word' id='word_1_340' title='bbox 517 3993 632 4058; x_wconf 80' lang='lat' dir='ltr'>aurdlio</span> <span class='ocrx_word' id='word_1_341' title='bbox 657 4013 790 4070; x_wconf 86' lang='lat' dir='ltr'>suorum,</span> <span class='ocrx_word' id='word_1_342' title='bbox 818 3993 851 4054; x_wconf 91' lang='lat' dir='ltr'>in</span> <span class='ocrx_word' id='word_1_343' title='bbox 879 3991 1067 4060; x_wconf 86' lang='lat' dir='ltr'>deditionem</span> <span class='ocrx_word' id='word_1_344' title='bbox 1090 3995 1186 4064; x_wconf 81' lang='lat' dir='ltr'>venit,</span> 
     </span>
     <span class='ocr_line' id='line_1_43' title="bbox 133 4073 1185 4162; baseline 0.006 -22"><span class='ocrx_word' id='word_1_345' title='bbox 133 4073 271 4141; x_wconf 69' lang='lat' dir='ltr'>-I‘Iecoua</span> <span class='ocrx_word' id='word_1_346' title='bbox 300 4099 430 4162; x_wconf 86' lang='lat' dir='ltr'>quoque,</span> <span class='ocrx_word' id='word_1_347' title='bbox 462 4079 698 4162; x_wconf 76' lang='lat' dir='ltr'>tempestatibus</span> <span class='ocrx_word' id='word_1_348' title='bbox 734 4078 822 4141; x_wconf 73' lang='lat' dir='ltr'>foeffis</span> <span class='ocrx_word' id='word_1_349' title='bbox 852 4090 988 4158; x_wconf 76' lang='lat' dir='ltr'>essene,</span> <span class='ocrx_word' id='word_1_350' title='bbox 1018 4081 1185 4146; x_wconf 62' lang='lat' dir='ltr'>euscium</span> 
     </span>
     <span class='ocr_line' id='line_1_44' title="bbox 134 4201 1186 4332; baseline 0.004 -81"><span class='ocrx_word' id='word_1_351' title='bbox 134 4201 760 4332; x_wconf 39' lang='lat' dir='ltr'>&#39;impugnamenta-rumorosos.</span> <span class='ocrx_word' id='word_1_352' title='bbox 806 4201 1023 4268; x_wconf 50' lang='lat' dir='ltr'>emanantes.</span> <span class='ocrx_word' id='word_1_353' title='bbox 1094 4209 1186 4254; x_wconf 66' lang='lat' dir='ltr'>rm</span> 
     </span>
     <span class='ocr_line' id='line_1_45' title="bbox 134 4369 1191 4440; baseline -0.004 -15"><span class='ocrx_word' id='word_1_354' title='bbox 134 4381 139 4390; x_wconf 79' lang='lat'><strong>¹</strong></span> <span class='ocrx_word' id='word_1_355' title='bbox 171 4369 274 4424; x_wconf 71' lang='lat' dir='ltr'>&#39;’Sui</span> <span class='ocrx_word' id='word_1_356' title='bbox 352 4375 374 4428; x_wconf 72' lang='lat' dir='ltr'>tr</span> <span class='ocrx_word' id='word_1_357' title='bbox 405 4373 531 4422; x_wconf 68' lang='lat' dir='ltr'>munerata</span> <span class='ocrx_word' id='word_1_358' title='bbox 550 4373 645 4440; x_wconf 64' lang='lat' dir='ltr'>nnita]</span> <span class='ocrx_word' id='word_1_359' title='bbox 679 4370 1191 4438; x_wconf 63' lang='lat' dir='ltr'>ranenodomgsuerwquolpu,</span> 
     </span>
     <span class='ocr_line' id='line_1_46' title="bbox 139 4389 946 4568; baseline -0.009 -78"><span class='ocrx_word' id='word_1_360' title='bbox 139 4433 227 4524; x_wconf 59' lang='lat' dir='ltr'>&#39;Copias</span> <span class='ocrx_word' id='word_1_361' title='bbox 246 4389 364 4490; x_wconf 58' lang='lat' dir='ltr'>ruffi·</span> <span class='ocrx_word' id='word_1_362' title='bbox 385 4438 409 4488; x_wconf 85' lang='lat' dir='ltr'>is</span> <span class='ocrx_word' id='word_1_363' title='bbox 433 4437 549 4506; x_wconf 77' lang='lat' dir='ltr'>prouincia</span> <span class='ocrx_word' id='word_1_364' title='bbox 567 4437 648 4490; x_wconf 73' lang='lat' dir='ltr'>rouec-</span> <span class='ocrx_word' id='word_1_365' title='bbox 680 4437 891 4568; x_wconf 55' lang='grc' dir='ltr'>ἱᾶεοιὶΙ-Ῑὴμω.</span> <span class='ocrx_word' id='word_1_366' title='bbox 944 4511 946 4520; x_wconf 30' lang='lat'><strong><em>¹</em></strong></span> 
     </span>
    </p>

    <p class='ocr_par' dir='ltr' id='par_1_26' title="bbox 593 4519 799 4575">
     <span class='ocr_line' id='line_1_47' title="bbox 593 4519 799 4575; baseline 0.034 -7"><span class='ocrx_word' id='word_1_367' title='bbox 593 4521 595 4526; x_wconf 80' lang='grc'>’</span> <span class='ocrx_word' id='word_1_368' title='bbox 636 4519 639 4526; x_wconf 83' lang='grc'><strong>“</strong></span> <span class='ocrx_word' id='word_1_369' title='bbox 725 4523 739 4569; x_wconf 90' lang='lat'>1</span> <span class='ocrx_word' id='word_1_370' title='bbox 781 4525 799 4575; x_wconf 83' lang='lat'><strong><em>2</em></strong></span> 
     </span>
    </p>
   </div>
   <div class='ocr_carea' id='block_1_5' title="bbox 0 0 1526 5164">
    <p class='ocr_par' dir='ltr' id='par_1_27' title="bbox 0 0 1526 5164">
     <span class='ocr_line' id='line_1_48' title="bbox 0 0 1526 5164; baseline 0 0"><span class='ocrx_word' id='word_1_371' title='bbox 0 0 1526 5164; x_wconf 95' lang='lat' dir='ltr'> </span> 
     </span>
    </p>
   </div>
  </div>
 </body>
</html>
