3110 5204
436 297 873 394 nummismata
1130 305 1171 362 so

22 443 24 518 l
115 452 200 519 inter
215 453 431 537 imperatorem
446 451 620 524 Romanurn
639 466 671 516 et
684 450 807 526 AEtolos
828 465 898 518 orta
907 507 909 512 .
918 463 965 516 est
980 454 1017 516 de
1031 451 1167 518 Thebis:
1180 464 1258 520 vac.
1267 465 1330 518 tata

116 560 207 620 nem,
227 561 280 603 eas
295 540 402 624 populi
417 539 549 606 Romani
560 539 628 622 jure
643 541 714 604 belli
735 541 833 608 laetos
848 562 926 620 esee,
941 539 1104 612 Quinctius
1120 541 1168 604 di.
1180 526 1325 634 &021970

22 629 24 700 l
116 627 224 704 eebst,
239 627 333 708 qued,
355 627 481 710 integris
500 627 598 706 rebus,
611 628 749 695 exercitu
763 629 802 690 ab
816 649 849 690 se
870 627 1008 706 admoto,
1022 627 1121 690 voesti
1136 627 1168 690 in

22 719 24 770 ἶ
114 712 301 792 amicitiam,
321 735 415 796 quum
439 723 573 801 potestas
596 711 691 776 libus
713 714 902 779 desciscendi
924 715 964 778 ab
988 734 1058 794 rege
1077 725 1168 792 esset,

116 801 237 882 regiam
267 799 449 867 societatem
475 799 624 862 Romanae
654 801 896 884 praeposuissent.
956 798 1110 878 Phaeneas,
1135 811 1169 863 et

117 907 177 970 pro
192 887 342 950 societate
354 884 436 964 belli,
452 907 521 968 quse
529 896 600 948 ante
610 885 725 948 bellum
739 887 928 966 habuissent,
942 887 1058 952 restitui
1073 883 1167 950 AEto·

117 971 157 1034 lis
181 991 301 1055 equum
317 973 474 1058 censebat,
489 984 520 1035 et
535 973 579 1036 ita
600 971 632 1032 in
650 972 766 1036 foedere
780 975 880 1056 primo
895 986 1018 1038 cautum
1042 994 1117 1051 esse,
1132 982 1168 1036 ut

122 1056 194 1120 belli
215 1059 329 1142 praeda,
355 1079 524 1140 rerumque,
540 1079 606 1140 quae
627 1058 698 1122 ferri
713 1059 822 1142 agique
844 1071 980 1142 possent,
995 1059 1151 1124 Romanos
1156 1080 1167 1137 3

119 1163 195 1225 ager
222 1145 370 1228 urbesque
397 1155 494 1228 captae
519 1141 642 1208 AEtolos
665 1157 872 1226 sequerentur.
926 1143 1037 1225 ‘Vos,’
1058 1145 1171 1226 inquit,

118 1229 226 1314 ‘ipsi,'
243 1231 415 1312 Quinctius,
439 1229 622 1296 ‘societatis
646 1230 731 1297 istius
752 1231 836 1313 leges
858 1231 992 1314 rupistis,
1012 1253 1074 1312 quo
1089 1243 1175 1296 temr-

118 1315 232 1399 ‘pore,
256 1317 367 1380 relictis
385 1317 485 1396 nobis,
509 1337 579 1379 cum
604 1313 746 1398 Philippo
769 1338 878 1400 paoem
904 1316 1038 1380 lecistis:
1063 1337 1128 1398 quse
1143 1317 1175 1379 si

118 1399 132 1435 ‘
146 1415 296 1482 maneret,
318 1413 477 1488 captarum
493 1415 598 1466 tamen
612 1402 731 1464 urbium
743 1395 800 1464 illa
814 1403 865 1469 lex
875 1401 963 1466 foret.
1005 1401 1171 1478 Thessaliae

118 1487 287 1552 ‘civitates
320 1511 376 1554 sua
404 1488 562 1554 voluntate
592 1489 624 1551 in
657 1489 804 1552 ditionem
833 1499 971 1552 nostram
1002 1486 1172 1552 venerunt?

113 1569 211 1653 Haec,
233 1597 303 1638 eum
316 1576 452 1640 omnium
467 1576 618 1638 sociorum
634 1573 762 1637 adsensu
778 1575 872 1652 dicta,
893 1571 1007 1636 AEtolis
1022 1589 1085 1636 non
1101 1573 1169 1658 ⁶8iq

115 1663 286 1742 praesentia
298 1663 387 1726 modo
402 1663 511 1744 gravia
523 1661 639 1742 auditu,
656 1660 710 1724 sed
724 1683 798 1724 mox
813 1661 886 1724 belli
898 1660 991 1724 etiam
1008 1663 1034 1700 ⁵⁹
1045 1681 1168 1744 mussa,

116 1766 359 1830 magnarumque
386 1769 425 1810 er
451 1769 488 1812 eo
513 1747 657 1826 cladium,
683 1748 719 1810 iis
744 1747 882 1834 luerunt.⁴
922 1745 1000 1810 Cum
1025 1745 1168 1829 Philippo

117 1832 166 1894 ita
182 1835 336 1913 convenit,
355 1847 390 1900 ut
403 1831 597 1898 Demetrium
613 1833 709 1896 filium
730 1847 762 1897 et
777 1835 924 1915 quosdam
948 1833 1185 1906 err-amicorum

116 1938 249 1982 numero
269 1919 402 1999 obsides,
420 1933 453 1984 et
475 1925 502 1962 ⁶⁰
513 1921 645 1984 ducenta
664 1921 780 1984 talenta
795 1921 901 1985 daret:
926 1918 965 1982 de
980 1918 1089 1981 ceteris
1103 1917 1172 1982 Ro-

118 2024 204 2068 mam
227 2005 362 2071 mitteret
376 2007 505 2090 legatos.
529 2008 568 2070 ad
588 2027 656 2070 eam
679 2028 742 2070 rem
766 2017 898 2090 quatuor
912 2005 1062 2070 mendum
1078 2005 1175 2067 indu·

119 2091 174 2154 eise
195 2105 306 2156 esseut.
351 2090 385 2155 Si
401 2114 461 2177 pax
483 2115 546 2158 nou
562 2095 726 2176 impetrate
748 2093 787 2154 ab
802 2105 912 2156 senatu
934 2092 1023 2170 soret,
1047 2089 1176 2154 obsides

118 2171 342 2260 pecuniamque
367 2179 453 2241 reddi
477 2179 618 2262 Philippo
646 2181 839 2260 ⁶¹recepturn
861 2193 918 2242 est.
963 2175 1079 2242 Caussa
1104 2177 1171 2243 Ro·

119 2283 214 2326 mane
235 2265 411 2347 imperatori
435 2287 497 2328 non
521 2265 583 2326 alia
607 2263 705 2346 major
719 2264 811 2338 fuisse
835 2264 947 2328 dieitur
961 2267 1045 2348 pasis
1066 2279 1169 2330 nutu-

116 2349 233 2428 randre,
244 2371 339 2432 quam
356 2352 440 2432 quod
454 2351 642 2414 Antiochum
659 2349 772 2415 bellum
786 2352 1005 2434 transitumque
1021 2353 1052 2414 in
1069 2349 1168 2416 Euro-

115 2453 191 2517 pam
205 2436 306 2498 moliui
322 2437 495 2500 constabat.
1180 2475 1326 2527 qum„
1351 2497 1362 2504 ..
1384 2461 1388 2466 ·

159 2519 248 2584 XIV.
271 2520 388 2586 Eadem
413 2533 561 2606 tempore,
586 2533 691 2604 atque,
714 2534 750 2586 ut
775 2525 898 2606 quidam
924 2525 1087 2606 tradidere,
1114 2548 1167 2589 eo·
1181 2543 1314 2593 suadeo·

117 2605 189 2670 dem
205 2607 255 2670 die
279 2609 320 2672 ad
342 2607 526 2672 Corinthum
541 2609 647 2673 thaei
666 2609 775 2672 ducem
791 2613 909 2693 regium
921 2611 1168 2678 Androsthenem
1179 2606 1283 2658 samum
1317 2673 1323 2684 .

111 2689 201 2774 justo
216 2695 323 2777 proelio
339 2695 491 2758 fuderunt.
534 2693 612 2758 Earn
637 2697 743 2758 urbem
759 2719 815 2780 pro
838 2689 1078 2763 areelrabitunrs
1094 2698 1166 2764 Phi·
1181 2672 1335 2788 ‘ffunhl‘’

117 2777 221 2861 lippus
235 2781 377 2844 adversus
392 2779 515 2854 (irreciae
538 2783 687 2862 civitates,
709 2795 741 2846 et
761 2784 914 2874 pr'urqipes
937 2783 1009 2849 inde
1024 2797 1167 2850 evocatos
1180 2756 1196 2806 Ρ
1211 2754 1264 2802 8¹¹⁸·

117 2885 176 2946 per
189 2867 323 2948 speeiem
346 2868 562 2950 conloquendi,
583 2880 732 2949 quantum
757 2872 895 2952 equitum
922 2871 995 2942 dare
1016 2865 1167 2938 Corinthii

111 2951 160 3012 ¹ad
192 2951 305 3014 bellum
334 2967 470 3035 possent,
501 2954 669 3018 retinuerat
697 2975 754 3034 pro
789 2957 957 3034 obsidibus,
988 2969 1030 3038 et,
1061 2971 1168 3040 prater

118 3035 304 3118 quingentos
318 3037 508 3104 Macedonas
533 3039 706 3120 mixtosque
730 3061 771 3102 ex
793 3043 880 3104 omni
904 3064 1014 3124 genere
1038 3045 1166 3112 auxilio.-

117 3141 187 3184 rurn
204 3125 408 3204 defingentos,
431 3126 548 3208 ⁶’quod
558 3124 624 3206 jam
640 3136 711 3186 ante
727 3125 768 3186 ibi
784 3126 897 3204 fuerat,
915 3129 1000 3188 mille
1016 3127 1166 3192 Macedo-

116 3227 198 3272 num
212 3229 250 3269 eo
263 3210 396 3289 miserat,
420 3223 452 3274 et
477 3211 560 3278 mille
579 3232 615 3274 ae
639 3211 787 3274 ducentos
809 3211 939 3294 Illyrios,
958 3210 1166 3293 limosasque,

117 3305 156 3356 at
171 3291 342 3372 Cretenses,
365 3299 390 3335 ⁰³
401 3299 452 3378 qui
467 3296 499 3358 in
515 3307 643 3377 utraque
652 3306 743 3378 perte
764 3297 948 3376 militabant,
961 3298 1167 3378 octingentos.

117 3431 213 3492 Livius,
229 3433 284 3484 dum
303 3433 421 3502 Polybium
434 3453 503 3501 quem
513 3438 628 3488 venitin·
659 3437 722 3488 sulse
742 3438 893 3496 homanum
916 3438 1041 3498 Quintium
1059 3439 1122 3500 lacit,
1139 3452 1167 3490 ut

116 3497 626 3636 ffillhli'd‘lbhl‘hllmihl'l'
658 3503 1165 3622 ttihtttt‘htdthtttt*

181 3605 202 3639 e¹
307 3600 315 3615 .
619 3594 628 3606 .
843 3601 853 3627 ,
975 3603 982 3620 ⁴
1050 3605 1056 3618 .
1080 3603 1086 3617 Ι
1115 3604 1121 3618 Ι

33 3755 44 3775 ’
115 3768 173 3822 pots
183 3757 207 3806 vi
220 3761 323 3812 redactas
339 3762 363 3812 in
379 3763 499 3825 ditionem,
516 3763 627 3814 Quintius
690 3763 713 3800 ³⁹
728 3762 816 3826 θεων]
833 3764 953 3814 Vellemue
963 3780 1036 3814 muru.

116 3821 354 3890 rddiAErolispons
368 3829 625 3894 etdeberenonnegs·
689 3825 713 3862 ⁶⁰
730 3825 833 3884 Deserta
851 3830 944 3896 turmo]
965 3824 1166 3888 M110³⁸²¹t⁶¹¹i3
1230 3883 1235 3886 .

114 3886 166 3936 ht.
198 3887 261 3942 'l'ota
271 3893 391 3949 eontentio
400 3891 444 3946 luit
455 3895 484 3948 de
494 3895 565 3946 tribus
576 3895 626 3947 aliis
657 3903 770 3948 amtor
781 3893 867 3944 latta.

115 3951 219 4012 rubibus,
239 3972 291 4018 quse
311 3958 430 4010 voluntate
453 3960 478 4010 in
501 3961 626 4014 amicitiam
689 3955 1110 4020 ⁶¹Ruaepumau11’romarumea.

107 4017 406 4078 'Romsaorumrenersua
438 4025 525 4080 &rum
539 4025 626 4080 nmen
691 4021 714 4060 θ’
731 4019 1050 4086 Qumjmanasujuosr]
1064 4018 1165 4072 vasu

110 4080 204 4132 'AEtelis
232 4087 367 4138 tradendam
399 4085 510 4142 Quintius
531 4102 627 4143 oenten-
657 4088 766 4136 excidisse
777 4102 820 4136 vox
827 4087 962 4149 presidium·

118 4145 197 4200 detra
228 4151 290 4206 llere
308 4152 426 4220 semtipsis
442 4155 531 4222 Polybii
551 4155 629 4214 rerba,
688 4151 711 4188 ω
728 4152 837 4206 'Quir'rr
850 4168 866 4200 u
932 4166 944 4203 t

117 4209 202 4275 lent.
213 4215 237 4264 6.
253 4217 267 4263 d
284 4215 310 4266 tl
328 4217 408 4279 τίτας,
424 4223 473 4282 τῶνᾸΙ
487 4220 629 4281 plumam
657 4215 720 4266 Nam
730 4217 854 4272 Cretenses
869 4227 894 4266 et
926 4216 1001 4266 omen'
1111 4214 1164 4278 ’ppo

118 4274 152 4328 ln
161 4277 220 4340 ιὲφη
237 4279 287 4330 δεῖν
301 4281 402 4341 saeptas
421 4283 629 4350 (παραλαμθάνειν
658 4282 795 4340 militabant.
827 4279 944 4336 Hardea
957 4281 1097 4338 obsemtur,
1110 4277 1164 4340 quia

117 4339 251 4420 Mrem)
269 4344 351 4401 obtat
361 4343 388 4394 tl
405 4343 532 4409 plosoris
543 4349 628 4400 etim.
661 4347 749 4398 mentio
776 4361 843 4410 supra
858 4344 1163 4410 assuritanorum

119 4403 168 4467 lire
181 4419 230 4458 aaa
241 4408 365 4460 melecta
373 4409 451 4462 lirim
466 4412 544 4476 inique
557 4412 628 4462 erin·
661 4411 957 4474 Quintiosdjunetomms
982 4453 987 4460 .

690 4493 756 4550 82
