3068 5186
376 417 378 424 ·
452 386 531 448 LlB.
544 385 704 448 XXXVII.
723 387 902 456 CARXLI.
1129 395 1190 454 813

148 542 327 626 gyrsspides
351 565 370 605 a
392 563 503 626 genere
526 565 679 608 armorum
700 544 939 629 adpellabantur.
995 543 1092 608 Dahae
1106 547 1194 610 dein·
1206 565 1240 616 υ.
1251 565 1281 616 c.
1290 567 1348 622 aaa.

149 629 201 708 de,
217 630 334 710 equites
358 630 518 712 sagittarii,
538 632 623 692 mille
649 645 681 694 et
706 629 839 694 ducenti.
861 643 926 695 tum
949 631 1022 694 levis
1043 631 1280 698 menreb-⁰·
1293 634 1347 684 ¹⁹⁰·

149 715 243 778 trium
269 715 407 795 millium,
435 717 535 800 ¹”pari
559 717 653 780 lerine
679 739 806 781 numero
833 739 902 801 pars
929 717 1099 798 Cretenses,
1124 741 1195 805 pars

148 799 280 865 Tralles.
305 803 365 864 duo
385 803 480 866 millia
498 813 530 864 et
549 804 707 886 quingenti
731 808 759 844 ²⁰
769 803 852 890 Mysi
873 806 1037 890 sam'ttariis
1058 805 1195 889 adjuncti

149 899 249 950 erant.
306 887 483 966 Extremum
510 911 604 952 cornu
631 891 813 954 claudebant
837 904 967 974 quatuor
991 894 1087 956 millia
1105 895 1195 958 mixti

149 972 263 1066 Cyrtsai
286 974 462 1054 funditores,
489 987 521 1039 et
544 975 668 1061 Elymaei
699 979 858 1061 sagittarii.
917 979 967 1042 Ab
997 979 1069 1043 laevo
1099 1001 1194 1044 comu

32 1075 35 1080 ·
148 1061 338 1144 phalangitis
360 1061 497 1145 adjuncti
520 1075 607 1126 erant
620 1062 799 1147 Gallograeci
821 1067 939 1147 equites
958 1065 1039 1128 mille
1061 1069 1194 1150 etquin-

148 1149 256 1230 genti:
289 1159 322 1211 et
336 1149 474 1211 similiter
490 1150 536 1212 his
557 1153 665 1214 armati
682 1152 742 1214 duo
757 1151 1108 1236 milliaCappadocum:
1143 1155 1195 1232 (ab

148 1233 314 1297 Ariarathe
330 1237 413 1298 missi
428 1248 515 1299 erant
529 1237 635 1319 regi.¹¹)
661 1276 667 1288 ·
683 1235 758 1300 lnde
779 1238 939 1301 auxiliares
955 1240 1043 1302 mixti
1058 1240 1194 1302 omnium

148 1341 296 1403 generum
312 1323 372 1384 duo
387 1323 482 1386 millia
504 1336 536 1386 et
558 1325 752 1406 septingenti,
768 1335 801 1387 et
821 1326 881 1387 tria
903 1325 998 1386 millia
1013 1325 1194 1407 cataphrac-

148 1419 253 1469 torum
270 1410 417 1490 equitum‚
434 1422 465 1472 et
481 1411 563 1472 mille
578 1411 629 1472 alii
645 1411 772 1492 equites,
788 1412 871 1490 regia
892 1410 942 1472 ala
963 1411 1122 1473 levioribus
1146 1423 1195 1474 te·

149 1495 303 1576 gumentis
324 1496 385 1557 suis
407 1516 623 1578 equorumque,
639 1497 698 1558 alio
714 1497 797 1558 haud
819 1496 956 1558 dissimili
973 1497 1095 1558 habitu:
1126 1495 1194 1582 Syri

150 1580 287 1664 plerique
316 1593 403 1644 erant
431 1581 598 1666 Phrygibus
628 1593 660 1643 et
688 1581 781 1667 Lydis
811 1583 943 1645 inmixti.
1005 1581 1087 1644 Ante
1113 1583 1194 1645 hunc

150 1669 320 1748 equitatum
332 1668 449 1730 falcatae
465 1668 618 1750 quadrigae
632 1679 663 1731 et
678 1669 797 1746 carneli,
809 1690 883 1751 quos
900 1668 1055 1751 adpellant
1070 1667 1194 1731 droma-
1269 1663 1273 1674 ’

151 1753 218 1815 das.
243 1755 290 1815 his
314 1755 486 1816 insidebant
507 1755 624 1816 Arabes
649 1756 810 1838 sagittarii,
832 1756 950 1838 gladios
972 1755 1119 1818 habentes
1146 1766 1193 1817 te·

150 1860 240 1916 uiues,
255 1840 361 1923 longos
384 1851 531 1923 quaterna
552 1842 664 1920 cubita,
679 1852 712 1905 ut
735 1863 773 1904 ex
795 1853 882 1904 tanta
897 1842 1056 1904 altitudine
1072 1841 1194 1903 contin·

151 1947 225 2008 gere
241 1927 359 1989 hostem
373 1939 509 2011 possent.
563 1931 587 1967 ²¹
603 1926 677 1989 Inde
692 1928 753 1990 alia
771 1928 945 2006 multitudo,
960 1948 1015 2008 par
1029 1927 1068 2004 ei,
1082 1947 1146 2008 qua
1162 1928 1193 1988 in

151 2013 261 2074 dextro
276 2035 370 2076 cornu
386 2025 466 2092 erat3
490 2014 579 2096 primi
594 2018 622 2052 ²²
631 2013 801 2093 Tarentini,
815 2014 925 2076 deinde
936 2013 1194 2095 Gallogroecorum

150 2101 290 2180 equitum
306 2101 367 2163 duo
389 2101 484 2162 millia
505 2115 537 2162 et
557 2099 725 2182 quingenti,
740 2101 811 2164 inde
833 2103 860 2140 ²³
871 2099 1039 2162 Neocretes
1053 2099 1146 2176 mille,
1162 2109 1195 2162 et

151 2186 261 2248 eodem
278 2197 395 2249 armatu
410 2184 504 2248 Cares
520 2198 552 2248 et
566 2184 676 2247 Cilices
692 2186 774 2248 mille
789 2198 821 2248 et
835 2187 1002 2268 quingenti,
1018 2197 1050 2246 et
1063 2185 1194 2247 totidem

150 2269 282 2351 Tralles,
306 2285 338 2335 et
364 2274 424 2336 tria
446 2272 543 2334 millia
568 2283 776 2351 castratorem
811 2271 938 2352 (Pisida
964 2271 1013 2334 hi¹
1040 2285 1137 2348 erant,
1163 2283 1196 2334 et

151 2355 336 2444 Pamphylii,
359 2370 390 2420 et
412 2357 509 2442 Lycii)
535 2370 600 2420 turn
622 2357 807 2442 Cyrtaeorum
838 2369 871 2421 et
890 2357 1089 2443 Elymaeorum
1111 2357 1196 2440 paria

102 2529 104 2532 Ι
150 2445 187 2506 1η
212 2445 319 2506 dextro
346 2466 438 2507 cornu
462 2446 571 2507 locatis
592 2445 714 2524 auxilia,
730 2459 762 2508 et
783 2445 936 2508 sexdecim
959 2445 1113 2527 elephanti
1128 2464 1195 2506 mo·

154 2531 226 2593 dico
241 2532 399 2594 intervallo
414 2532 571 2594 distantes.

198 2614 282 2678 XLI.
306 2617 372 2679 Rex
388 2619 451 2701 ipse
474 2619 505 2680 in
522 2618 648 2680 dextero
663 2637 757 2680 cornu
771 2629 851 2681 erat:
876 2615 1036 2680 Seleucum
1051 2616 1147 2679 filium
1161 2629 1195 2681 et
1242 2647 1245 2668 ·

151 2701 350 2785 Antipatrum
366 2703 465 2766 fratris
482 2703 577 2765 lilium
593 2705 623 2788 ³.ss
639 2703 712 2766 laevo
727 2705 906 2787 praeposuit:
928 2705 1030 2771 media
1044 2704 1124 2766 acies
1139 2705 1195 2766 tri·

152 2791 208 2852 bus
220 2790 375 2871 permissa,
392 2788 534 2868 Minioni,
550 2802 582 2852 et
603 2789 741 2868 Zeuxidi,
756 2803 788 2853 et
803 2789 944 2874 Philippo
965 2790 1110 2872 magistro
1131 2791 1194 2852 ele·

152 2877 347 2960 phantomm.
391 2879 418 2914 ²⁴
429 2875 549 2938 Nebula
563 2876 724 2954 matutina,
740 2887 892 2938 crescente
907 2877 956 2938 die
971 2877 1071 2939 levata
1086 2877 1116 2937 in
1137 2897 1195 2937 nu·

152 2963 218 3040 bes,
234 2962 394 3044 caliginem
419 2962 511 3024 dedit.
536 2963 646 3024 humor
668 2963 749 3041 inde,
765 2964 803 3024 ab
824 2974 926 3024 austro
953 2963 1044 3040 velut,
1060 2962 1196 3045 perfudit

150 3049 267 3110 omnia.
301 3048 375 3119 Qua
390 3049 465 3110 nihil
481 3049 645 3111 admodum
656 3046 813 3126 Romanis,
828 3049 935 3110 eadem
947 3048 1196 3130 perincommoda

52 3131 55 3136 ’
154 3135 246 3216 regiis
260 3147 357 3198 erant
379 3156 451 3197 narn
466 3145 497 3196 et
512 3135 679 3198 obscuritas
695 3135 770 3196 lucis
784 3135 816 3196 in
832 3135 897 3196 acie
912 3134 1034 3197 modica
1048 3132 1195 3195 Romanis

141 3241 217 3286 .non
233 3222 387 3284 adimebat
409 3223 440 3282 in
462 3241 568 3283 omnes
590 3233 691 3304 partes
710 3233 922 3303 conspectum,
947 3232 979 3282 et
993 3221 1112 3298 humor,
1128 3230 1196 3281 toto

154 3307 220 3369 sere
234 3309 318 3389 gravi
339 3317 467 3386 armatu,
482 3309 557 3369 nihil
576 3308 693 3388 gladios
714 3318 767 3369 aut
781 3307 843 3390 pila
862 3307 1036 3368 hebetabat.
1094 3304 1196 3386 Regii,

154 3405 221 3456 tam
234 3395 298 3456 lata
313 3397 389 3470 acie,
404 3415 442 3456 ne
462 3415 501 3456 ex
516 3393 618 3456 medio
632 3393 755 3475 quidem
770 3413 883 3455 cornua
898 3413 952 3453 sua
967 3392 1196 3475 circumspicere

153 3491 307 3564 poterant,
322 3482 434 3542 nedum
450 3481 577 3544 extremi
600 3481 679 3542 inter
696 3501 728 3542 se
748 3480 1008 3562 conspicerentur:
1040 3490 1072 3540 et
1086 3479 1197 3540 humor

407 3655 487 3706 heret
496 3672 547 3722 rege
559 3657 632 3706 Gran.
644 3655 711 3706 Crer.
743 3727 745 3730 Ι
776 3655 817 3704 lbi
826 3655 871 3704 del.
882 3651 947 3704 Eat.

191 3797 212 3835 ¹⁹
221 3796 277 3846 Pori
287 3795 363 3862 ferare
377 3813 474 3856 menno,
486 3813 537 3860 prr:
549 3798 664 3856 Cretenses,
695 3813 737 3846 nec
748 3797 816 3863 possit
830 3797 926 3846 sonasse
937 3795 1054 3860 quisquam
1069 3797 1119 3847 sine
1127 3797 1196 3846 libro·

155 3875 209 3923 pars
225 3861 379 3924 TrattoJlr·
395 3873 421 3910 ut
490 3865 537 3912 lere
553 3879 662 3912 numerus
694 3879 808 3928 merope,
817 3879 861 3912 nec
873 3877 1009 3926 magnopere
1019 3863 1078 3911 vella
1088 3863 1178 3912 debeat.

157 3934 222 3974 esset
235 3927 383 3976 Cretensium
393 3940 418 3976 et
427 3879 547 3978 'let-'allium
730 3929 778 3963 ἥ*
792 3925 915 3994 ramim]
944 3927 984 3977 De
1011 3928 1038 3975 ii:
1063 3929 1108 3976 eid.
1130 3943 1197 3993 supra

192 3990 286 4055 ”Mysi
296 3993 608 4056 aginoneadjunertmm]
624 3993 662 4043 Sl·
695 3995 827 4043 xxxv-28.
1243 4003 1246 4010 ’

157 4055 239 4116 genius
255 4067 372 4106 exuetere
390 4057 448 4106 libro
463 4059 529 4107 affert
543 4060 661 4123 sagittarii.
725 4058 747 4092 θ’
760 4056 882 4121 Neocretes]
900 4057 961 4106 Noui
976 4057 1065 4108 Cretes.
1100 4059 1130 4107 At
1145 4057 1198 4122 qui-

157 4119 242 4198 hecte.
268 4121 349 4202 hlysos
359 4125 536 4202 enimreeeneet
547 4125 663 4189 Appianas
694 4138 747 4182 naq:
769 4124 803 4171 1111
823 4123 877 4182 sint,
895 4137 942 4171 noa
961 4123 1046 4185 liquet:
1072 4123 1116 4172 nisi
1137 4125 1197 4186 quod

157 4191 492 4312 mtffflj‘zssssffiffi,
512 4271 554 4316 par
575 4255 596 4302 a·
615 4269 662 4317 que
693 4189 1197 4318 iiiiiffilyfr'jiiilnciii'iissiibeffi.

158 4317 269 4364 indam
283 4333 351 4366 eona:
365 4320 423 4382 eret]
447 4319 567 4384 Ferspar:
587 4319 661 4382 eliqua
693 4328 741 4367 tur.
902 4319 904 4324 ’

157 4381 220 4429 enim
246 4381 360 4432 differunt.
415 4384 526 4434 Ceterum
552 4385 663 4434 nonnulle
726 4385 748 4419 ⁹⁴
759 4383 844 4433 Nebula
864 4381 985 4445 metuam]
1010 4383 1100 4432 Nebula
1120 4397 1196 4434 metu·

159 4457 215 4495 ann:
231 4445 256 4495 iu
275 4459 322 4496 rota
337 4449 379 4497 bae
388 4450 539 4515 descriptione
555 4451 663 4498 intricate
693 4451 742 4498 :irre
752 4451 840 4499 oriente
858 4451 895 4498 die
911 4448 1028 4510 caliginem
1039 4450 1114 4501 dedit:
1136 4465 1196 4500 eres·

157 4525 183 4562 et
202 4513 298 4573 incerte,
313 4529 365 4578 quse
382 4517 409 4564 ad
426 4515 537 4580 liquidnm
549 4516 662 4567 adducere
694 4515 856 4574 censalem
867 4513 1026 4566 estinuubes.
