3044 5194
174 472 208 520 U.
216 469 245 521 C.
257 473 314 523 552.

176 540 207 588 A.
215 537 244 586 C.
253 537 312 587 20⁰.

171 1437 191 1484 F
193 1436 255 1484 urim
265 1435 305 1494 tri.

138 1563 143 1568 ι
172 1501 276 1567 umphst.

341 315 380 368 rr
738 373 741 380 .
765 302 849 363 rm
868 301 969 362 mvn

343 465 406 525 ‘eo
426 463 489 544 geri
512 461 557 522 las
576 481 638 522 non
654 469 744 522 esset.
788 457 860 520 Non
884 463 1060 540 exspectare
1080 457 1152 519 belli
1169 468 1309 540 tempora
1323 479 1391 522 mo-

343 551 354 582 ‘
369 571 417 611 ras
430 561 461 610 et
476 549 636 610 dilationes
648 549 875 629 imperatorum.
890 556 922 605 et
932 543 1127 627 pugnandum
1143 565 1210 606 esse
1225 546 1390 625 interdurn,

342 637 353 670 ‘
368 655 430 697 non
443 636 514 716 quia
527 635 612 712 velis,
628 635 681 694 sed
693 634 765 714 quia
776 633 870 692 hostis
886 633 1001 712 cog'atn
1032 629 1168 712 Pugnam
1183 633 1282 714 ipsam
1297 653 1401 694 even-·

344 725 495 804 ‘tumque
518 741 627 804 pugnae
653 719 782 801 spectari
809 729 961 798 oportere.
978 717 1240 799 ilrsos·caesosque
1263 720 1399 780 hostes:'

343 809 355 842 ‘
369 821 471 870 castra
482 820 574 890 capta
588 827 624 868 ac
639 806 777 887 direpta:
801 805 953 866 coloniam
968 805 1129 866 liberatam
1139 805 1320 866 obsidione:
1344 806 1398 866 al·-

344 896 463 957 ‘terius
483 894 608 955 coloniae
627 893 762 974 captivos
778 903 973 972 recuperatos
997 892 1212 973 restitutosque
1227 892 1309 952 suis:
1334 892 1396 953 de:
1468 887 1476 896 “

344 982 356 1015 ⁶
371 981 515 1043 bellatum
531 1001 592 1041 uno
607 978 713 1060 proelio
724 999 800 1038 esse.
839 976 911 1038 Non
923 978 1062 1039 homines
1075 990 1197 1041 tantum
1209 999 1246 1040 ea
1260 979 1398 1040 victoria:

344 1068 497 1143 ‘latama
515 1067 568 1127 sed
583 1064 650 1126 Diis
662 1084 780 1146 quoque
792 1064 1003 1126 inmortalibus
1018 1085 1072 1146 per
1084 1066 1215 1127 triduum
1234 1066 1400 1148 supplica-¹

343 1155 353 1187 ‘
369 1155 467 1214 tiones
479 1154 606 1228 liabitas,
622 1151 705 1232 quod
719 1153 795 1212 bene
810 1171 846 1211 ac
863 1150 1001 1229 feliciter,
1022 1173 1084 1213 non
1097 1152 1178 1232 quod
1192 1152 1271 1212 male
1287 1174 1324 1213 ac
1340 1162 1386 1213 te-

340 1241 460 1318 ‘mere,
483 1239 686 1321 respublicas
707 1235 742 1297 b.
760 1236 850 1298 Furio
873 1248 1000 1318 praetore
1021 1250 1111 1318 gesta
1132 1248 1222 1300 esset.
1266 1237 1397 1301 ⁷⁵Data.

342 1327 352 1359 ‘
366 1326 449 1387 facto
468 1326 562 1387 ctiam
578 1323 710 1404 quodam
724 1322 818 1384 Furi'ae
832 1325 918 1404 genti
929 1322 1049 1384 Gallica
1061 1324 1153 1386 bella.

383 1410 499 1474 XLIX.
522 1409 623 1492 Hujus
636 1411 754 1492 generis
767 1410 953 1471 orationibus
966 1411 1058 1492 ipsius
1068 1412 1293 1494 amicorumque
1305 1414 1386 1474 victa

342 1514 400 1576 est,
426 1499 581 1580 praesentis
611 1497 717 1577 gratia·
737 1497 882 1578 praetoris,
908 1498 1043 1558 absentis
1066 1499 1197 1560 consulis
1220 1499 1398 1581 majestas3'

342 1586 588 1667 triumphumque
605 1583 776 1666 frequentes
793 1581 827 1642 b.
844 1582 934 1643 Furio
950 1583 1158 1650 decreverunt.
1200 1583 1385 1667 Triumpha-

340 1673 385 1733 vit
400 1672 438 1732 de
461 1670 556 1731 Gallis
579 1671 610 1730 in
634 1668 995 1749 magistratu·1..lbrius
1022 1681 1141 1751 praetor.
1187 1669 1222 1732 In
1247 1673 1384 1732 aerarium

342 1758 414 1819 tulit
428 1761 453 1804 ⁷⁶
464 1767 601 1819 trecenta
614 1756 721 1836 viginti
734 1756 830 1816 millia
845 1756 921 1832 aeris,
941 1759 966 1802 77
977 1758 1094 1835 argenti
1116 1769 1238 1819 centum
1260 1773 1399 1840 septua··

342 1845 429 1926 ginta
454 1844 550 1905 millia
571 1843 692 1925 pondo:
720 1862 818 1922 neque
841 1843 951 1922 captivi
975 1843 1029 1903 ulli
1052 1855 1124 1905 aute
1145 1865 1265 1905 currum
1289 1844 1384 1918 ducti,

341 1951 440 2010 ueque
467 1931 565 2013 spolia
589 1930 725 2012 praelata,
751 1949 849 2009 neque
876 1928 987 1990 milites
1011 1930 1116 1991 secuti.
1139 1931 1252 2007 omnia,
1279 1941 1398 2012 praeter'

341 2018 510 2093 victoriam,
535 2037 625 2098 penes
648 2015 806 2076 consulem
829 2035 895 2076 esse
918 2015 1095 2096 adparebat.
1140 2015 1218 2078 Ludi
1241 2017 1352 2078 deinde
1367 2038 1398 2078 a·

341 2101 373 2164 P.
389 2101 532 2165 Cornelio
548 2103 702 2185 Scipione,
723 2103 749 2148 ⁷³
759 2122 835 2182 quos
847 2102 951 2162 consul
966 2102 997 2162 in
1009 2102 1114 2164 Africa
1124 2116 1257 2183 voverat,
1272 2124 1384 2184 magno

173 2232 264 2284 Mffim
274 2237 327 2284 Se,-
341 2183 491 2272 adparatu
502 2190 587 2251 facti.
633 2188 674 2250 Et
686 2190 724 2250 de
739 2189 819 2268 agris
832 2189 963 2249 militum
979 2188 1044 2268 ejus
1056 2189 1224 2266 decretum,
1244 2201 1289 2267 ut,
1312 2195 1396 2272 quot*

150 2313 155 2334 .
172 2300 246 2363 pionis
260 2301 318 2364 agris
341 2278 466 2358 quisque
481 2297 585 2337 eorum
601 2297 697 2336 annos
710 2275 741 2335 in
759 2273 910 2356 Hispania
923 2288 976 2336 aut
992 2277 1023 2335 in
1035 2274 1140 2338 Africa
1157 2277 1330 2353 militasset,
1352 2278 1383 2336 in

174 2365 261 2416 donati.

341 2364 476 2443 singulos
497 2383 592 2423 annos
614 2363 686 2422 bina
696 2360 806 2442 jugera
822 2361 983 2443 acciperet.
1006 2369 1204 2444 eum'agmm
1221 2362 1397 2424 decemviri

340 2451 545 2530 adsignarent.
581 2447 744 2508 Triumviri
757 2448 828 2508 inde
843 2447 939 2508 creati
955 2447 994 2508 ad
1010 2449 1210 2530 supplendum
1222 2447 1398 2510 Venusinis·

340 2535 516 2596 colonomm
537 2553 707 2610 numerum,
722 2533 804 2614 quod
823 2533 904 2594 bello
917 2532 1101 2596 Hannibalis
1123 2535 1290 2598 adtenuatae
1305 2535 1398 2596 vires·

340 2620 405 2702 ejus
420 2621 545 2682 colonie
567 2630 662 2697 crant,
685 2619 722 2680 C.
736 2617 898 2680 Terentius
910 2617 1018 2696 Varro,
1036 2619 1075 2682 T.
1090 2622 1247 2693 Quinctius
1267 2620 1395 2682 Flami-¹

340 2707 442 2785 ninus,
465 2706 497 2767 P.
513 2706 671 2768 Cornelius
692 2705 749 2767 Cn.
770 2705 802 2766 F.
815 2704 930 2787 Scipio.
955 2706 985 2766 bi
1001 2707 1126 2769 colonos
1146 2706 1309 2770 Venusiam
1325 2707 1380 2768 ad-

340 2794 533 2876 scripserunt.
576 2791 692 2853 Eodem
708 2813 789 2854 anno
809 2796 835 2838 7⁹
846 2791 882 2853 C.
895 2790 1053 2854 Cornelius
1065 2794 1229 2878 Cethegus,
1244 2795 1294 2876 qui
1309 2815 1395 2875 pro·.

341 2881 447 2941 consul
461 2877 643 2961 Hispaniam
658 2880 827 2956 obtinebat,
843 2899 987 2961 magnum
1008 2881 1142 2944 hostium
1163 2884 1328 2943 exercitum
1351 2880 1384 2941 in

341 2987 415 3048 agro
427 2964 583 3027 Sedetano
593 2965 680 3027 fudit.
697 2965 869 3046 quindecim
885 2967 981 3027 millia
998 2965 1206 3050 Hispanorum
1222 2989 1260 3030 eo
1274 2969 1396 3050 proelio*

340 3051 482 3113 dicunnrr
497 3073 584 3128 crasa,
600 3053 689 3132 signa
705 3053 847 3114 militaria
862 3064 953 3134 capta
963 3065 1036 3114 octo
1056 3066 1088 3116 et
1103 3056 1308 3137 septuaginta.
1322 3079 1329 3089 ¹
1346 3053 1396 3115 C.'

338 3138 479 3200 Aurelius
488 3138 604 3217 consul,
617 3159 708 3221 quum
718 3157 756 3199 ex
768 3140 921 3220 provincia
933 3138 1065 3201 Romam
1075 3142 1267 3203 comitiorum
1277 3161 1395 3203 caussa

338 3225 480 3302 venisset,
497 3245 558 3287 non
574 3226 616 3304 id,
632 3225 712 3307 quod
725 3225 834 3286 animis
846 3236 1060 3308 preceperant,
1072 3239 1196 3307 questus
1208 3240 1265 3305 est,
1289 3227 1395 3290 ‘Non'

338 3311 574 3394 ‘exspectatum
590 3333 622 3374 se
639 3313 677 3374 ab
693 3323 811 3389 senatu,
834 3333 931 3392 neque
947 3313 1140 3394 disceptandi
1160 3334 1230 3376 eum
1255 3327 1394 3397 praetore

338 3396 480 3458 ‘consuli
497 3408 682 3478 potestatem
698 3399 812 3461 factam
824 3397 844 3459 :'
867 3398 921 3460 sed
944 3399 1011 3460 ‘ita
1025 3400 1213 3483 triumphum
1229 3401 1395 3463 decresae¹·

338 3483 348 3515 ‘
363 3495 515 3560 senatum,
527 3493 562 3544 ut
574 3483 693 3560 nullius,
711 3485 769 3544 nisi
784 3484 860 3564 ejus,
872 3485 925 3565 qui
942 3485 1183 3568 triumphaturus
1198 3498 1286 3566 essct,
1303 3488 1393 3550 baud·

338 3568 349 3600 ‘
365 3589 480 3646 eorum,
498 3569 549 3650 qui
565 3569 644 3630 bello
656 3569 871 3647 intermissam,
887 3571 979 3632 verba
995 3571 1120 3634 audiret.
1154 3571 1301 3654 ‘Maiores
1313 3574 1395 3635 ideo'

339 3655 349 3687 ‘
364 3654 541 3736 instituisse,
552 3666 587 3716 ut
598 3656 701 3737 legati,
712 3656 823 3717 tribuni
836 3657 978 3734 militum,
988 3659 1192 3738 centuriones,
1207 3660 1318 3722 milites
1329 3660 1393 3722 de-·

704 3787 714 3813 ²
729 3780 842 3828 damase
852 3779 924 3829 Gran.
936 3779 1006 3832 Cres.

370 3891 392 3926 77
411 3889 423 3918 ⁸
437 3887 497 3937 Data
508 3887 575 3952 fricto
592 3891 656 3937 etiam
665 3889 757 3952 qrwdnm
769 3885 844 3936 Furia
873 3889 955 3951 pondo]
970 3889 1069 3938 Selibras
1080 3901 1166 3940 nostras
1177 3891 1253 3956 pondo
1262 3891 1367 3939 265625.

336 3956 398 4018 genti
415 3953 503 4002 Gallica
513 3955 580 4017 balla]
600 3954 712 4001 Ailudunt
731 3954 758 3999 sd
777 3967 843 4000 retc-
908 3953 931 3988 77
947 3952 1006 4008 Quos
1016 3956 1090 4002 aeaut
1101 3958 1125 4003 in
1135 3954 1213 4020 Africa
1223 3955 1320 4017 tatami]
1332 3955 1382 4006 Hie

336 4019 460 4067 remilium
479 4031 503 4068 et
520 4019 631 4079 insignem
643 4019 761 4066 Gallorum
772 4018 843 4066 ricto·
877 4019 996 4068 censalem
1013 4019 1070 4068 dixit
1087 4020 1164 4068 Livius
1181 4037 1223 4086 pro
1238 4021 1385 4086 proconsule,

335 4099 385 4132 sem
398 4083 434 4130 M.
443 4083 537 4132 Furium
547 4085 679 4132 Camillum.
877 4085 1066 4145 quemadmodum
1078 4101 1153 4150 supra,
1162 4085 1179 4133 l.
1191 4099 1265 4146 xxs‘r.
1278 4102 1299 4132 c.
1310 4087 1351 4136 33.
1391 4121 1395 4128 -

367 4149 389 4186 ⁷⁸
402 4147 507 4196 Trecenta
518 4149 597 4210 uiginti
607 4151 678 4196 nrillic
688 4148 747 4211 eris]
768 4148 845 4196 Grave
908 4149 930 4186 77
947 4147 974 4198 C.
993 4147 1107 4198 Cornelius
1124 4150 1242 4214 Cetlrgrsd
1271 4150 1331 4197 Eum
1354 4168 1384 4202 ex

338 4227 370 4260 res
390 4212 430 4259 bic
453 4212 610 4272 intelligimus.
653 4215 734 4276 lisque
755 4229 846 4260 armins
877 4214 921 4262 boc
942 4213 993 4262 loco
1012 4214 1159 4276 intelligimus
1177 4216 1272 4264 arissam
1290 4231 1341 4263 ene
1359 4217 1384 4266 ia

336 4275 387 4325 baec
397 4277 450 4324 teris
459 4293 499 4336 prr
507 4278 550 4324 erit
559 4279 657 4328 denariis
665 4281 755 4334 witot).
764 4281 847 4328 marcis
878 4279 1016 4344 Hispaniam
1044 4295 1196 4330 successorem
1223 4282 1252 4329 L.
1275 4281 1385 4332 Cornelio

338 4342 427 4404 amenti
437 4342 574 4391 nostratibus
583 4346 638 4391 500.
878 4344 992 4402 horula,
1014 4360 1083 4406 quern
1105 4362 1133 4394 ex
1149 4345 1265 4410 provincis
1286 4345 1386 4396 nomam

369 4407 601 4474 ”regniacensem
620 4411 759 4476 rqtrugiata
776 4409 847 4460 millia
878 4409 972 4460 rediisse
983 4393 1063 4460 Linus
1076 4411 1299 4484 memoratiqsaprs
1310 4426 1332 4462 e.
1345 4405 1395 4461 20.
