<?xml version="1.0" encoding="UTF-8"?>
<!DOCTYPE html PUBLIC "-//W3C//DTD XHTML 1.0 Transitional//EN"
    "http://www.w3.org/TR/xhtml1/DTD/xhtml1-transitional.dtd">
<html xmlns="http://www.w3.org/1999/xhtml" xml:lang="en" lang="en">
 <head>
  <title>
</title>
<meta http-equiv="Content-Type" content="text/html;charset=utf-8" />
  <meta name='ocr-system' content='tesseract 3.04.00' />
  <meta name='ocr-capabilities' content='ocr_page ocr_carea ocr_par ocr_line ocrx_word'/>
</head>
<body>
  <div class='ocr_page' id='page_1' title='image "./tliviipatavinih00grongoog_0289.png"; bbox 0 0 3136 5196; ppageno 0'>
   <div class='ocr_carea' id='block_1_1' title="bbox 427 359 1178 436">
    <p class='ocr_par' dir='ltr' id='par_1_1' title="bbox 427 359 1178 436">
     <span class='ocr_line' id='line_1_1' title="bbox 427 359 1178 436; baseline -0.003 -16"><span class='ocrx_word' id='word_1_1' title='bbox 427 359 505 420; x_wconf 81' lang='lat' dir='ltr'><strong>ura</strong></span> <span class='ocrx_word' id='word_1_2' title='bbox 526 359 685 425; x_wconf 75' lang='lat' dir='ltr'><strong>xrcxvru</strong></span> <span class='ocrx_word' id='word_1_3' title='bbox 712 363 793 426; x_wconf 73' lang='lat' dir='ltr'><strong>cau.</strong></span> <span class='ocrx_word' id='word_1_4' title='bbox 807 363 848 424; x_wconf 89' lang='lat'><strong>11.</strong></span> <span class='ocrx_word' id='word_1_5' title='bbox 1118 373 1178 436; x_wconf 67' lang='lat'><strong>279</strong></span> 
     </span>
    </p>
   </div>
   <div class='ocr_carea' id='block_1_2' title="bbox 113 507 1332 3948">
    <p class='ocr_par' dir='ltr' id='par_1_2' title="bbox 117 507 1332 774">
     <span class='ocr_line' id='line_1_2' title="bbox 171 507 1332 598; baseline 0.01 -25"><span class='ocrx_word' id='word_1_6' title='bbox 171 507 212 574; x_wconf 91' lang='lat' dir='ltr'><strong>ll.</strong></span> <span class='ocrx_word' id='word_1_7' title='bbox 236 511 380 576; x_wconf 76' lang='lat' dir='ltr'><strong>Pretores</strong></span> <span class='ocrx_word' id='word_1_8' title='bbox 406 513 478 578; x_wconf 87' lang='lat' dir='ltr'><strong>inde</strong></span> <span class='ocrx_word' id='word_1_9' title='bbox 502 515 673 598; x_wconf 82' lang='lat' dir='ltr'><strong>provincias</strong></span> <span class='ocrx_word' id='word_1_10' title='bbox 697 517 807 594; x_wconf 90' lang='lat' dir='ltr'><strong>sortiti,</strong></span> <span class='ocrx_word' id='word_1_11' title='bbox 831 514 867 582; x_wconf 87' lang='lat' dir='ltr'><strong>b.</strong></span> <span class='ocrx_word' id='word_1_12' title='bbox 886 515 1108 585; x_wconf 79' lang='lat' dir='ltr'><strong>Aurunculeius</strong></span> <span class='ocrx_word' id='word_1_13' title='bbox 1123 530 1332 586; x_wconf 60' lang='lat' dir='ltr'><strong>maumam</strong></span> 
     </span>
     <span class='ocr_line' id='line_1_3' title="bbox 126 595 1328 688; baseline 0.008 -29"><span class='ocrx_word' id='word_1_14' title='bbox 126 595 315 675; x_wconf 87' lang='lat' dir='ltr'><strong>bauarn‚Cn.</strong></span> <span class='ocrx_word' id='word_1_15' title='bbox 328 598 449 662; x_wconf 80' lang='lat' dir='ltr'><strong>Fulvius</strong></span> <span class='ocrx_word' id='word_1_16' title='bbox 464 602 667 682; x_wconf 84' lang='lat' dir='ltr'><strong>peregrinam,</strong></span> <span class='ocrx_word' id='word_1_17' title='bbox 677 601 713 664; x_wconf 87' lang='lat' dir='ltr'><strong>L.</strong></span> <span class='ocrx_word' id='word_1_18' title='bbox 727 600 871 670; x_wconf 84' lang='lat' dir='ltr'><strong>AEnrilius</strong></span> <span class='ocrx_word' id='word_1_19' title='bbox 886 603 1022 686; x_wconf 73' lang='lat' dir='ltr'><strong>Regillus</strong></span> <span class='ocrx_word' id='word_1_20' title='bbox 1035 607 1175 688; x_wconf 84' lang='lat' dir='ltr'><strong>classem,</strong></span> <span class='ocrx_word' id='word_1_21' title='bbox 1187 599 1218 651; x_wconf 59' lang='lat' dir='ltr'><strong>A·</strong></span> <span class='ocrx_word' id='word_1_22' title='bbox 1229 599 1259 648; x_wconf 76' lang='lat'><strong>⁰·</strong></span> <span class='ocrx_word' id='word_1_23' title='bbox 1272 599 1328 650; x_wconf 80' lang='lat'><strong>¹⁹⁰·</strong></span> 
     </span>
     <span class='ocr_line' id='line_1_4' title="bbox 117 679 1174 774; baseline 0.012 -31"><span class='ocrx_word' id='word_1_24' title='bbox 117 679 160 757; x_wconf 83' lang='grc' dir='ltr'><strong>Ρ.</strong></span> <span class='ocrx_word' id='word_1_25' title='bbox 184 683 293 746; x_wconf 80' lang='lat' dir='ltr'><strong>danius</strong></span> <span class='ocrx_word' id='word_1_26' title='bbox 315 683 429 748; x_wconf 88' lang='lat' dir='ltr'><strong>Brutus</strong></span> <span class='ocrx_word' id='word_1_27' title='bbox 447 684 576 765; x_wconf 67' lang='lat' dir='ltr'><strong>ibscos,</strong></span> <span class='ocrx_word' id='word_1_28' title='bbox 601 686 648 750; x_wconf 91' lang='grc' dir='ltr'><strong>Μ.</strong></span> <span class='ocrx_word' id='word_1_29' title='bbox 668 687 802 754; x_wconf 80' lang='lat' dir='ltr'><strong>Tuccius</strong></span> <span class='ocrx_word' id='word_1_30' title='bbox 821 689 1013 772; x_wconf 80' lang='lat' dir='ltr'><strong>Apuliamet</strong></span> <span class='ocrx_word' id='word_1_31' title='bbox 1026 690 1174 774; x_wconf 89' lang='lat' dir='ltr'><strong>Bruttios,</strong></span> 
     </span>
    </p>

    <p class='ocr_par' dir='ltr' id='par_1_3' title="bbox 121 766 1318 1116">
     <span class='ocr_line' id='line_1_5' title="bbox 123 766 1318 860; baseline 0.015 -32"><span class='ocrx_word' id='word_1_32' title='bbox 123 766 165 830; x_wconf 91' lang='lat' dir='ltr'><strong>C.</strong></span> <span class='ocrx_word' id='word_1_33' title='bbox 179 769 303 834; x_wconf 83' lang='lat' dir='ltr'><strong>Atinius</strong></span> <span class='ocrx_word' id='word_1_34' title='bbox 328 769 474 834; x_wconf 84' lang='lat' dir='ltr'><strong>Siciliam.</strong></span> <span class='ocrx_word' id='word_1_35' title='bbox 519 771 645 838; x_wconf 80' lang='lat' dir='ltr'><strong>consui</strong></span> <span class='ocrx_word' id='word_1_36' title='bbox 669 774 791 854; x_wconf 87' lang='lat' dir='ltr'><strong>deinde,</strong></span> <span class='ocrx_word' id='word_1_37' title='bbox 814 778 862 842; x_wconf 84' lang='lat' dir='ltr'><strong>cui</strong></span> <span class='ocrx_word' id='word_1_38' title='bbox 884 775 1001 843; x_wconf 85' lang='lat' dir='ltr'><strong>Graecia</strong></span> <span class='ocrx_word' id='word_1_39' title='bbox 1019 781 1318 860; x_wconf 63' lang='lat' dir='ltr'><strong>provinciaeque·</strong></span> 
     </span>
     <span class='ocr_line' id='line_1_6' title="bbox 121 853 1174 946; baseline 0.013 -31"><span class='ocrx_word' id='word_1_40' title='bbox 121 853 251 919; x_wconf 88' lang='lat' dir='ltr'><strong>decreta</strong></span> <span class='ocrx_word' id='word_1_41' title='bbox 280 869 356 934; x_wconf 74' lang='lat' dir='ltr'><strong>erat,</strong></span> <span class='ocrx_word' id='word_1_42' title='bbox 379 859 417 920; x_wconf 86' lang='lat' dir='ltr'><strong>ed</strong></span> <span class='ocrx_word' id='word_1_43' title='bbox 443 879 512 921; x_wconf 90' lang='lat' dir='ltr'><strong>eum</strong></span> <span class='ocrx_word' id='word_1_44' title='bbox 532 858 715 938; x_wconf 85' lang='lat' dir='ltr'><strong>exercitum,</strong></span> <span class='ocrx_word' id='word_1_45' title='bbox 739 881 830 941; x_wconf 88' lang='lat' dir='ltr'><strong>quern</strong></span> <span class='ocrx_word' id='word_1_46' title='bbox 848 883 868 927; x_wconf 87' lang='lat' dir='ltr'><strong>a</strong></span> <span class='ocrx_word' id='word_1_47' title='bbox 887 862 946 930; x_wconf 87' lang='grc' dir='ltr'><strong>Μ’.</strong></span> <span class='ocrx_word' id='word_1_48' title='bbox 969 862 1069 928; x_wconf 83' lang='lat' dir='ltr'><strong>Acilio</strong></span> <span class='ocrx_word' id='word_1_49' title='bbox 1096 865 1174 946; x_wconf 82' lang='lat' dir='ltr'><strong>(duae</strong></span> 
     </span>
     <span class='ocr_line' id='line_1_7' title="bbox 121 943 1174 1032; baseline 0.013 -29"><span class='ocrx_word' id='word_1_50' title='bbox 121 953 229 1004; x_wconf 88' lang='lat' dir='ltr'><strong>autem</strong></span> <span class='ocrx_word' id='word_1_51' title='bbox 254 943 389 1025; x_wconf 79' lang='lat' dir='ltr'><strong>legiones</strong></span> <span class='ocrx_word' id='word_1_52' title='bbox 414 945 513 1026; x_wconf 80' lang='lat' dir='ltr'><strong>erent)</strong></span> <span class='ocrx_word' id='word_1_53' title='bbox 539 956 716 1027; x_wconf 87' lang='lat' dir='ltr'><strong>accepturus</strong></span> <span class='ocrx_word' id='word_1_54' title='bbox 734 959 833 1025; x_wconf 68' lang='lat' dir='ltr'><strong>‚esset</strong></span> <span class='ocrx_word' id='word_1_55' title='bbox 867 949 899 1012; x_wconf 91' lang='lat' dir='ltr'><strong>in</strong></span> <span class='ocrx_word' id='word_1_56' title='bbox 929 951 1174 1032; x_wconf 87' lang='lat' dir='ltr'><strong>supplementum</strong></span> 
     </span>
     <span class='ocr_line' id='line_1_8' title="bbox 122 1027 1175 1116; baseline 0.013 -28"><span class='ocrx_word' id='word_1_57' title='bbox 122 1027 234 1090; x_wconf 85' lang='lat' dir='ltr'><strong>addita</strong></span> <span class='ocrx_word' id='word_1_58' title='bbox 246 1030 384 1112; x_wconf 88' lang='lat' dir='ltr'><strong>peditum</strong></span> <span class='ocrx_word' id='word_1_59' title='bbox 400 1031 511 1094; x_wconf 86' lang='lat' dir='ltr'><strong>civium</strong></span> <span class='ocrx_word' id='word_1_60' title='bbox 532 1030 740 1096; x_wconf 89' lang='lat' dir='ltr'><strong>Romanorum</strong></span> <span class='ocrx_word' id='word_1_61' title='bbox 762 1034 822 1095; x_wconf 90' lang='lat' dir='ltr'><strong>tria</strong></span> <span class='ocrx_word' id='word_1_62' title='bbox 842 1035 954 1113; x_wconf 83' lang='lat' dir='ltr'><strong>millia,</strong></span> <span class='ocrx_word' id='word_1_63' title='bbox 969 1038 1087 1116; x_wconf 82' lang='lat' dir='ltr'><strong>equites</strong></span> <span class='ocrx_word' id='word_1_64' title='bbox 1100 1060 1175 1102; x_wconf 85' lang='lat' dir='ltr'><strong>cen-</strong></span> 
     </span>
    </p>

    <p class='ocr_par' dir='ltr' id='par_1_4' title="bbox 121 1114 1175 1373">
     <span class='ocr_line' id='line_1_9' title="bbox 121 1114 1175 1203; baseline 0.008 -29"><span class='ocrx_word' id='word_1_65' title='bbox 121 1121 202 1192; x_wconf 87' lang='lat' dir='ltr'><strong>tum,</strong></span> <span class='ocrx_word' id='word_1_66' title='bbox 226 1126 257 1176; x_wconf 91' lang='lat' dir='ltr'><strong>et</strong></span> <span class='ocrx_word' id='word_1_67' title='bbox 281 1116 398 1178; x_wconf 78' lang='lat' dir='ltr'><strong>socium</strong></span> <span class='ocrx_word' id='word_1_68' title='bbox 419 1114 522 1180; x_wconf 85' lang='lat' dir='ltr'><strong>Latini</strong></span> <span class='ocrx_word' id='word_1_69' title='bbox 544 1118 675 1180; x_wconf 89' lang='lat' dir='ltr'><strong>nominis</strong></span> <span class='ocrx_word' id='word_1_70' title='bbox 700 1119 955 1200; x_wconf 90' lang='lat' dir='ltr'><strong>quinquemillia,</strong></span> <span class='ocrx_word' id='word_1_71' title='bbox 976 1124 1095 1203; x_wconf 83' lang='lat' dir='ltr'><strong>equites</strong></span> <span class='ocrx_word' id='word_1_72' title='bbox 1116 1125 1175 1186; x_wconf 61' lang='lat' dir='ltr'><strong>dus</strong></span> 
     </span>
     <span class='ocr_line' id='line_1_10' title="bbox 123 1200 1175 1288; baseline 0.015 -30"><span class='ocrx_word' id='word_1_73' title='bbox 123 1201 228 1275; x_wconf 74' lang='lat' dir='ltr'><strong>canti:</strong></span> <span class='ocrx_word' id='word_1_74' title='bbox 264 1213 297 1262; x_wconf 86' lang='lat' dir='ltr'><strong>et</strong></span> <span class='ocrx_word' id='word_1_75' title='bbox 319 1200 486 1282; x_wconf 84' lang='lat' dir='ltr'><strong>adjectum,</strong></span> <span class='ocrx_word' id='word_1_76' title='bbox 508 1215 553 1281; x_wconf 91' lang='lat' dir='ltr'><strong>ut,</strong></span> <span class='ocrx_word' id='word_1_77' title='bbox 577 1223 669 1284; x_wconf 91' lang='lat' dir='ltr'><strong>quum</strong></span> <span class='ocrx_word' id='word_1_78' title='bbox 694 1203 725 1268; x_wconf 92' lang='lat' dir='ltr'><strong>in</strong></span> <span class='ocrx_word' id='word_1_79' title='bbox 748 1205 936 1286; x_wconf 84' lang='lat' dir='ltr'><strong>provinciam</strong></span> <span class='ocrx_word' id='word_1_80' title='bbox 950 1209 1094 1288; x_wconf 87' lang='lat' dir='ltr'><strong>venisset,</strong></span> <span class='ocrx_word' id='word_1_81' title='bbox 1116 1211 1175 1275; x_wconf 88' lang='lat' dir='ltr'><strong>sie</strong></span> 
     </span>
     <span class='ocr_line' id='line_1_11' title="bbox 122 1286 1175 1373; baseline 0.015 -28"><span class='ocrx_word' id='word_1_82' title='bbox 122 1286 278 1366; x_wconf 80' lang='lat' dir='ltr'><strong>republica</strong></span> <span class='ocrx_word' id='word_1_83' title='bbox 291 1288 446 1352; x_wconf 78' lang='lat' dir='ltr'><strong>videretur.</strong></span> <span class='ocrx_word' id='word_1_84' title='bbox 463 1308 539 1367; x_wconf 86' lang='lat' dir='ltr'><strong>esse,</strong></span> <span class='ocrx_word' id='word_1_85' title='bbox 561 1291 727 1352; x_wconf 88' lang='lat' dir='ltr'><strong>exercitum</strong></span> <span class='ocrx_word' id='word_1_86' title='bbox 742 1290 774 1352; x_wconf 93' lang='lat' dir='ltr'><strong>in</strong></span> <span class='ocrx_word' id='word_1_87' title='bbox 788 1288 894 1352; x_wconf 85' lang='lat' dir='ltr'><strong>Asiam</strong></span> <span class='ocrx_word' id='word_1_88' title='bbox 910 1291 1073 1373; x_wconf 76' lang='lat' dir='ltr'><strong>trajiceret.</strong></span> <span class='ocrx_word' id='word_1_89' title='bbox 1116 1295 1175 1361; x_wconf 80' lang='lat' dir='ltr'><strong>Al·</strong></span> 
     </span>
    </p>

    <p class='ocr_par' dir='ltr' id='par_1_5' title="bbox 120 1372 1276 1798">
     <span class='ocr_line' id='line_1_12' title="bbox 121 1372 1178 1461; baseline 0.012 -30"><span class='ocrx_word' id='word_1_90' title='bbox 121 1372 181 1431; x_wconf 90' lang='lat' dir='ltr'><strong>teri</strong></span> <span class='ocrx_word' id='word_1_91' title='bbox 209 1372 325 1434; x_wconf 86' lang='lat' dir='ltr'><strong>consuli</strong></span> <span class='ocrx_word' id='word_1_92' title='bbox 350 1384 434 1436; x_wconf 91' lang='lat' dir='ltr'><strong>totus</strong></span> <span class='ocrx_word' id='word_1_93' title='bbox 460 1395 555 1437; x_wconf 89' lang='lat' dir='ltr'><strong>novus</strong></span> <span class='ocrx_word' id='word_1_94' title='bbox 579 1377 731 1440; x_wconf 88' lang='lat' dir='ltr'><strong>exercitus</strong></span> <span class='ocrx_word' id='word_1_95' title='bbox 755 1376 894 1438; x_wconf 87' lang='lat' dir='ltr'><strong>decretus</strong></span> <span class='ocrx_word' id='word_1_96' title='bbox 906 1398 928 1454; x_wconf 82' lang='lat'><strong>3·</strong></span> <span class='ocrx_word' id='word_1_97' title='bbox 946 1378 1012 1440; x_wconf 85' lang='lat' dir='ltr'><strong>dues</strong></span> <span class='ocrx_word' id='word_1_98' title='bbox 1037 1381 1178 1461; x_wconf 78' lang='lat' dir='ltr'><strong>legiones</strong></span> 
     </span>
     <span class='ocr_line' id='line_1_13' title="bbox 120 1453 1174 1544; baseline 0.011 -28"><span class='ocrx_word' id='word_1_99' title='bbox 120 1453 280 1538; x_wconf 74' lang='lat' dir='ltr'><strong>Romana,</strong></span> <span class='ocrx_word' id='word_1_100' title='bbox 293 1471 326 1522; x_wconf 90' lang='lat' dir='ltr'><strong>et</strong></span> <span class='ocrx_word' id='word_1_101' title='bbox 336 1460 454 1522; x_wconf 78' lang='lat' dir='ltr'><strong>socium</strong></span> <span class='ocrx_word' id='word_1_102' title='bbox 466 1459 569 1524; x_wconf 83' lang='lat' dir='ltr'><strong>Latini</strong></span> <span class='ocrx_word' id='word_1_103' title='bbox 584 1461 715 1524; x_wconf 90' lang='lat' dir='ltr'><strong>nominis</strong></span> <span class='ocrx_word' id='word_1_104' title='bbox 726 1461 898 1540; x_wconf 84' lang='lat' dir='ltr'><strong>quindecim</strong></span> <span class='ocrx_word' id='word_1_105' title='bbox 915 1463 1012 1524; x_wconf 86' lang='lat' dir='ltr'><strong>millia</strong></span> <span class='ocrx_word' id='word_1_106' title='bbox 1024 1466 1174 1544; x_wconf 85' lang='lat' dir='ltr'><strong>peditum,</strong></span> 
     </span>
     <span class='ocr_line' id='line_1_14' title="bbox 120 1543 1276 1630; baseline 0.01 -28"><span class='ocrx_word' id='word_1_107' title='bbox 120 1543 238 1623; x_wconf 83' lang='lat' dir='ltr'><strong>equites</strong></span> <span class='ocrx_word' id='word_1_108' title='bbox 252 1547 399 1608; x_wconf 83' lang='lat' dir='ltr'><strong>sexcenti.</strong></span> <span class='ocrx_word' id='word_1_109' title='bbox 442 1544 617 1608; x_wconf 82' lang='lat' dir='ltr'><strong>Exercitum</strong></span> <span class='ocrx_word' id='word_1_110' title='bbox 633 1567 673 1608; x_wconf 88' lang='lat' dir='ltr'><strong>ex</strong></span> <span class='ocrx_word' id='word_1_111' title='bbox 688 1544 849 1627; x_wconf 83' lang='lat' dir='ltr'><strong>Liguribus</strong></span> <span class='ocrx_word' id='word_1_112' title='bbox 864 1547 903 1619; x_wconf 84' lang='lat' dir='ltr'><strong>Q.</strong></span> <span class='ocrx_word' id='word_1_113' title='bbox 919 1546 1075 1612; x_wconf 89' lang='lat' dir='ltr'><strong>Minucius</strong></span> <span class='ocrx_word' id='word_1_114' title='bbox 1093 1549 1172 1630; x_wconf 75' lang='lat' dir='ltr'><strong>(jam</strong></span> <span class='ocrx_word' id='word_1_115' title='bbox 1275 1565 1276 1568; x_wconf 75' lang='grc'>’</span> 
     </span>
     <span class='ocr_line' id='line_1_15' title="bbox 122 1630 1172 1714; baseline 0.009 -25"><span class='ocrx_word' id='word_1_116' title='bbox 122 1630 206 1694; x_wconf 90' lang='lat' dir='ltr'><strong>enim</strong></span> <span class='ocrx_word' id='word_1_117' title='bbox 232 1631 405 1694; x_wconf 86' lang='lat' dir='ltr'><strong>confectum</strong></span> <span class='ocrx_word' id='word_1_118' title='bbox 431 1633 618 1714; x_wconf 86' lang='lat' dir='ltr'><strong>provinciam</strong></span> <span class='ocrx_word' id='word_1_119' title='bbox 644 1633 817 1714; x_wconf 79' lang='lat' dir='ltr'><strong>scripserat,</strong></span> <span class='ocrx_word' id='word_1_120' title='bbox 851 1644 883 1702; x_wconf 84' lang='lat' dir='ltr'><strong>et</strong></span> <span class='ocrx_word' id='word_1_121' title='bbox 909 1631 1054 1714; x_wconf 86' lang='lat' dir='ltr'><strong>Ligurum</strong></span> <span class='ocrx_word' id='word_1_122' title='bbox 1080 1656 1172 1700; x_wconf 90' lang='lat' dir='ltr'><strong>omne</strong></span> 
     </span>
     <span class='ocr_line' id='line_1_16' title="bbox 121 1717 1172 1798; baseline 0.008 -22"><span class='ocrx_word' id='word_1_123' title='bbox 121 1734 235 1778; x_wconf 89' lang='lat' dir='ltr'><strong>nomen</strong></span> <span class='ocrx_word' id='word_1_124' title='bbox 252 1717 283 1778; x_wconf 85' lang='lat' dir='ltr'><strong>in</strong></span> <span class='ocrx_word' id='word_1_125' title='bbox 298 1718 484 1780; x_wconf 89' lang='lat' dir='ltr'><strong>deditionem</strong></span> <span class='ocrx_word' id='word_1_126' title='bbox 496 1718 625 1798; x_wconf 78' lang='lat' dir='ltr'><strong>vertisse)</strong></span> <span class='ocrx_word' id='word_1_127' title='bbox 651 1719 811 1781; x_wconf 80' lang='lat' dir='ltr'><strong>traducere</strong></span> <span class='ocrx_word' id='word_1_128' title='bbox 826 1719 859 1786; x_wconf 87' lang='lat' dir='ltr'><strong>in</strong></span> <span class='ocrx_word' id='word_1_129' title='bbox 869 1717 974 1798; x_wconf 86' lang='lat' dir='ltr'><strong>Boios,</strong></span> <span class='ocrx_word' id='word_1_130' title='bbox 998 1733 1030 1782; x_wconf 91' lang='lat' dir='ltr'><strong>et</strong></span> <span class='ocrx_word' id='word_1_131' title='bbox 1045 1719 1077 1782; x_wconf 92' lang='grc' dir='ltr'><strong>Ρ.</strong></span> <span class='ocrx_word' id='word_1_132' title='bbox 1094 1719 1172 1784; x_wconf 90' lang='lat' dir='ltr'><strong>Cor·</strong></span> 
     </span>
    </p>

    <p class='ocr_par' dir='ltr' id='par_1_6' title="bbox 117 1800 1235 2144">
     <span class='ocr_line' id='line_1_17' title="bbox 121 1800 1172 1886; baseline 0.009 -25"><span class='ocrx_word' id='word_1_133' title='bbox 121 1800 204 1862; x_wconf 90' lang='lat' dir='ltr'><strong>nelio</strong></span> <span class='ocrx_word' id='word_1_134' title='bbox 215 1803 388 1884; x_wconf 85' lang='lat' dir='ltr'><strong>proconsuli</strong></span> <span class='ocrx_word' id='word_1_135' title='bbox 404 1804 536 1882; x_wconf 84' lang='lat' dir='ltr'><strong>tradere,</strong></span> <span class='ocrx_word' id='word_1_136' title='bbox 546 1802 660 1885; x_wconf 88' lang='lat' dir='ltr'><strong>jussus.</strong></span> <span class='ocrx_word' id='word_1_137' title='bbox 706 1802 780 1866; x_wconf 72' lang='lat' dir='ltr'><strong>lEx</strong></span> <span class='ocrx_word' id='word_1_138' title='bbox 796 1825 880 1885; x_wconf 87' lang='lat' dir='ltr'><strong>agro,</strong></span> <span class='ocrx_word' id='word_1_139' title='bbox 900 1824 961 1886; x_wconf 94' lang='lat' dir='ltr'><strong>quo</strong></span> <span class='ocrx_word' id='word_1_140' title='bbox 979 1806 1076 1868; x_wconf 86' lang='lat' dir='ltr'><strong>victos</strong></span> <span class='ocrx_word' id='word_1_141' title='bbox 1091 1807 1172 1878; x_wconf 89' lang='lat' dir='ltr'><strong>bello</strong></span> 
     </span>
     <span class='ocr_line' id='line_1_18' title="bbox 119 1886 1235 1972; baseline 0.004 -25"><span class='ocrx_word' id='word_1_142' title='bbox 119 1886 303 1952; x_wconf 80' lang='lat' dir='ltr'><strong>multaverat</strong></span> <span class='ocrx_word' id='word_1_143' title='bbox 315 1888 419 1967; x_wconf 88' lang='lat' dir='ltr'><strong>Boios,</strong></span> <span class='ocrx_word' id='word_1_144' title='bbox 442 1890 579 1952; x_wconf 78' lang='lat' dir='ltr'><strong>deduetae</strong></span> <span class='ocrx_word' id='word_1_145' title='bbox 594 1891 716 1958; x_wconf 83' lang='lat' dir='ltr'><strong>urbanus</strong></span> <span class='ocrx_word' id='word_1_146' title='bbox 731 1890 877 1970; x_wconf 83' lang='lat' dir='ltr'><strong>legiones,</strong></span> <span class='ocrx_word' id='word_1_147' title='bbox 892 1912 957 1971; x_wconf 86' lang='lat' dir='ltr'><strong>quse</strong></span> <span class='ocrx_word' id='word_1_148' title='bbox 972 1891 1073 1972; x_wconf 89' lang='lat' dir='ltr'><strong>priore</strong></span> <span class='ocrx_word' id='word_1_149' title='bbox 1091 1913 1173 1959; x_wconf 85' lang='lat' dir='ltr'><strong>anno</strong></span> <span class='ocrx_word' id='word_1_150' title='bbox 1230 1927 1235 1938; x_wconf 86' lang='lat'><strong>·</strong></span> 
     </span>
     <span class='ocr_line' id='line_1_19' title="bbox 117 1973 1172 2057; baseline 0.007 -24"><span class='ocrx_word' id='word_1_151' title='bbox 117 1975 301 2056; x_wconf 85' lang='lat' dir='ltr'><strong>conscriptas</strong></span> <span class='ocrx_word' id='word_1_152' title='bbox 325 1987 421 2052; x_wconf 89' lang='lat' dir='ltr'><strong>erant,</strong></span> <span class='ocrx_word' id='word_1_153' title='bbox 448 1973 494 2037; x_wconf 90' lang='lat' dir='ltr'><strong>M.</strong></span> <span class='ocrx_word' id='word_1_154' title='bbox 514 1974 630 2038; x_wconf 66' lang='lat' dir='ltr'><strong>&#39;luccio</strong></span> <span class='ocrx_word' id='word_1_155' title='bbox 650 1976 771 2057; x_wconf 76' lang='lat' dir='ltr'><strong>pretori</strong></span> <span class='ocrx_word' id='word_1_156' title='bbox 794 1976 882 2054; x_wconf 77' lang='lat' dir='ltr'><strong>date,</strong></span> <span class='ocrx_word' id='word_1_157' title='bbox 906 1988 939 2040; x_wconf 87' lang='lat' dir='ltr'><strong>et</strong></span> <span class='ocrx_word' id='word_1_158' title='bbox 963 1977 1081 2044; x_wconf 78' lang='lat' dir='ltr'><strong>socium</strong></span> <span class='ocrx_word' id='word_1_159' title='bbox 1105 1977 1172 2040; x_wconf 80' lang='lat' dir='ltr'><strong>acb</strong></span> 
     </span>
     <span class='ocr_line' id='line_1_20' title="bbox 118 2055 1172 2144; baseline 0.002 -22"><span class='ocrx_word' id='word_1_160' title='bbox 118 2055 222 2122; x_wconf 80' lang='lat' dir='ltr'><strong>Latini</strong></span> <span class='ocrx_word' id='word_1_161' title='bbox 237 2061 369 2123; x_wconf 91' lang='lat' dir='ltr'><strong>nominis</strong></span> <span class='ocrx_word' id='word_1_162' title='bbox 394 2061 531 2144; x_wconf 88' lang='lat' dir='ltr'><strong>peditum</strong></span> <span class='ocrx_word' id='word_1_163' title='bbox 555 2060 731 2142; x_wconf 87' lang='lat' dir='ltr'><strong>quindecim</strong></span> <span class='ocrx_word' id='word_1_164' title='bbox 754 2061 861 2140; x_wconf 84' lang='lat' dir='ltr'><strong>millia,</strong></span> <span class='ocrx_word' id='word_1_165' title='bbox 884 2061 1001 2143; x_wconf 86' lang='lat' dir='ltr'><strong>equites</strong></span> <span class='ocrx_word' id='word_1_166' title='bbox 1023 2064 1172 2140; x_wconf 78' lang='lat' dir='ltr'><strong>sexcenti,</strong></span> 
     </span>
    </p>

    <p class='ocr_par' dir='ltr' id='par_1_7' title="bbox 119 2144 1200 2400">
     <span class='ocr_line' id='line_1_21' title="bbox 120 2144 1200 2228; baseline 0.001 -20"><span class='ocrx_word' id='word_1_167' title='bbox 120 2144 162 2208; x_wconf 82' lang='lat' dir='ltr'><strong>ad</strong></span> <span class='ocrx_word' id='word_1_168' title='bbox 175 2144 320 2228; x_wconf 87' lang='lat' dir='ltr'><strong>Apuliam</strong></span> <span class='ocrx_word' id='word_1_169' title='bbox 334 2146 531 2226; x_wconf 86' lang='lat' dir='ltr'><strong>Bruttiosque</strong></span> <span class='ocrx_word' id='word_1_170' title='bbox 546 2147 739 2214; x_wconf 86' lang='lat' dir='ltr'><strong>obtinendos.</strong></span> <span class='ocrx_word' id='word_1_171' title='bbox 783 2146 822 2209; x_wconf 89' lang='lat' dir='ltr'><strong>A.</strong></span> <span class='ocrx_word' id='word_1_172' title='bbox 843 2145 993 2210; x_wconf 62' lang='lat' dir='ltr'><strong>cornelio,</strong></span> <span class='ocrx_word' id='word_1_173' title='bbox 1009 2148 1171 2228; x_wconf 88' lang='lat' dir='ltr'><strong>superioris</strong></span> <span class='ocrx_word' id='word_1_174' title='bbox 1197 2189 1200 2192; x_wconf 95' lang='lat'>-</span> 
     </span>
     <span class='ocr_line' id='line_1_22' title="bbox 120 2231 1172 2315; baseline 0.005 -24"><span class='ocrx_word' id='word_1_175' title='bbox 120 2231 194 2299; x_wconf 78' lang='lat' dir='ltr'><strong>anni</strong></span> <span class='ocrx_word' id='word_1_176' title='bbox 209 2233 341 2315; x_wconf 74' lang='lat' dir='ltr'><strong>pretori,</strong></span> <span class='ocrx_word' id='word_1_177' title='bbox 365 2234 416 2313; x_wconf 93' lang='lat' dir='ltr'><strong>qui</strong></span> <span class='ocrx_word' id='word_1_178' title='bbox 430 2231 566 2297; x_wconf 88' lang='lat' dir='ltr'><strong>Bmttios</strong></span> <span class='ocrx_word' id='word_1_179' title='bbox 583 2253 654 2298; x_wconf 89' lang='lat' dir='ltr'><strong>cum</strong></span> <span class='ocrx_word' id='word_1_180' title='bbox 668 2232 805 2298; x_wconf 82' lang='lat' dir='ltr'><strong>exercitu</strong></span> <span class='ocrx_word' id='word_1_181' title='bbox 829 2232 1012 2310; x_wconf 88' lang='lat' dir='ltr'><strong>obtinuerat,</strong></span> <span class='ocrx_word' id='word_1_182' title='bbox 1039 2234 1172 2314; x_wconf 83' lang='lat' dir='ltr'><strong>impera·</strong></span> 
     </span>
     <span class='ocr_line' id='line_1_23' title="bbox 119 2315 1178 2400; baseline 0.005 -23"><span class='ocrx_word' id='word_1_183' title='bbox 119 2319 237 2396; x_wconf 75' lang='lat' dir='ltr'><strong>tiamsi</strong></span> <span class='ocrx_word' id='word_1_184' title='bbox 252 2320 297 2380; x_wconf 85' lang='lat' dir='ltr'><strong>ita</strong></span> <span class='ocrx_word' id='word_1_185' title='bbox 310 2319 426 2380; x_wconf 88' lang='lat' dir='ltr'><strong>consuli</strong></span> <span class='ocrx_word' id='word_1_186' title='bbox 441 2318 602 2395; x_wconf 87' lang='lat' dir='ltr'><strong>videretur,</strong></span> <span class='ocrx_word' id='word_1_187' title='bbox 617 2327 652 2380; x_wconf 93' lang='lat' dir='ltr'><strong>ut</strong></span> <span class='ocrx_word' id='word_1_188' title='bbox 665 2317 800 2399; x_wconf 83' lang='lat' dir='ltr'><strong>legiones</strong></span> <span class='ocrx_word' id='word_1_189' title='bbox 816 2318 849 2380; x_wconf 90' lang='lat' dir='ltr'><strong>in</strong></span> <span class='ocrx_word' id='word_1_190' title='bbox 862 2315 1013 2384; x_wconf 86' lang='lat' dir='ltr'><strong>AEtoliam</strong></span> <span class='ocrx_word' id='word_1_191' title='bbox 1025 2317 1178 2400; x_wconf 86' lang='lat' dir='ltr'><strong>trajectas.</strong></span> 
     </span>
    </p>

    <p class='ocr_par' dir='ltr' id='par_1_8' title="bbox 117 2400 1213 3082">
     <span class='ocr_line' id='line_1_24' title="bbox 119 2400 1213 2482; baseline 0.001 -18"><span class='ocrx_word' id='word_1_192' title='bbox 119 2400 180 2464; x_wconf 87' lang='grc' dir='ltr'><strong>Μ’.</strong></span> <span class='ocrx_word' id='word_1_193' title='bbox 203 2403 305 2465; x_wconf 87' lang='lat' dir='ltr'><strong>Acilio</strong></span> <span class='ocrx_word' id='word_1_194' title='bbox 319 2405 463 2482; x_wconf 90' lang='lat' dir='ltr'><strong>traderet,</strong></span> <span class='ocrx_word' id='word_1_195' title='bbox 485 2405 510 2464; x_wconf 92' lang='lat' dir='ltr'><strong>si</strong></span> <span class='ocrx_word' id='word_1_196' title='bbox 537 2405 563 2464; x_wconf 92' lang='lat' dir='ltr'><strong>is</strong></span> <span class='ocrx_word' id='word_1_197' title='bbox 584 2423 708 2467; x_wconf 88' lang='lat' dir='ltr'><strong>manere</strong></span> <span class='ocrx_word' id='word_1_198' title='bbox 729 2403 770 2465; x_wconf 91' lang='lat' dir='ltr'><strong>ibi</strong></span> <span class='ocrx_word' id='word_1_199' title='bbox 785 2402 886 2464; x_wconf 82' lang='lat' dir='ltr'><strong>vellet.</strong></span> <span class='ocrx_word' id='word_1_200' title='bbox 901 2403 927 2464; x_wconf 88' lang='lat' dir='ltr'><strong>si</strong></span> <span class='ocrx_word' id='word_1_201' title='bbox 941 2402 1057 2464; x_wconf 88' lang='lat' dir='ltr'><strong>Acilius</strong></span> <span class='ocrx_word' id='word_1_202' title='bbox 1073 2403 1172 2466; x_wconf 88' lang='lat' dir='ltr'><strong>redire</strong></span> <span class='ocrx_word' id='word_1_203' title='bbox 1210 2445 1213 2454; x_wconf 54' lang='grc' dir='ltr'>ι</span> 
     </span>
     <span class='ocr_line' id='line_1_25' title="bbox 117 2485 1171 2568; baseline 0.005 -19"><span class='ocrx_word' id='word_1_204' title='bbox 117 2485 255 2551; x_wconf 87' lang='lat' dir='ltr'><strong>Romam</strong></span> <span class='ocrx_word' id='word_1_205' title='bbox 270 2490 385 2568; x_wconf 89' lang='lat' dir='ltr'><strong>mallet,</strong></span> <span class='ocrx_word' id='word_1_206' title='bbox 408 2501 443 2552; x_wconf 91' lang='lat' dir='ltr'><strong>ut</strong></span> <span class='ocrx_word' id='word_1_207' title='bbox 464 2488 501 2550; x_wconf 93' lang='lat' dir='ltr'><strong>A.</strong></span> <span class='ocrx_word' id='word_1_208' title='bbox 517 2488 674 2556; x_wconf 86' lang='lat' dir='ltr'><strong>Cornelius</strong></span> <span class='ocrx_word' id='word_1_209' title='bbox 688 2509 764 2554; x_wconf 85' lang='lat' dir='ltr'><strong>curn</strong></span> <span class='ocrx_word' id='word_1_210' title='bbox 785 2509 823 2550; x_wconf 90' lang='lat' dir='ltr'><strong>eo</strong></span> <span class='ocrx_word' id='word_1_211' title='bbox 845 2489 981 2558; x_wconf 83' lang='lat' dir='ltr'><strong>exercitu</strong></span> <span class='ocrx_word' id='word_1_212' title='bbox 1001 2489 1033 2550; x_wconf 89' lang='lat' dir='ltr'><strong>in</strong></span> <span class='ocrx_word' id='word_1_213' title='bbox 1053 2486 1171 2554; x_wconf 85' lang='lat' dir='ltr'><strong>AEtolia</strong></span> 
     </span>
     <span class='ocr_line' id='line_1_26' title="bbox 119 2571 1171 2655; baseline 0.003 -20"><span class='ocrx_word' id='word_1_214' title='bbox 119 2586 302 2637; x_wconf 87' lang='lat' dir='ltr'><strong>remaneret.</strong></span> <span class='ocrx_word' id='word_1_215' title='bbox 334 2575 370 2637; x_wconf 90' lang='lat' dir='ltr'><strong>C.</strong></span> <span class='ocrx_word' id='word_1_216' title='bbox 384 2576 523 2639; x_wconf 89' lang='lat' dir='ltr'><strong>Atinium</strong></span> <span class='ocrx_word' id='word_1_217' title='bbox 539 2573 714 2638; x_wconf 83' lang='lat' dir='ltr'><strong>Labeonem</strong></span> <span class='ocrx_word' id='word_1_218' title='bbox 727 2573 913 2655; x_wconf 86' lang='lat' dir='ltr'><strong>provinciam</strong></span> <span class='ocrx_word' id='word_1_219' title='bbox 929 2571 1066 2646; x_wconf 83' lang='lat' dir='ltr'><strong>Siciliam</strong></span> <span class='ocrx_word' id='word_1_220' title='bbox 1081 2595 1171 2638; x_wconf 83' lang='lat' dir='ltr'><strong>exer·</strong></span> 
     </span>
     <span class='ocr_line' id='line_1_27' title="bbox 118 2658 1169 2742; baseline -0.001 -20"><span class='ocrx_word' id='word_1_221' title='bbox 118 2660 276 2742; x_wconf 85' lang='lat' dir='ltr'><strong>citumque</strong></span> <span class='ocrx_word' id='word_1_222' title='bbox 294 2659 371 2723; x_wconf 87' lang='lat' dir='ltr'><strong>aM.</strong></span> <span class='ocrx_word' id='word_1_223' title='bbox 386 2658 515 2724; x_wconf 89' lang='lat' dir='ltr'><strong>AEmilio</strong></span> <span class='ocrx_word' id='word_1_224' title='bbox 531 2661 667 2742; x_wconf 85' lang='lat' dir='ltr'><strong>accipere</strong></span> <span class='ocrx_word' id='word_1_225' title='bbox 682 2659 808 2741; x_wconf 81' lang='lat' dir='ltr'><strong>placuit,</strong></span> <span class='ocrx_word' id='word_1_226' title='bbox 831 2660 910 2722; x_wconf 87' lang='lat' dir='ltr'><strong>etin</strong></span> <span class='ocrx_word' id='word_1_227' title='bbox 925 2660 1169 2742; x_wconf 82' lang='lat' dir='ltr'><strong>supplementum</strong></span> 
     </span>
     <span class='ocr_line' id='line_1_28' title="bbox 119 2744 1169 2828; baseline 0 -20"><span class='ocrx_word' id='word_1_228' title='bbox 119 2747 252 2810; x_wconf 86' lang='lat' dir='ltr'><strong>seribere</strong></span> <span class='ocrx_word' id='word_1_229' title='bbox 267 2768 306 2808; x_wconf 90' lang='lat' dir='ltr'><strong>ex</strong></span> <span class='ocrx_word' id='word_1_230' title='bbox 320 2747 388 2828; x_wconf 89' lang='lat' dir='ltr'><strong>ipsa</strong></span> <span class='ocrx_word' id='word_1_231' title='bbox 402 2746 568 2828; x_wconf 87' lang='lat' dir='ltr'><strong>provincia,</strong></span> <span class='ocrx_word' id='word_1_232' title='bbox 591 2746 617 2810; x_wconf 87' lang='lat' dir='ltr'><strong>si</strong></span> <span class='ocrx_word' id='word_1_233' title='bbox 638 2745 740 2822; x_wconf 86' lang='lat' dir='ltr'><strong>vellet,</strong></span> <span class='ocrx_word' id='word_1_234' title='bbox 763 2745 901 2825; x_wconf 90' lang='lat' dir='ltr'><strong>pediturn</strong></span> <span class='ocrx_word' id='word_1_235' title='bbox 923 2744 984 2807; x_wconf 91' lang='lat' dir='ltr'><strong>duo</strong></span> <span class='ocrx_word' id='word_1_236' title='bbox 1007 2745 1113 2824; x_wconf 85' lang='lat' dir='ltr'><strong>millia,</strong></span> <span class='ocrx_word' id='word_1_237' title='bbox 1137 2757 1169 2808; x_wconf 91' lang='lat' dir='ltr'><strong>et</strong></span> 
     </span>
     <span class='ocr_line' id='line_1_29' title="bbox 118 2829 1169 2914; baseline 0.001 -21"><span class='ocrx_word' id='word_1_238' title='bbox 118 2844 244 2895; x_wconf 82' lang='lat' dir='ltr'><strong>centrum</strong></span> <span class='ocrx_word' id='word_1_239' title='bbox 256 2833 384 2914; x_wconf 86' lang='lat' dir='ltr'><strong>equites.</strong></span> <span class='ocrx_word' id='word_1_240' title='bbox 430 2830 462 2894; x_wconf 91' lang='lat' dir='ltr'><strong>P.</strong></span> <span class='ocrx_word' id='word_1_241' title='bbox 476 2830 586 2894; x_wconf 78' lang='lat' dir='ltr'><strong>lunius</strong></span> <span class='ocrx_word' id='word_1_242' title='bbox 608 2829 718 2896; x_wconf 86' lang='lat' dir='ltr'><strong>Brutus</strong></span> <span class='ocrx_word' id='word_1_243' title='bbox 735 2831 766 2890; x_wconf 92' lang='lat' dir='ltr'><strong>in</strong></span> <span class='ocrx_word' id='word_1_244' title='bbox 780 2829 899 2892; x_wconf 85' lang='lat' dir='ltr'><strong>Tuscos</strong></span> <span class='ocrx_word' id='word_1_245' title='bbox 920 2830 1087 2902; x_wconf 77' lang='lat' dir='ltr'><strong>exercitum</strong></span> <span class='ocrx_word' id='word_1_246' title='bbox 1111 2851 1169 2894; x_wconf 85' lang='lat' dir='ltr'><strong>no·</strong></span> 
     </span>
     <span class='ocr_line' id='line_1_30' title="bbox 117 2915 1169 3000; baseline -0.003 -20"><span class='ocrx_word' id='word_1_247' title='bbox 117 2939 203 2996; x_wconf 89' lang='lat' dir='ltr'><strong>vum,</strong></span> <span class='ocrx_word' id='word_1_248' title='bbox 225 2920 376 3000; x_wconf 85' lang='lat' dir='ltr'><strong>legionem</strong></span> <span class='ocrx_word' id='word_1_249' title='bbox 393 2937 484 2979; x_wconf 90' lang='lat' dir='ltr'><strong>unam</strong></span> <span class='ocrx_word' id='word_1_250' title='bbox 505 2916 687 2994; x_wconf 86' lang='lat' dir='ltr'><strong>Romanam,</strong></span> <span class='ocrx_word' id='word_1_251' title='bbox 709 2926 742 2977; x_wconf 91' lang='lat' dir='ltr'><strong>et</strong></span> <span class='ocrx_word' id='word_1_252' title='bbox 761 2916 868 2977; x_wconf 92' lang='lat' dir='ltr'><strong>decem</strong></span> <span class='ocrx_word' id='word_1_253' title='bbox 885 2915 983 2986; x_wconf 86' lang='lat' dir='ltr'><strong>millia</strong></span> <span class='ocrx_word' id='word_1_254' title='bbox 998 2916 1116 2979; x_wconf 81' lang='lat' dir='ltr'><strong>socium</strong></span> <span class='ocrx_word' id='word_1_255' title='bbox 1132 2937 1169 2987; x_wconf 87' lang='lat' dir='ltr'><strong>aa</strong></span> 
     </span>
     <span class='ocr_line' id='line_1_31' title="bbox 118 2998 1170 3082; baseline -0.003 -17"><span class='ocrx_word' id='word_1_256' title='bbox 118 3002 222 3066; x_wconf 77' lang='lat' dir='ltr'><strong>latini</strong></span> <span class='ocrx_word' id='word_1_257' title='bbox 237 3004 369 3066; x_wconf 88' lang='lat' dir='ltr'><strong>nominis</strong></span> <span class='ocrx_word' id='word_1_258' title='bbox 384 3003 525 3079; x_wconf 88' lang='lat' dir='ltr'><strong>scribere,</strong></span> <span class='ocrx_word' id='word_1_259' title='bbox 547 3013 579 3064; x_wconf 90' lang='lat' dir='ltr'><strong>et</strong></span> <span class='ocrx_word' id='word_1_260' title='bbox 594 3001 833 3082; x_wconf 84' lang='lat' dir='ltr'><strong>quadringentos</strong></span> <span class='ocrx_word' id='word_1_261' title='bbox 849 3001 988 3082; x_wconf 83' lang='lat' dir='ltr'><strong>equites3</strong></span> <span class='ocrx_word' id='word_1_262' title='bbox 1013 2998 1049 3060; x_wconf 87' lang='lat'><strong>1..</strong></span> <span class='ocrx_word' id='word_1_263' title='bbox 1064 2998 1170 3076; x_wconf 80' lang='lat' dir='ltr'><strong>AEmi·</strong></span> 
     </span>
    </p>

    <p class='ocr_par' dir='ltr' id='par_1_9' title="bbox 113 3084 1275 3682">
     <span class='ocr_line' id='line_1_32' title="bbox 120 3084 1171 3172; baseline -0.005 -21"><span class='ocrx_word' id='word_1_264' title='bbox 120 3090 189 3166; x_wconf 87' lang='lat' dir='ltr'><strong>lius,</strong></span> <span class='ocrx_word' id='word_1_265' title='bbox 212 3092 260 3152; x_wconf 87' lang='lat' dir='ltr'><strong>oui</strong></span> <span class='ocrx_word' id='word_1_266' title='bbox 286 3090 442 3172; x_wconf 86' lang='lat' dir='ltr'><strong>provincia</strong></span> <span class='ocrx_word' id='word_1_267' title='bbox 467 3088 621 3158; x_wconf 85' lang='lat' dir='ltr'><strong>maritima</strong></span> <span class='ocrx_word' id='word_1_268' title='bbox 647 3097 724 3164; x_wconf 91' lang='lat' dir='ltr'><strong>erat,</strong></span> <span class='ocrx_word' id='word_1_269' title='bbox 745 3086 852 3167; x_wconf 80' lang='lat' dir='ltr'><strong>uiginti</strong></span> <span class='ocrx_word' id='word_1_270' title='bbox 870 3105 970 3146; x_wconf 87' lang='lat' dir='ltr'><strong>naves</strong></span> <span class='ocrx_word' id='word_1_271' title='bbox 996 3084 1115 3165; x_wconf 83' lang='lat' dir='ltr'><strong>longas,</strong></span> <span class='ocrx_word' id='word_1_272' title='bbox 1137 3095 1171 3146; x_wconf 90' lang='lat' dir='ltr'><strong>et</strong></span> 
     </span>
     <span class='ocr_line' id='line_1_33' title="bbox 119 3169 1171 3254; baseline -0.005 -17"><span class='ocrx_word' id='word_1_273' title='bbox 119 3176 221 3239; x_wconf 86' lang='lat' dir='ltr'><strong>socios</strong></span> <span class='ocrx_word' id='word_1_274' title='bbox 236 3175 356 3238; x_wconf 85' lang='lat' dir='ltr'><strong>navales</strong></span> <span class='ocrx_word' id='word_1_275' title='bbox 372 3197 391 3236; x_wconf 92' lang='lat' dir='ltr'><strong>a</strong></span> <span class='ocrx_word' id='word_1_276' title='bbox 413 3172 461 3237; x_wconf 89' lang='lat' dir='ltr'><strong>M.</strong></span> <span class='ocrx_word' id='word_1_277' title='bbox 483 3172 579 3236; x_wconf 83' lang='lat' dir='ltr'><strong>dunio</strong></span> <span class='ocrx_word' id='word_1_278' title='bbox 603 3183 731 3254; x_wconf 76' lang='lat' dir='ltr'><strong>pretore</strong></span> <span class='ocrx_word' id='word_1_279' title='bbox 756 3170 919 3251; x_wconf 88' lang='lat' dir='ltr'><strong>superioris</strong></span> <span class='ocrx_word' id='word_1_280' title='bbox 944 3169 1015 3230; x_wconf 90' lang='lat' dir='ltr'><strong>anni</strong></span> <span class='ocrx_word' id='word_1_281' title='bbox 1031 3170 1171 3252; x_wconf 83' lang='lat' dir='ltr'><strong>accipere</strong></span> 
     </span>
     <span class='ocr_line' id='line_1_34' title="bbox 113 3254 1168 3344; baseline -0.008 -20"><span class='ocrx_word' id='word_1_282' title='bbox 113 3261 228 3344; x_wconf 83' lang='lat' dir='ltr'><strong>jussus,</strong></span> <span class='ocrx_word' id='word_1_283' title='bbox 251 3273 283 3323; x_wconf 90' lang='lat' dir='ltr'><strong>st</strong></span> <span class='ocrx_word' id='word_1_284' title='bbox 297 3262 427 3323; x_wconf 89' lang='lat' dir='ltr'><strong>scribere</strong></span> <span class='ocrx_word' id='word_1_285' title='bbox 445 3261 510 3341; x_wconf 90' lang='lat' dir='ltr'><strong>ipse</strong></span> <span class='ocrx_word' id='word_1_286' title='bbox 530 3258 612 3326; x_wconf 89' lang='lat' dir='ltr'><strong>mille</strong></span> <span class='ocrx_word' id='word_1_287' title='bbox 626 3257 747 3318; x_wconf 87' lang='lat' dir='ltr'><strong>navales</strong></span> <span class='ocrx_word' id='word_1_288' title='bbox 762 3258 872 3332; x_wconf 85' lang='lat' dir='ltr'><strong>socios,</strong></span> <span class='ocrx_word' id='word_1_289' title='bbox 895 3254 956 3316; x_wconf 91' lang='lat' dir='ltr'><strong>duo</strong></span> <span class='ocrx_word' id='word_1_290' title='bbox 970 3254 1068 3316; x_wconf 91' lang='lat' dir='ltr'><strong>millia</strong></span> <span class='ocrx_word' id='word_1_291' title='bbox 1082 3255 1168 3335; x_wconf 91' lang='lat' dir='ltr'><strong>pedi·</strong></span> 
     </span>
     <span class='ocr_line' id='line_1_35' title="bbox 117 3338 1170 3424; baseline -0.008 -14"><span class='ocrx_word' id='word_1_292' title='bbox 117 3359 206 3413; x_wconf 86' lang='lat' dir='ltr'><strong>tum:</strong></span> <span class='ocrx_word' id='word_1_293' title='bbox 237 3367 306 3409; x_wconf 87' lang='lat' dir='ltr'><strong>cum</strong></span> <span class='ocrx_word' id='word_1_294' title='bbox 330 3348 367 3410; x_wconf 92' lang='lat' dir='ltr'><strong>iis</strong></span> <span class='ocrx_word' id='word_1_295' title='bbox 391 3347 516 3408; x_wconf 84' lang='lat' dir='ltr'><strong>naribus</strong></span> <span class='ocrx_word' id='word_1_296' title='bbox 537 3343 748 3424; x_wconf 85' lang='lat' dir='ltr'><strong>militibusque</strong></span> <span class='ocrx_word' id='word_1_297' title='bbox 768 3341 800 3404; x_wconf 91' lang='lat' dir='ltr'><strong>in</strong></span> <span class='ocrx_word' id='word_1_298' title='bbox 825 3340 932 3405; x_wconf 90' lang='lat' dir='ltr'><strong>Asiam</strong></span> <span class='ocrx_word' id='word_1_299' title='bbox 955 3338 1115 3422; x_wconf 86' lang='lat' dir='ltr'><strong>proficisci,</strong></span> <span class='ocrx_word' id='word_1_300' title='bbox 1137 3353 1170 3412; x_wconf 84' lang='lat' dir='ltr'><strong>et</strong></span> 
     </span>
     <span class='ocr_line' id='line_1_36' title="bbox 118 3422 1169 3512; baseline -0.007 -17"><span class='ocrx_word' id='word_1_301' title='bbox 118 3435 249 3495; x_wconf 87' lang='lat' dir='ltr'><strong>classem</strong></span> <span class='ocrx_word' id='word_1_302' title='bbox 265 3456 283 3494; x_wconf 91' lang='lat' dir='ltr'><strong>a</strong></span> <span class='ocrx_word' id='word_1_303' title='bbox 298 3433 334 3495; x_wconf 90' lang='lat' dir='ltr'><strong>C.</strong></span> <span class='ocrx_word' id='word_1_304' title='bbox 349 3432 435 3494; x_wconf 89' lang='lat' dir='ltr'><strong>Livio</strong></span> <span class='ocrx_word' id='word_1_305' title='bbox 451 3432 601 3512; x_wconf 87' lang='lat' dir='ltr'><strong>accipere.</strong></span> <span class='ocrx_word' id='word_1_306' title='bbox 644 3426 731 3490; x_wconf 88' lang='lat' dir='ltr'><strong>Duas</strong></span> <span class='ocrx_word' id='word_1_307' title='bbox 756 3425 920 3509; x_wconf 89' lang='lat' dir='ltr'><strong>Hispanias</strong></span> <span class='ocrx_word' id='word_1_308' title='bbox 936 3422 1169 3506; x_wconf 89' lang='lat' dir='ltr'><strong>Sardiniamque</strong></span> 
     </span>
     <span class='ocr_line' id='line_1_37' title="bbox 116 3511 1275 3601; baseline -0.008 -19"><span class='ocrx_word' id='word_1_309' title='bbox 116 3520 328 3582; x_wconf 86' lang='lat' dir='ltr'><strong>obtinentibus</strong></span> <span class='ocrx_word' id='word_1_310' title='bbox 353 3529 552 3601; x_wconf 85' lang='lat' dir='ltr'><strong>prorogatum</strong></span> <span class='ocrx_word' id='word_1_311' title='bbox 575 3516 606 3576; x_wconf 89' lang='lat' dir='ltr'><strong>in</strong></span> <span class='ocrx_word' id='word_1_312' title='bbox 629 3534 742 3576; x_wconf 88' lang='lat' dir='ltr'><strong>annum</strong></span> <span class='ocrx_word' id='word_1_313' title='bbox 765 3513 926 3594; x_wconf 91' lang='lat' dir='ltr'><strong>imperium</strong></span> <span class='ocrx_word' id='word_1_314' title='bbox 947 3523 1005 3590; x_wconf 89' lang='lat' dir='ltr'><strong>est,</strong></span> <span class='ocrx_word' id='word_1_315' title='bbox 1028 3522 1060 3572; x_wconf 91' lang='lat' dir='ltr'><strong>et</strong></span> <span class='ocrx_word' id='word_1_316' title='bbox 1074 3511 1167 3574; x_wconf 87' lang='lat' dir='ltr'><strong>iidem</strong></span> <span class='ocrx_word' id='word_1_317' title='bbox 1273 3593 1275 3598; x_wconf 23' lang='grc' dir='ltr'>Ι</span> 
     </span>
     <span class='ocr_line' id='line_1_38' title="bbox 118 3597 1175 3682; baseline -0.007 -15"><span class='ocrx_word' id='word_1_318' title='bbox 118 3607 270 3676; x_wconf 75' lang='lat' dir='ltr'><strong>exercitus</strong></span> <span class='ocrx_word' id='word_1_319' title='bbox 284 3605 412 3676; x_wconf 84' lang='lat' dir='ltr'><strong>decreti.</strong></span> <span class='ocrx_word' id='word_1_320' title='bbox 456 3603 569 3674; x_wconf 77' lang='lat' dir='ltr'><strong>Siciliae</strong></span> <span class='ocrx_word' id='word_1_321' title='bbox 584 3599 790 3682; x_wconf 72' lang='lat' dir='ltr'><strong>Sardiniaque</strong></span> <span class='ocrx_word' id='word_1_322' title='bbox 807 3600 910 3663; x_wconf 81' lang='lat' dir='ltr'><strong>‘binae</strong></span> <span class='ocrx_word' id='word_1_323' title='bbox 925 3619 964 3660; x_wconf 90' lang='lat' dir='ltr'><strong>eo</strong></span> <span class='ocrx_word' id='word_1_324' title='bbox 978 3597 1175 3660; x_wconf 69' lang='lat' dir='ltr'><strong>asmodeum.</strong></span> 
     </span>
    </p>

    <p class='ocr_par' dir='ltr' id='par_1_10' title="bbox 116 3681 1286 3860">
     <span class='ocr_line' id='line_1_39' title="bbox 116 3681 1286 3772; baseline -0.008 -17"><span class='ocrx_word' id='word_1_325' title='bbox 116 3713 175 3754; x_wconf 83' lang='lat' dir='ltr'><strong>mee</strong></span> <span class='ocrx_word' id='word_1_326' title='bbox 197 3692 339 3754; x_wconf 88' lang='lat' dir='ltr'><strong>frumenti</strong></span> <span class='ocrx_word' id='word_1_327' title='bbox 362 3692 535 3772; x_wconf 69' lang='lat' dir='ltr'><strong>imperate:</strong></span> <span class='ocrx_word' id='word_1_328' title='bbox 568 3684 703 3758; x_wconf 80' lang='lat' dir='ltr'><strong>Simulum</strong></span> <span class='ocrx_word' id='word_1_329' title='bbox 723 3705 814 3748; x_wconf 90' lang='lat' dir='ltr'><strong>omne</strong></span> <span class='ocrx_word' id='word_1_330' title='bbox 828 3684 1012 3746; x_wconf 86' lang='lat' dir='ltr'><strong>frumentum</strong></span> <span class='ocrx_word' id='word_1_331' title='bbox 1028 3683 1059 3744; x_wconf 90' lang='lat' dir='ltr'><strong>in</strong></span> <span class='ocrx_word' id='word_1_332' title='bbox 1075 3681 1168 3746; x_wconf 79' lang='lat' dir='ltr'><strong>AEto-</strong></span> <span class='ocrx_word' id='word_1_333' title='bbox 1236 3717 1239 3723; x_wconf 95' lang='lat'>·</span> <span class='ocrx_word' id='word_1_334' title='bbox 1277 3743 1286 3754; x_wconf 88' lang='grc'><strong>,</strong></span> 
     </span>
     <span class='ocr_line' id='line_1_40' title="bbox 117 3765 1167 3860; baseline -0.009 -21"><span class='ocrx_word' id='word_1_335' title='bbox 117 3778 192 3860; x_wconf 80' lang='lat' dir='ltr'><strong>liam</strong></span> <span class='ocrx_word' id='word_1_336' title='bbox 209 3779 248 3840; x_wconf 91' lang='lat' dir='ltr'><strong>ad</strong></span> <span class='ocrx_word' id='word_1_337' title='bbox 263 3777 431 3852; x_wconf 85' lang='lat' dir='ltr'><strong>exercitum</strong></span> <span class='ocrx_word' id='word_1_338' title='bbox 442 3774 557 3860; x_wconf 87' lang='lat' dir='ltr'><strong>portari</strong></span> <span class='ocrx_word' id='word_1_339' title='bbox 568 3771 708 3856; x_wconf 87' lang='lat' dir='ltr'><strong>jussum:</strong></span> <span class='ocrx_word' id='word_1_340' title='bbox 731 3765 773 3834; x_wconf 85' lang='lat' dir='ltr'><strong>ex</strong></span> <span class='ocrx_word' id='word_1_341' title='bbox 787 3769 928 3834; x_wconf 81' lang='lat' dir='ltr'><strong>Sardinia</strong></span> <span class='ocrx_word' id='word_1_342' title='bbox 939 3782 1008 3852; x_wconf 86' lang='lat' dir='ltr'><strong>pars</strong></span> <span class='ocrx_word' id='word_1_343' title='bbox 1023 3768 1167 3846; x_wconf 87' lang='lat' dir='ltr'><strong>Romam,</strong></span> 
     </span>
    </p>

    <p class='ocr_par' dir='ltr' id='par_1_11' title="bbox 116 3857 798 3948">
     <span class='ocr_line' id='line_1_41' title="bbox 116 3857 798 3948; baseline 0.003 -22"><span class='ocrx_word' id='word_1_344' title='bbox 116 3885 190 3948; x_wconf 81' lang='lat' dir='ltr'><strong>pars</strong></span> <span class='ocrx_word' id='word_1_345' title='bbox 205 3864 259 3928; x_wconf 68' lang='lat' dir='ltr'><strong>⁵in</strong></span> <span class='ocrx_word' id='word_1_346' title='bbox 273 3857 437 3941; x_wconf 84' lang='lat' dir='ltr'><strong>AEtoliarn,</strong></span> <span class='ocrx_word' id='word_1_347' title='bbox 452 3862 560 3924; x_wconf 87' lang='lat' dir='ltr'><strong>eodem</strong></span> <span class='ocrx_word' id='word_1_348' title='bbox 575 3880 636 3944; x_wconf 81' lang='lat' dir='ltr'><strong>quo</strong></span> <span class='ocrx_word' id='word_1_349' title='bbox 652 3857 798 3920; x_wconf 74' lang='lat' dir='ltr'><strong>Siculum·</strong></span> 
     </span>
    </p>
   </div>
   <div class='ocr_carea' id='block_1_3' title="bbox 282 3987 1010 4088">
    <p class='ocr_par' dir='ltr' id='par_1_12' title="bbox 282 3987 1010 4088">
     <span class='ocr_line' id='line_1_42' title="bbox 282 3987 1010 4088; baseline -0.012 -11"><span class='ocrx_word' id='word_1_350' title='bbox 282 4025 294 4060; x_wconf 74' lang='lat' dir='ltr'><strong>r</strong></span> <span class='ocrx_word' id='word_1_351' title='bbox 309 4043 336 4076; x_wconf 68' lang='lat' dir='ltr'><strong>a</strong></span> <span class='ocrx_word' id='word_1_352' title='bbox 346 4025 392 4076; x_wconf 69' lang='lat' dir='ltr'><strong>uer.</strong></span> <span class='ocrx_word' id='word_1_353' title='bbox 403 4024 476 4074; x_wconf 73' lang='lat' dir='ltr'><strong>om.</strong></span> <span class='ocrx_word' id='word_1_354' title='bbox 487 4025 557 4076; x_wconf 72' lang='lat' dir='ltr'><strong>cm.</strong></span> <span class='ocrx_word' id='word_1_355' title='bbox 568 4022 646 4088; x_wconf 61' lang='lat' dir='ltr'><strong>aaa</strong></span> <span class='ocrx_word' id='word_1_356' title='bbox 655 4022 714 4073; x_wconf 75' lang='lat' dir='ltr'><strong>snm</strong></span> <span class='ocrx_word' id='word_1_357' title='bbox 726 4020 807 4072; x_wconf 68' lang='lat' dir='ltr'><strong>auen</strong></span> <span class='ocrx_word' id='word_1_358' title='bbox 818 4016 887 4072; x_wconf 69' lang='lat' dir='ltr'><strong>ratu</strong></span> <span class='ocrx_word' id='word_1_359' title='bbox 895 3987 1010 4069; x_wconf 71' lang='lat' dir='ltr'><strong>entim</strong></span> 
     </span>
    </p>
   </div>
   <div class='ocr_carea' id='block_1_4' title="bbox 113 4133 1260 4540">
    <p class='ocr_par' dir='ltr' id='par_1_13' title="bbox 113 4133 1260 4540">
     <span class='ocr_line' id='line_1_43' title="bbox 150 4133 1168 4214; baseline -0.015 -15"><span class='ocrx_word' id='word_1_360' title='bbox 150 4149 163 4185; x_wconf 64' lang='grc' dir='ltr'>θ</span> <span class='ocrx_word' id='word_1_361' title='bbox 191 4147 225 4198; x_wconf 75' lang='lat' dir='ltr'><strong>Er</strong></span> <span class='ocrx_word' id='word_1_362' title='bbox 242 4166 304 4214; x_wconf 81' lang='lat' dir='ltr'><strong>agro,</strong></span> <span class='ocrx_word' id='word_1_363' title='bbox 324 4163 366 4211; x_wconf 81' lang='lat' dir='ltr'><strong>qao</strong></span> <span class='ocrx_word' id='word_1_364' title='bbox 386 4133 1168 4208; x_wconf 38' lang='lat' dir='ltr'><strong>maranorum,mpn1.xxxv1.tapp.39.ctto.Scripsi</strong></span> 
     </span>
     <span class='ocr_line' id='line_1_44' title="bbox 116 4201 1167 4276; baseline -0.012 -12"><span class='ocrx_word' id='word_1_365' title='bbox 116 4212 191 4276; x_wconf 78' lang='lat' dir='ltr'><strong>Belus,</strong></span> <span class='ocrx_word' id='word_1_366' title='bbox 210 4216 307 4264; x_wconf 70' lang='lat' dir='ltr'><strong>dedum</strong></span> <span class='ocrx_word' id='word_1_367' title='bbox 326 4214 416 4264; x_wconf 75' lang='lat' dir='ltr'><strong>urlmrae</strong></span> <span class='ocrx_word' id='word_1_368' title='bbox 430 4210 532 4275; x_wconf 57' lang='lat' dir='ltr'><strong>anss]</strong></span> <span class='ocrx_word' id='word_1_369' title='bbox 548 4209 625 4259; x_wconf 79' lang='lat' dir='ltr'><strong>Nisei-</strong></span> <span class='ocrx_word' id='word_1_370' title='bbox 656 4209 743 4260; x_wconf 76' lang='lat' dir='ltr'><strong>batem</strong></span> <span class='ocrx_word' id='word_1_371' title='bbox 760 4204 908 4268; x_wconf 60' lang='lat' dir='ltr'><strong>effluendo:</strong></span> <span class='ocrx_word' id='word_1_372' title='bbox 931 4201 971 4250; x_wconf 85' lang='lat' dir='ltr'><strong>scd</strong></span> <span class='ocrx_word' id='word_1_373' title='bbox 991 4202 1080 4264; x_wconf 65' lang='lat' dir='ltr'><strong>arton</strong></span> <span class='ocrx_word' id='word_1_374' title='bbox 1097 4201 1167 4262; x_wconf 79' lang='lat' dir='ltr'><strong>lectio</strong></span> 
     </span>
     <span class='ocr_line' id='line_1_45' title="bbox 116 4271 1182 4376; baseline -0.017 -46"><span class='ocrx_word' id='word_1_375' title='bbox 116 4295 171 4330; x_wconf 87' lang='lat' dir='ltr'><strong>runr</strong></span> <span class='ocrx_word' id='word_1_376' title='bbox 191 4294 220 4327; x_wconf 85' lang='lat' dir='ltr'><strong>so</strong></span> <span class='ocrx_word' id='word_1_377' title='bbox 237 4279 330 4326; x_wconf 77' lang='lat' dir='ltr'><strong>mitesce</strong></span> <span class='ocrx_word' id='word_1_378' title='bbox 348 4278 445 4330; x_wconf 76' lang='lat' dir='ltr'><strong>utbsrrss</strong></span> <span class='ocrx_word' id='word_1_379' title='bbox 462 4274 563 4335; x_wconf 71' lang='lat' dir='ltr'><strong>legium</strong></span> <span class='ocrx_word' id='word_1_380' title='bbox 584 4289 626 4322; x_wconf 82' lang='lat' dir='ltr'><strong>as-</strong></span> <span class='ocrx_word' id='word_1_381' title='bbox 645 4271 820 4376; x_wconf 39' lang='lat' dir='ltr'><strong>‚mffispla&#39;cen</strong></span> <span class='ocrx_word' id='word_1_382' title='bbox 1181 4289 1182 4292; x_wconf 61' lang='lat'><em>=</em></span> 
     </span>
     <span class='ocr_line' id='line_1_46' title="bbox 114 4329 1165 4405; baseline -0.014 -12"><span class='ocrx_word' id='word_1_383' title='bbox 114 4344 340 4405; x_wconf 65' lang='lat' dir='ltr'><strong>cantuumque</strong></span> <span class='ocrx_word' id='word_1_384' title='bbox 355 4343 384 4390; x_wconf 83' lang='grc' dir='ltr'><strong>Ρ.</strong></span> <span class='ocrx_word' id='word_1_385' title='bbox 403 4341 523 4394; x_wconf 80' lang='lat' dir='ltr'><strong>Cornelius</strong></span> <span class='ocrx_word' id='word_1_386' title='bbox 542 4338 624 4392; x_wconf 77' lang='lat' dir='ltr'><strong>consul</strong></span> <span class='ocrx_word' id='word_1_387' title='bbox 714 4336 729 4366; x_wconf 77' lang='lat'>⁸</span> <span class='ocrx_word' id='word_1_388' title='bbox 746 4329 948 4396; x_wconf 67' lang='lat' dir='ltr'><strong>usna..asmae]</strong></span> <span class='ocrx_word' id='word_1_389' title='bbox 965 4329 1022 4382; x_wconf 71' lang='lat' dir='ltr'><strong>trra.</strong></span> <span class='ocrx_word' id='word_1_390' title='bbox 1033 4338 1082 4382; x_wconf 85' lang='lat' dir='ltr'><strong>not.</strong></span> <span class='ocrx_word' id='word_1_391' title='bbox 1097 4331 1120 4380; x_wconf 90' lang='grc'><strong>7.</strong></span> <span class='ocrx_word' id='word_1_392' title='bbox 1136 4331 1165 4390; x_wconf 73' lang='lat' dir='ltr'><strong>sd</strong></span> 
     </span>
     <span class='ocr_line' id='line_1_47' title="bbox 113 4401 1260 4471; baseline -0.017 -12"><span class='ocrx_word' id='word_1_393' title='bbox 113 4409 242 4460; x_wconf 83' lang='lat' dir='ltr'><strong>exercitum</strong></span> <span class='ocrx_word' id='word_1_394' title='bbox 265 4409 293 4456; x_wconf 88' lang='lat' dir='ltr'><strong>de</strong></span> <span class='ocrx_word' id='word_1_395' title='bbox 314 4406 428 4471; x_wconf 80' lang='lat' dir='ltr'><strong>prouincia</strong></span> <span class='ocrx_word' id='word_1_396' title='bbox 448 4404 583 4464; x_wconf 81' lang='lat' dir='ltr'><strong>deduxerat,</strong></span> <span class='ocrx_word' id='word_1_397' title='bbox 599 4414 625 4452; x_wconf 80' lang='lat' dir='ltr'><strong>st</strong></span> <span class='ocrx_word' id='word_1_398' title='bbox 656 4412 749 4453; x_wconf 77' lang='lat' dir='ltr'><strong>xxxvi.</strong></span> <span class='ocrx_word' id='word_1_399' title='bbox 761 4401 785 4448; x_wconf 85' lang='lat'><strong>2.</strong></span> <span class='ocrx_word' id='word_1_400' title='bbox 1249 4410 1260 4420; x_wconf 87' lang='lat'><strong>·</strong></span> 
     </span>
     <span class='ocr_line' id='line_1_48' title="bbox 113 4457 1167 4540; baseline -0.014 -16"><span class='ocrx_word' id='word_1_401' title='bbox 113 4485 167 4540; x_wconf 85' lang='lat' dir='ltr'><strong>post</strong></span> <span class='ocrx_word' id='word_1_402' title='bbox 180 4471 323 4538; x_wconf 85' lang='lat' dir='ltr'><strong>triumphurn</strong></span> <span class='ocrx_word' id='word_1_403' title='bbox 340 4481 535 4522; x_wconf 75' lang='lat' dir='ltr'><strong>exauctoraverat.</strong></span> <span class='ocrx_word' id='word_1_404' title='bbox 569 4467 624 4519; x_wconf 78' lang='lat' dir='ltr'><strong>tna.</strong></span> <span class='ocrx_word' id='word_1_405' title='bbox 687 4462 745 4512; x_wconf 80' lang='lat' dir='ltr'><strong>⁵ln</strong></span> <span class='ocrx_word' id='word_1_406' title='bbox 762 4457 876 4524; x_wconf 62' lang='lat' dir='ltr'><strong>Minu,</strong></span> <span class='ocrx_word' id='word_1_407' title='bbox 897 4461 970 4512; x_wconf 71' lang='lat' dir='ltr'><strong>emen</strong></span> <span class='ocrx_word' id='word_1_408' title='bbox 990 4476 1033 4526; x_wconf 81' lang='lat' dir='ltr'><strong>quo</strong></span> <span class='ocrx_word' id='word_1_409' title='bbox 1052 4457 1167 4526; x_wconf 58' lang='lat' dir='ltr'><strong>Simluffl</strong></span> 
     </span>
    </p>
   </div>
   <div class='ocr_carea' id='block_1_5' title="bbox 0 0 1572 5196">
    <p class='ocr_par' dir='ltr' id='par_1_14' title="bbox 0 0 1572 5196">
     <span class='ocr_line' id='line_1_49' title="bbox 0 0 1572 5196; baseline 0 5"><span class='ocrx_word' id='word_1_410' title='bbox 0 0 1572 5196; x_wconf 95' lang='lat' dir='ltr'><strong> </strong></span> 
     </span>
    </p>
   </div>
  </div>
 </body>
</html>
