3068 5186
350 313 408 364 406
767 304 852 365 TlTl
872 303 973 364 btvlt

215 469 328 522 ,0.566.
352 463 422 524 dem
450 462 572 524 officina
598 461 733 522 exibant.
793 457 921 522 Venena
944 460 1079 523 indidem
1105 459 1316 539 intestinaeque
1340 479 1397 520 ca-

214 535 261 586 ·c·
276 538 328 586 ¹⁸⁰·
354 550 420 611 des:
452 550 497 612 ita
517 560 550 611 ut
570 569 608 610 ne
628 568 756 630 corpora
771 547 893 628 quidem
913 547 1063 610 interdum
1083 549 1122 610 ad
1141 547 1330 630 sepulturam
1346 565 1399 605 ex-

354 648 480 698 starent.
532 634 636 698 Multa
658 633 740 712 dolo,
762 634 902 717 pleraque
922 656 977 716 per
998 635 1059 696 vim
1082 635 1284 697 cudebantur.
1307 651 1400 694 occu-

354 724 439 786 lebat
459 723 531 800 vim,
553 721 633 804 quod
655 743 714 804 prae
737 722 910 800 ululatibus,
926 735 1199 806 tympanorumque
1222 731 1255 782 et
1275 719 1402 804 cymba·

355 811 452 872 lorum
475 809 614 891 strepitu,
636 808 719 871 nulla
732 831 790 870 vox
807 809 1017 890 quiritantium
1033 809 1113 870 inter
1134 820 1238 890 stupra
1256 818 1289 871 et
1303 803 1401 868 caedes

355 897 493 960 exaudiri
508 906 640 978 poterat.

307 989 310 997 “
400 980 457 1044 ΙΧ.
479 981 579 1064 Hujus
602 983 674 1044 mali
699 983 781 1044 labes
808 1003 846 1044 ex
870 980 991 1044 Etruria
1015 981 1156 1060 Romam,
1181 981 1264 1046 velut
1291 989 1402 1042 conta-

357 1070 448 1151 gione
474 1070 582 1148 morbi,
608 1070 788 1152 penetravit.
815 1070 913 1152 primo
939 1070 1021 1130 urbis
1051 1070 1231 1152 magnitudo
1257 1067 1404 1150 capacior
1436 1065 1441 1077 '

357 1157 578 1238 patientiorque
600 1155 706 1219 talium
729 1157 876 1218 malorum
899 1173 936 1218 ea
954 1157 1081 1219 celavit:
1114 1157 1238 1220 tandem
1254 1154 1403 1216 indicium

193 1244 416 1304 lnnnesmnthoc
439 1244 572 1305 maxime
595 1243 749 1306 modoad
773 1243 958 1306 Postumium
989 1244 1144 1306 consulem
1165 1242 1314 1327 pervertit.
1372 1238 1405 1301 P.

194 1313 319 1428 munti
358 1328 512 1408 AEbutius,
528 1329 612 1412 cujus
635 1342 720 1412 puter
742 1331 865 1413 publico
888 1352 966 1412 equo
988 1331 1141 1414 stipendia
1160 1331 1286 1404 lecerat,
1301 1327 1406 1410 pupil-

209 1397 223 1444 P
263 1422 269 1435 '
359 1417 405 1478 lus
431 1419 563 1494 relictus,
586 1418 713 1480 mortuis
741 1417 850 1478 deinde
874 1418 1034 1496 tutoribus,
1058 1418 1112 1480 sub
1138 1418 1236 1480 tutela
1260 1415 1407 1478 Duroniae

359 1505 465 1567 matris
487 1516 518 1566 et
539 1505 637 1566 vitrici
660 1501 698 1566 Τ.
717 1501 887 1588 Sempronii
912 1503 1005 1567 Rutili
1027 1506 1173 1568 educatus
1195 1504 1306 1566 luerat.
1366 1499 1409 1562 Et

358 1604 456 1656 mater
471 1591 576 1653 dedita
587 1592 659 1653 viro
683 1604 763 1653 erat:
796 1603 828 1652 et
842 1591 976 1669 vitricus,
992 1593 1064 1674 quia
1082 1592 1209 1654 tutelam
1235 1591 1282 1652 ita
1301 1607 1407 1670 gesse-

360 1689 417 1756 rat,
433 1690 468 1741 ut
491 1680 640 1742 rationem
663 1679 789 1741 reddere
811 1697 873 1740 non
890 1690 1003 1762 posset,
1018 1691 1072 1741 aut
1094 1679 1160 1742 tolli
1175 1677 1339 1762 pupillum,
1354 1691 1407 1738 aut

359 1766 525 1827 obnoxium
547 1765 605 1826 sibi
618 1765 738 1827 vinculo
761 1766 863 1846 aliquo
885 1765 948 1826 fieri
971 1767 1122 1848 cupiebat.
1136 1765 1187 1828 via
1200 1784 1264 1826 una
1279 1783 1405 1845 corrup-

359 1851 428 1914 telae
453 1851 658 1914 Bacchanalia
682 1865 779 1916 erant.
838 1851 940 1916 Mater
966 1853 1228 1916 adolescentulum
1259 1849 1407 1932 adpellat,

360 1940 370 1972 ‘
387 1936 427 1999 Se
443 1959 499 2022 pro
514 1961 594 2020 aegro
610 1960 647 2000 eo
660 1941 786 2017 vovisse,
798 1940 848 2002 ubi
864 1941 995 2022 primum
1011 1941 1225 2015 convaluisset,
1236 1941 1264 1977 ⁴²
1275 1935 1406 1998 Bacchis

360 2026 456 2099 ‘eum
479 2047 510 2088 se
533 2027 731 2088 irritiaturam.
754 2031 781 2064 ⁴³
792 2027 968 2088 damnatam
988 2029 1062 2104 voti,
1085 2026 1188 2088 Derim
1205 2023 1418 2110 benignitate,-

361 2111 539 2175 ‘exsolvere
561 2113 592 2174 id
615 2114 699 2175 velle.
753 2111 871 2175 Decem
895 2115 1011 2176 diemm
1034 2113 1214 2176 castimonia
1236 2133 1314 2195 opus
1331 2131 1406 2172 esse.

362 2200 508 2262 ‘decimo
520 2201 569 2261 die
585 2215 749 2279 coenatum,
768 2201 879 2262 deinde
895 2222 968 2283 pure
987 2201 1102 2264 lautum
1123 2202 1155 2264 in
1172 2200 1341 2262 sacrarium
1357 2198 1410 2260 de-

361 2285 567 2350 ‘ducturam'
627 2286 768 2350 Scortum
797 2288 899 2348 nobile
931 2288 1074 2350 libertina
1103 2286 1235 2370 Hispala
1265 2285 1408 2362 Facenio,

360 2377 460 2436 “non
483 2374 577 2456 digna
598 2387 723 2456 qnaestu,
747 2375 795 2436 cui
819 2375 963 2436 ancillula
983 2378 1009 2414 ⁴⁵
1021 2376 1174 2451 adsuerat,
1199 2373 1294 2436 etiam
1320 2383 1407 2455 poet·

361 2479 452 2541 quam
476 2463 662 2523 manumissa
686 2473 761 2538 erat,
786 2463 894 2524 eodem
920 2483 952 2524 se
978 2483 1090 2542 genere
1114 2464 1267 2524 tuebatur.
1326 2454 1410 2522 Huic

360 2548 547 2609 consuetudo
559 2547 651 2629 juxta
664 2549 853 2610 vicinitatem
876 2569 946 2610 curn
961 2548 1091 2611 AEbutio
1107 2549 1174 2626 fuit,
1190 2548 1315 2610 minime
1330 2547 1409 2608 ado-

361 2635 502 2695 lescentis
522 2647 575 2696 aut
594 2636 638 2696 rei
658 2647 710 2696 ant
726 2635 813 2696 famae
828 2637 990 2712 damnoso:
1022 2637 1102 2698 ultro
1116 2637 1198 2697 enim
1212 2649 1329 2698 amatus
1344 2633 1403 2694 ad-

362 2721 533 2802 petitusque
554 2732 635 2782 erat:
665 2734 708 2799 et,
726 2722 866 2802 malignae
885 2723 989 2784 omnia
1004 2723 1201 2805 praebentibns
1213 2721 1283 2797 suis,
1298 2739 1400 2782 mere-

361 2807 475 2868 triculae
498 2807 705 2869 munificentia
720 2809 930 2871 sustinebatur.
980 2809 1060 2880 Quin
1077 2831 1113 2871 eo
1129 2819 1310 2892 processerat
1324 2827 1404 2868 con-

361 2895 521 2956 suetudine
547 2907 649 2977 capta,
675 2906 709 2957 nt
735 2908 806 2978 post
829 2897 947 2978 patroni
976 2909 1118 2973 mortem,
1142 2897 1213 2976 quia
1236 2896 1267 2955 in
1293 2892 1408 2954 nullius

363 3002 453 3042 manu
470 2993 545 3058 erat,
562 2984 587 3020 ⁴⁰
598 2992 696 3044 tutore
713 3003 731 3043 a
746 2984 873 3044 tribunis
889 2995 920 3046 et
934 2994 1062 3065 praetore
1076 2977 1187 3066 petito,
1203 3001 1297 3063 quum
1311 2991 1409 3042 testa-

362 3082 497 3130 mentum
514 3068 639 3145 faceret,
654 3090 748 3131 unum
763 3068 924 3138 AEbutium
940 3071 1112 3133 institueret
1126 3069 1289 3131 haeredem.

403 3153 444 3217 X.
468 3153 543 3216 Hoec
559 3156 670 3217 amoris
681 3157 809 3239 pignora
819 3177 912 3239 quum
927 3169 1040 3234 essent,
1053 3177 1109 3218 nec
1124 3157 1291 3240 quidquam
1308 3175 1410 3218 secte·

361 3252 426 3303 turn
443 3243 519 3303 alter
534 3243 573 3303 ab
589 3242 685 3304 altero
696 3243 852 3321 haberent,
864 3264 918 3325 per
928 3242 1033 3325 jocum
1049 3243 1227 3307 adolescens
1238 3255 1327 3305 vetat
1342 3261 1410 3304 eam

361 3329 475 3406 mirari,
487 3330 511 3389 ei
523 3351 577 3411 per
588 3329 706 3410 aliquot
717 3341 823 3391 noctes
837 3331 1033 3392 accubuisset.
1070 3331 1080 3362 ‘
1091 3330 1262 3412 Religionis
1277 3350 1311 3390 se
1322 3349 1409 3391 caus

361 3416 427 3492 ‘sa,
441 3427 476 3477 ut
492 3429 563 3478 voto
580 3437 635 3497 pro
650 3417 821 3478 valetudine
837 3438 892 3477 sua
907 3417 990 3478 facto
1005 3417 1160 3494 liberetur,
1173 3414 1308 3477 Bacchis
1324 3416 1409 3478 initi-

361 3501 426 3562 ‘ari
441 3500 538 3563 velle.’
576 3501 611 3562 ld
627 3503 677 3563 ubi
694 3503 801 3564 mulier
817 3503 940 3582 audivit,
957 3501 1145 3586 perturbata,
1160 3501 1235 3564 ‘Dii
1253 3500 1409 3564 melioral'

360 3587 472 3669 inquit:
496 3587 594 3649 ‘mori
610 3601 641 3651 et
656 3589 713 3650 sihi
727 3601 759 3650 et
773 3589 816 3651 illi
831 3591 924 3652 satius
940 3613 1016 3668 esse,
1032 3611 1123 3667 quam
1139 3590 1171 3652 id
1188 3589 1322 3665 faceret3
1346 3593 1410 3650 *ἵει

360 3675 413 3736 ‘in
436 3688 528 3757 caput
540 3679 653 3737 'eorum
669 3677 811 3738 detestari
835 3677 933 3738 minas
953 3679 1157 3760 periculaque,
1173 3677 1225 3759 qui
1249 3677 1281 3738 id
1297 3677 1409 3739 anaus-

394 3808 416 3841 ⁴⁹
428 3805 519 3856 Bacchis
529 3825 578 3856 etim
593 3823 614 3855 u
632 3807 783 3871 initiatarum]
805 3807 866 3862 Quia
898 3812 962 3858 tudo.

358 3875 433 3938 primo
444 3873 464 3920 ld
476 3874 596 3920 termnum
613 3873 749 3932 lentinmnrn
761 3875 813 3932 luit,
822 3889 866 3924 nee
929 3877 952 3909 ⁴⁵
962 3875 1077 3937 dotrernt]
1106 3877 1144 3924 Sic
1166 3875 1309 3924 Gronoviani
1331 3875 1414 3940 scripti

358 3943 393 3986 vir
408 3939 527 4002 quisquam
542 3953 571 3984 eo
586 3938 759 3998 admittebatur,
772 3953 865 4003 propte·
898 3951 922 3988 et
934 3953 1012 3989 noster
1022 3939 1085 3991 Vict.
1119 3942 1149 3989 Et
1162 3943 1184 3989 id
1196 3957 1258 4006 rape
1270 3942 1357 4007 placuit
1370 3943 1412 3990 Li-

358 4021 406 4061 rea,
426 4005 489 4067 quasi
511 4003 655 4052 Baccharum
680 4021 769 4053 sacrum
798 4018 867 4062 eram,
898 4006 942 4054 vio.
978 4005 1050 4067 Vulgo
1059 4015 1189 4056 mrrrctcmt.

359 4069 454 4117 Bacchis
470 4069 554 4118 initiari
572 4069 685 4128 dixerunt,
701 4071 739 4133 qui
758 4085 783 4118 se
801 4087 865 4119 sucro
930 4067 952 4105 ⁴⁶
966 4069 1069 4120 Tartareo
1079 4074 1175 4120 tribunis
1185 4081 1207 4120 et
1221 4081 1315 4134 pretore
1327 4069 1411 4134 patim]

358 4135 389 4181 illi
401 4135 563 4182 committeret.
596 4136 735 4186 Stouutus.
898 4137 1000 4184 Femina
1011 4137 1073 4184 enirn
1084 4137 1140 4184 nihil
1155 4137 1227 4186 ctvttir
1243 4136 1329 4197 ιιοςοιίἰ
1339 4146 1413 4201 agere

390 4199 412 4232 ⁴³
425 4195 558 4248 Damnatum
574 4199 629 4262 unni]
653 4197 804 4249 viatores
821 4200 863 4250 lib.
896 4204 946 4250 sine
966 4214 1059 4249 auctore
1083 4213 1195 4266 poteraut.
1246 4201 1301 4252 vit.
1330 4215 1412 4266 ιιιρη,

359 4274 442 4312 xxvn.
454 4279 475 4313 o.
488 4267 527 4313 db.
898 4278 992 4316 xxxiv.
1004 4267 1027 4314 2.

390 4326 475 4378 “aba
495 4329 562 4394 digna
585 4328 679 4392 quattu]
712 4329 786 4395 (ujus
807 4330 864 4380 libe·
929 4327 993 4377 ⁴⁷13!
1015 4331 1038 4379 t'u
1060 4340 1126 4394 copul
1147 4347 1222 4381 corum
1242 4333 1347 4382 damari
1366 4334 1411 4382 nl·

358 4390 409 4443 ralis
435 4393 520 4442 indoles
541 4395 609 4446 dieue
636 4407 693 4452 erar,
717 4409 786 4456 quem
819 4411 864 4446 oon
897 4393 946 4460 aar]
975 4395 1004 4443 Et
1020 4397 1125 4461 precibus
1138 4397 1251 4446 obtestari
1268 4398 1325 4445 deor
1340 4398 1415 4474 cepit.

354 4457 493 4510 deformaret
514 4459 637 4511 meretricii
666 4473 766 4532 quattus
793 4463 866 4526 turpi·
898 4471 923 4510 nt
946 4461 1019 4510 mittas
1038 4463 1184 4527 periculaque
1206 4477 1234 4514 cr
1255 4461 1296 4512 illo
1315 4462 1413 4512 mailro
