3026 5164
301 382 364 448 ast
504 427 506 434 ,
733 371 818 444 mut
837 372 938 444 lell

63 595 68 608 .
135 525 283 597 ‘'st-5⁷2·
305 542 400 619 ducti,
428 541 479 624 qui
517 551 556 602 ex
586 532 739 622 Hispania
774 539 913 602 citeriore
948 551 1093 602 venerant
1122 558 1142 602 a
1171 534 1214 609 Q.
1243 531 1342 602 msto

131 607 211 663 “-
225 613 278 662 sa.
307 617 427 704 noco,
451 623 487 688 u.
513 623 668 687 minucius
691 626 818 708 legatus,
849 638 881 689 et
910 627 970 688 duo
1000 627 1112 688 tabunt
1139 626 1285 704 muitum,
1306 623 1347 688 r.

305 711 435 776 Maenius
450 726 482 775 et
507 707 581 773 ¹⁸11.
596 709 757 774 'Ilerentius
782 709 955 774 Massiliota
964 721 987 774 ⁰.
1030 711 1084 792 Hi,
1105 733 1200 794 quum
1216 714 1280 775 duo
1300 732 1349 772 ss·

122 791 126 815 ’
191 793 195 802 ’
236 861 240 870 ,
304 796 406 862 cunda
419 794 538 882 prulia,
553 797 741 860 deditionem
761 797 940 876 Celtiberia,
963 799 1134 860 confectam
1159 798 1350 881 provinciam

306 885 511 962 nunciassent,
525 900 582 945 nec
597 884 758 966 stipendio,
782 881 864 965 quod
879 885 960 947 mitti
976 885 1098 964 soleret,
1121 903 1177 947 nec
1192 885 1352 946 frumento

306 981 428 1054 portato
443 969 480 1070 ad
497 971 663 1032 exercitum
678 971 709 1031 in
732 989 803 1032 eum
819 989 931 1032 annum
946 991 1023 1054 opus
1037 991 1115 1072 esse,
1136 971 1295 1072 petienrnt
1310 971 1352 1032 ab

185 1155 192 1167 -
303 1055 1351 1225 tltltllttttr‘lttlrt,libertinitatem

302 1224 432 1289 *vincia
447 1227 605 1310 deportare
620 1227 692 1289 inde
707 1229 884 1306 exercitum,
896 1228 980 1310 cujus
996 1227 1068 1290 lorti
1082 1247 1178 1312 opera
1191 1229 1304 1311 etipse
1313 1239 1348 1290 et

303 1314 318 1348 ⁴
333 1314 419 1375 multi
435 1322 506 1374 ante
521 1331 590 1398 eum
606 1326 748 1395 pressores
763 1315 809 1375 usi
824 1327 937 1394 essent,
953 1313 1066 1376 liceret.
1081 1316 1164 1396 quod
1178 1313 1256 1393 lieri,
1271 1333 1349 1397 pue-

304 1399 470 1483 ‘terquam
485 1399 566 1480 quod
582 1399 627 1461 ita
641 1400 776 1478 deberet,
793 1404 818 1440 ¹⁹
827 1401 921 1463 etiam
937 1421 1030 1484 prope
1041 1401 1245 1462 necessarium
1258 1411 1351 1462 esset.

305 1485 317 1521 ‘
331 1483 381 1546 lta
394 1487 475 1546 enim
490 1487 659 1548 obstinatos
673 1505 739 1547 esse
754 1486 874 1564 milites,
888 1499 925 1548 ut
939 1507 1002 1548 non
1022 1487 1103 1548 ultra
1118 1487 1241 1548 retineri
1257 1505 1350 1568 possa

305 1572 362 1631 ‘iu
376 1571 531 1654 provincia
555 1571 739 1650 viderentur,
763 1571 937 1654 injussuque
961 1573 1069 1634 abituri
1085 1572 1156 1634 inde
1180 1583 1293 1650 esseut,
1320 1572 1347 1633 si

305 1656 390 1717 ‘uon
406 1655 647 1720 dimitterentur:
681 1668 734 1719 aut
748 1659 780 1720 iu
798 1659 1007 1740 perniciosam,
1030 1657 1055 1719 si
1072 1659 1139 1739 quis
1153 1659 1282 1740 inpense
1296 1675 1348 1720 re-

305 1741 316 1776 ‘
331 1742 450 1825 sineret,
466 1743 645 1804 seditionem
663 1743 817 1805 suasori!
861 1743 1042 1806 Consulibus
1058 1745 1203 1806 ambobus
1218 1744 1347 1826 provin-

306 1827 385 1890 ciam
401 1825 525 1914 Ligures
540 1843 605 1890 esse
620 1841 741 1891 senatus
752 1829 854 1912 jussit.
898 1829 1042 1892 Przetores
1057 1831 1131 1891 inde
1150 1831 1248 1892 sortiti
1262 1839 1345 1890 sunt.

300 1915 344 1979 A.
359 1910 494 1978 Hostilio
515 1916 639 1992 urbana,
664 1913 714 1976 Ti.
729 1914 869 1977 Minucio
915 1915 1052 1998 eregrina
1067 1916 1199 1994 obvenit,
1213 1913 1247 1976 P.
1263 1913 1347 1976 Cor-

300 2002 385 2066 nelio
399 1995 515 2079 Sicilia,
538 1995 574 2062 C.
589 1999 702 2062 Manio
718 1997 868 2063 Sardinia.
891 1937 1055 2084 iiispanias
1076 2002 1189 2078 sortiti,
1204 1999 1242 2062 L.
1255 1999 1347 2063 Post-

293 2091 403 2152 -umius
417 2089 599 2157 ulteriorem,
625 2081 675 2147 'lt
691 2085 887 2170 Sempronius
912 2089 1092 2149 citeriorem.
1138 2085 1168 2148 ls
1184 2088 1255 2168 quia
1275 2107 1343 2147 suc·

286 2187 439 2237 cessums
457 2173 499 2244 Q.
515 2169 619 2292 fuluo
634 2169 745 2283 Flacco
760 2186 835 2291 erat‘,
844 2194 889 2320 pe
910 2173 1168 2320 vesprehpxercim
1190 2173 1341 2256 provincis

768 2275 772 2282 ·
984 2305 991 2320 .
1116 2280 1125 2318 1

284 2355 296 2372 “”
302 2261 447 2409 εᾞξῐᾞ
449 2257 1005 2428 1iir’orriilciuaeriroiruiricqiielst:enisiiriiiisne,
1017 2277 1347 2428 ciiiiiriizilmffi

292 2433 312 2466 '⁴
327 2433 359 2494 in
373 2433 434 2494 lide
451 2449 616 2510 mansuros,
638 2432 684 2492 ita
695 2444 730 2493 ut
744 2433 809 2492 sine
833 2431 967 2492 exercitu
981 2451 1019 2491 ea
1042 2431 1196 2512 provincia
1211 2431 1344 2492 obtineri

302 2518 312 2552 ‘
327 2519 423 2602 possit
436 2517 446 2578 i
472 2513 505 2578 Si
518 2517 670 2599 nequede
680 2516 742 2578 fide
755 2518 951 2578 barbarorum
963 2517 1128 2597 quidquam
1141 2517 1274 2599 recipere
1291 2529 1345 2578 aut

302 2603 488 2668 ‘adfirmare
512 2605 602 2674 nobis¹
612 2614 711 2685 potes,
736 2614 768 2663 et
783 2603 956 2664 habendum
973 2603 1033 2664 illic
1055 2605 1158 2685 utique
1173 2603 1343 2664 exercitum

293 2690 314 2725 ·‘
329 2710 454 2764 censes3
477 2700 580 2749 utrum
596 2688 719 2749 tandein
743 2700 849 2750 auctor
863 2690 980 2751 senatui
995 2690 1036 2749 sis
1052 2689 1289 2771 supplementum
1305 2688 1338 2748 iu

302 2773 509 2857 ‘Hispaniam
535 2773 687 2849 mittendi,
711 2785 746 2834 ut
760 2775 781 2834 ii
797 2775 900 2852 modo,
921 2775 1028 2858 quibus
1049 2775 1167 2835 emerita
1180 2771 1335 2855 stipendis

301 2862 400 2939 ‘sint,
424 2860 536 2921 milites
551 2859 753 2936 dimittantur,
770 2861 926 2921 veteribus
941 2859 1088 2921 militibus
1107 2860 1214 2920 tirones
1227 2859 1335 2920 inmis-

286 2952 315 2984 '⁴
328 2946 480 3010 comitur?
506 2963 555 3023 an,
582 2941 720 3006 deductis
746 2943 965 3032 depromota
985 2947 1135 3008 veteribus
1159 2945 1342 3025 legionibus,

285 3036 316 3069 '¹
327 3055 420 3096 noras
443 3029 653 3094 conscribendi
669 3041 701 3092 et
723 3032 863 3093 mittendi
876 3053 886 3110 ς
920 3051 1013 3115 quum
1029 3035 1252 3092 ²⁰oontemtum
1267 3029 1344 3090 tiro-

284 3119 442 3182 ·‘cinium
470 3117 563 3179 etiarn
587 3116 723 3178 mitiores
746 3118 890 3179 barbaros
916 3119 1050 3179 excitare
1070 3116 1111 3178 ad
1135 3115 1343 3177 rebellandum

284 3208 315 3240 ‘·‘
330 3204 448 3288 possiti
477 3201 581 3279 Distu,
608 3221 702 3282 quam,
725 3223 768 3280 re,
795 3203 912 3265 facilius
936 3205 987 3281 sit,
1011 3201 1197 3284 provinciam
1220 3201 1344 3282 ingenio

188 3303 192 3314 ’
286 3293 316 3326 '³‘
332 3292 474 3366 ferocem,
490 3288 721 3366 rebellatricem,
733 3288 921 3350 confecisse?
946 3288 1052 3351 Paucae
1066 3289 1216 3363 civitates,
1223 3299 1263 3348 ut
1275 3287 1344 3368 qui-

191 3429 194 3447 ,
283 3389 288 3402 ’
305 3379 317 3413 ‘
332 3377 402 3438 dem
417 3397 475 3456 ego
490 3373 591 3452 audio,
614 3393 688 3454 quas
702 3375 802 3434 vicina
815 3375 948 3436 manime
969 3375 1096 3436 hiberna
1109 3375 1298 3457 premebant,
1312 3373 1346 3433 irs

158 3453 164 3472 ’
247 3509 250 3516 .
285 3465 317 3502 '¹‘
327 3462 378 3545 jus
389 3463 762 3544 ditionemqueveneruat3
776 3460 933 3522 ulteriores
944 3461 1166 3522 inarmissuut.
1176 3481 1242 3541 quae
1252 3479 1346 3541 quum

285 3568 289 3576 ’
305 3552 316 3584 ‘
331 3550 375 3610 ita
388 3549 459 3624 sint,
475 3545 617 3628 egojam
633 3546 704 3608 hinc
717 3546 860 3628 praedico,
883 3544 988 3608 Patres
1002 3546 1179 3628 conscripti,
1194 3567 1243 3607 me
1258 3565 1345 3607 exer·

289 3636 317 3670 ·‘
328 3635 391 3698 citu
406 3655 455 3711 ao,
464 3632 520 3714 qui
535 3651 616 3694 nunc
628 3644 687 3709 est,
700 3633 919 3714 rempublicam
932 3633 1229 3694 administratorum
1250 3632 1277 3692 si
1291 3630 1347 3692 ds-

298 3722 317 3754 '‘
325 3721 425 3782 ducat
432 3737 536 3780 secum
548 3715 674 3780 Flaccus
685 3718 831 3798 legiones,
841 3719 908 3780 loca
919 3729 1029 3799 pacata
1039 3739 1089 3779 me
1100 3718 1140 3780 ad
1150 3716 1351 3778 hibernacula

307 3808 317 3840 ‘
332 3803 512 3916 lectaruml,
527 3823 626 3885 neque
641 3823 751 3866 novum
766 3803 895 3867 militem
921 3803 1108 3866 ferocissimo
1131 3803 1216 3864 bosti
1240 3799 1348 3884 objec-

306 3895 444 3956 ‘turum-

347 3973 494 4040 XXXVI.
518 3974 650 4058 Legatos
665 3976 705 4036 ad
717 3995 767 4053 ee,
783 3995 848 4056 quse
861 3975 1062 4056 interrogatas
1075 3985 1152 4053 erat,
1171 3972 1347 4058 respondite

304 4061 437 4146 ‘Neque
452 4085 495 4140 se,
519 4082 618 4143 nequae
633 4081 816 4142 quemquam
837 4061 928 4122 alium
943 4061 1081 4123 divinare
1102 4081 1201 4143 posse,
1217 4058 1293 4140 quid
1313 4059 1351 4122 in

304 4149 432 4212 ‘auimo
444 4148 590 4210 Celtiberi
606 4147 765 4226 iuberent,
777 4158 832 4208 aust
847 4165 938 4230 porro
955 4147 1224 4210 babituricssest..
1237 4143 1352 4228 ltaque

496 4270 757 4322 ememtes.
933 4269 1151 4320 *amasset

334 4375 360 4410 *θ
375 4371 405 4422 t.
423 4371 536 4424 temero
549 4373 632 4440 Um]
646 4373 710 4427 vat.
728 4379 809 4434 codar,
837 4391 890 4424 eum
900 4373 1018 4424 Grsnorio
1027 4391 1075 4425 esu.

212 4483 216 4492 .
301 4439 427 4490 ffinti'ta.
457 4439 518 4488 Vrde
536 4451 586 4488 not.
596 4441 636 4490 8².
653 4441 682 4490 sd
698 4443 715 4489 l.
727 4453 806 4492 xxxi.
867 4441 894 4475 ¹⁰
909 4437 1204 4506 commensurabiles]
1217 4437 1352 4510 comp

298 4520 324 4554 c.
335 4505 375 4551 st.
385 4511 411 4548 es
422 4505 557 4550 masat
569 4503 586 4550 l
596 4515 712 4553 xxxvia.
724 4521 745 4553 o.
757 4505 795 4550 ⁴2
836 4514 877 4556 tus
884 4505 966 4554 drusio
976 4505 1100 4555 asurim
1243 4551 1246 4556 .

336 4568 358 4604 ¹⁰
370 4566 445 4616 mim
453 4569 666 4628 mmmm
673 4570 734 4632 oin]
747 4567 807 4627 lats
