3038 5200
375 355 431 410 114
594 435 598 446 '
804 331 1037 415 antemi·

208 516 353 566 measa
375 501 492 582 templo
507 499 690 564 traditurum
712 519 764 560 eas
780 495 981 574 adfirmasset,
999 494 1106 578 aperit.
1151 491 1296 558 Perleetis
1318 493 1426 576 literis,

210 581 284 632 &0-
297 581 351 632 ¹⁹⁶·
376 587 503 670 pauidus
526 581 650 650 Thebas
677 585 798 664 refugit.
824 592 856 644 et
877 581 1052 664 Zeuxippus
1080 579 1216 664 quidem,
1243 580 1318 664 luga
1347 581 1425 644 servi

377 685 491 749 motus,
521 671 670 750 Athenas,
700 670 843 734 tutiorem
871 668 978 730 exsilio
1004 668 1107 730 locum
1136 681 1231 746 ratus,
1261 668 1423 730 concessit.

210 759 258 837 Εῑξ
315 761 364 842 lii,
377 761 405 798 ³⁴
418 757 466 821 De
482 755 640 820 Pisistrato
656 757 761 838 aliqua
776 753 954 838 questiones
970 753 1130 816 tormentis
1152 753 1274 833 habitae,
1294 764 1327 814 et
1341 775 1423 826 sunr-

209 825 265 928 tl‘fl
317 833 363 924 Ψ
378 855 446 908 tum
461 843 642 926 supplicium
658 855 715 904 est.

213 929 330 979 Boeoetin
422 927 540 992 XXIX.
563 926 744 990 ³⁷Efferavit
769 948 807 988 ea
834 925 929 988 caedes
955 924 1120 990 Thebanos
1144 923 1330 1007 Boeotosque
1359 945 1425 988 om·

211 992 330 1108 mos
379 1038 436 1080 nes
451 1016 490 1078 ad
513 1013 696 1076 exsecrabile
722 1013 825 1076 odium
843 1011 1051 1074 Romanorum
1062 1033 1073 1088 3
1096 1009 1288 1097 Zeuxippum
1311 1012 1423 1094 princi-

305 1093 311 1107 '
381 1123 453 1185 pern
474 1102 574 1182 gentis
597 1100 629 1161 id
643 1099 761 1160 lacinus
784 1099 946 1160 conscisse.
969 1096 1008 1158 ed
1030 1097 1237 1160 rebellandum
1259 1117 1359 1179 neque
1382 1099 1423 1159 vi-

382 1209 439 1266 res,
454 1207 553 1266 neque
568 1185 675 1247 ducem
699 1184 862 1246 habebant.
906 1182 1079 1246 Proximum
1101 1182 1182 1244 bello
1198 1183 1280 1264 quod
1300 1198 1378 1260 erat,
1393 1184 1423 1246 in

380 1273 574 1335 latrocinium
593 1270 682 1348 versi,
705 1270 780 1330 alios
801 1269 948 1352 hospites,
963 1268 1040 1330 alios
1054 1287 1147 1348 vagos
1159 1289 1214 1350 per
1222 1268 1351 1330 hiberna
1364 1271 1424 1330 mi-

381 1359 463 1434 lites,
479 1358 519 1419 ad
531 1358 628 1418 varios
644 1365 852 1416 commeantes
866 1375 949 1431 usus,
962 1354 1167 1435 excipiebant.
1191 1354 1316 1435 quidam
1331 1354 1362 1414 in
1377 1355 1423 1436 ip-

380 1444 423 1504 sis
438 1443 605 1520 itineribus,
616 1443 642 1480 ⁴⁸
653 1442 692 1502 nd
703 1452 792 1502 notas
802 1441 931 1502 latebras
943 1438 1167 1518 insidiantibus,
1179 1461 1249 1522 pars
1263 1441 1296 1500 in
1306 1438 1425 1504 deserta

382 1523 438 1610 per
458 1527 596 1589 fraudem
619 1524 804 1587 deversoria¹
828 1524 945 1586 devecti
969 1523 1153 1606 deductique
1168 1525 1424 1606 obprimebantur.

383 1625 540 1696 postremo
555 1633 617 1674 non
641 1621 761 1674 tantum
781 1610 865 1687 odio,
890 1609 945 1670 sed
970 1610 1062 1670 etiarn
1081 1609 1225 1673 aviditate
1246 1611 1367 1692 praedae,
1391 1632 1426 1674 ea

381 1697 521 1760 facinora
542 1698 714 1760 iaciebant:
739 1696 820 1778 quia,
844 1695 1021 1776 negotiandi
1036 1695 1130 1756 ferme
1146 1716 1253 1758 caussa
1268 1707 1425 1778 argentum

382 1783 416 1846 in
435 1785 520 1848 zonis
542 1784 700 1860 habentes,
726 1785 752 1822 ⁴⁴
766 1783 797 1842 in
819 1781 1038 1844 commeatibus
1061 1792 1158 1843 erant.
1202 1781 1305 1852 Quum
1327 1784 1423 1866 primo

406 1871 484 1945 auci,
510 1868 642 1931 deinde¹⁴
666 1868 697 1928 in
721 1866 785 1928 dies
810 1867 910 1948 plures
937 1866 1189 1946 desiderarentur,
1215 1867 1337 1930 infamis
1360 1889 1424 1930 esse

382 1891 505 2017 bractia
526 1954 625 2016 omnis
641 1954 754 2036 coepit:
782 1963 814 2014 et
832 1951 977 2030 timidius,
1000 1973 1092 2034 qnam
1115 1953 1147 2012 in
1169 1953 1301 2032 hostico,
1322 1953 1424 2035 egredi

381 2040 492 2102 castris
506 2039 602 2102 miles.
645 2035 726 2103 Tum
742 2038 903 2108 Quinctius
926 2038 1043 2118 legatos
1058 2037 1098 2100 ad
1119 2039 1306 2118 querendum
1327 2040 1366 2100 de
1381 2041 1425 2104 la·

383 2126 518 2188 trociniis
540 2146 594 2208 per
615 2125 752 2186 civitates
775 2123 881 2185 mittit.
926 2121 1048 2189 Plurimi
1064 2123 1182 2204 pedites
1205 2125 1289 2186 eirca
1311 2123 1424 2208 Copai-

380 2211 453 2272 dem
474 2209 618 2294 paludem
643 2210 781 2272 inventi:
812 2209 853 2270 ibi
880 2230 918 2270 ex
948 2209 1022 2272 limo
1047 2221 1134 2271 eruta
1163 2221 1360 2292 extractaque
1387 2232 1427 2274 ex

380 2308 491 2378 stagno
506 2297 664 2374 cadavera,
683 2295 763 2357 saxis
776 2306 828 2357 sut
851 2295 1015 2377 amphoris,
1036 2305 1072 2356 ut
1086 2294 1222 2376 pondere
1236 2297 1425 2360 traherentur

380 2382 412 2442 in
433 2381 628 2464 profundum,
653 2381 781 2444 adriexa.
807 2381 904 2442 multa
928 2380 1066 2442 facinora
1080 2381 1246 2464 Acraephiae
1271 2394 1302 2444 et
1325 2381 1424 2444 Coro-

380 2487 446 2528 neae
460 2467 543 2530 facta
563 2465 803 2528 inveniebantur.
848 2465 1008 2535 Quinctius
1030 2466 1129 2549 primo
1149 2468 1257 2528 noxios
1273 2467 1352 2530 tradi
1368 2467 1423 2530 sibi

317 2579 324 2590 v
375 2549 481 2631 jussit,
497 2563 529 2612 et
550 2573 606 2634 pro
621 2551 794 2632 quingentis
814 2551 960 2612 militibus
978 2551 1039 2628 (tot
1050 2553 1132 2614 enim
1147 2553 1307 2636 intercepti
1323 2552 1422 2634 erant)

381 2637 588 2718 ⁴⁴quingenta
617 2635 734 2700 talenta
761 2633 888 2698 Boeotos
912 2635 1061 2700 conferre.
1108 2637 1243 2710 Quorum
1279 2651 1424 2704 neutrum

380 2741 475 2802 quum
490 2721 585 2799 fieret,
599 2722 696 2784 verbis
711 2732 831 2786 tantum
847 2722 984 2785 civitates
1006 2727 1031 2764 ⁴¹
1046 2735 1232 2799 excusarent,
1248 2723 1325 2786 nihil
1340 2725 1425 2807 pub-

380 2807 441 2869 lico
465 2808 591 2873 consilio
618 2807 732 2870 factum
759 2828 844 2886 esse3
874 2808 972 2870 missis
998 2807 1136 2872 Athenas
1158 2821 1188 2872 et
1216 2810 1248 2870 in
1269 2808 1427 2875 Achaiam

212 2889 500 2976 mumslegafig,
518 2894 606 2978 ⁴⁴qui
631 2903 814 2956 testarentur
840 2894 940 2974 sociis,
962 2893 1047 2976 justo
1062 2895 1173 2978 pioque
1197 2895 1276 2958 bello
1294 2916 1328 2955 se
1350 2917 1424 2978 per·

212 2968 332 3020 mm
379 2992 552 3043 secuturum
580 2977 717 3056 Boeotos,
754 2990 786 3042 et
821 2999 890 3042 cum
923 2990 1009 3062 parte
1045 2982 1202 3063 copiarum
1233 2979 1267 3042 P.
1292 2979 1425 3044 Claudio

378 3065 569 3150 Acraephiam
595 3065 639 3126 ire
666 3064 764 3146 jusso,
796 3084 866 3126 curn
892 3077 980 3147 parte
1005 3063 1176 3136 Coroneam
1206 3061 1423 3144 circumsedit:

378 3153 522 3216 evastatis
548 3151 631 3236 prius
654 3151 743 3232 agris,
772 3170 863 3231 quarn
891 3151 931 3212 ab
955 3149 1058 3216 Elatia
1080 3152 1141 3217 duo
1162 3153 1279 3216 diversa
1300 3152 1427 3235 agmina

572 3332 712 3384 ¹dr'rerron's
722 3330 795 3380 Gron.
807 3330 877 3382 Cres.
921 3395 928 3410 '
1079 3329 1158 3382 *aaa
1168 3331 1235 3382 Ereti.

408 3469 434 3505 ³⁸
451 3469 486 3517 De
502 3469 616 3518 Pisistrato
631 3471 708 3531 alique
726 3470 879 3530 marm..
917 3469 1010 3518 latebras
1019 3469 1178 3518 tmtdenrnus:
1195 3470 1312 3534 quomodo
1328 3469 1345 3517 l.
1358 3479 1423 3520 xxi.

373 3534 467 3597 mae]
488 3533 549 3595 lage
566 3549 618 3582 rum
635 3533 686 3582 lac.
703 3533 836 3582 Gronovim
857 3534 885 3580 ds
916 3535 986 3583 ml.
1008 3550 1052 3596 qna
1067 3533 1155 3599 flegon
1171 3536 1330 3582 bmlimtam
1350 3536 1426 3584 σώ-

377 3597 494 3645 Pisistrato
504 3599 593 3658 aliique
601 3601 754 3660 questiones..
915 3599 959 3653 bot,
977 3601 1049 3645 omnio
1066 3599 1346 3658 itimioeu'dmjubst:
1368 3599 1424 3648 etl.

409 3661 433 3700 ³⁶1
450 3659 471 3707 E
488 3663 557 3710 norit
572 3675 599 3708 eo
615 3659 690 3723 cedes]
712 3662 776 3710 Olim
792 3660 883 3721 legein-
917 3676 954 3711 rx.
973 3679 994 3710 c.
1005 3665 1047 3711 ³1.
1065 3663 1097 3710 itt
1112 3665 1188 3727 ingen
1204 3663 1297 3710 hostium
1318 3665 1426 3713 ern-ritus

375 3735 424 3804 tarr,
472 3734 570 3774 mmet
589 3726 669 3772 ceder:
697 3729 761 3802 pride
785 3725 880 3775 Perizo-
911 3727 994 3804 itinero
1020 3727 1119 3776 oecultrrr
1152 3727 1275 3778 immet:
1311 3739 1336 3776 et
1370 3725 1429 3776 niti

373 3789 881 3916 iiliohl‘encidnurtilie’firidillbnixffl:
911 3805 1012 3903 μ’θῗωίη
1038 3855 1185 3904 maranus
1210 3854 1285 3918 mss]
1317 3837 1423 3920 decepto

375 3917 513 3984 bffmuerot
530 3935 556 3966 sa
577 3933 611 3966 rer
633 3916 740 3968 metam
757 3918 879 3980 amarae
911 3919 1180 3976 sducrbuseommeatm
1196 3919 1243 3968 rire
1259 3919 1424 3968 facultatesb-

370 4001 443 4046 oasa
458 3985 489 4032 orl
505 3983 713 4032 mediarana
724 3983 879 4038 mammas.
910 3984 978 4032 eundi
990 3999 1002 4030 a
1014 3985 1093 4047 sigub,
1108 3998 1153 4048 quo
1168 3983 1260 4032 libitum
1274 3986 1345 4044 foret,
1363 3984 1425 4033 din·

371 4049 507 4112 zaetippnm
517 4051 541 4096 in
551 4047 669 4110 principem
718 4052 745 4098 tir
755 4047 878 4113 (brachyl-
910 4048 1030 4096 bebantur.

371 4113 419 4162 lem
430 4111 596 4174 manahen)
618 4113 642 4159 td
652 4064 747 4176 fritillum
763 4115 877 4162 amnne:
939 4113 963 4147 ⁴⁰
979 4111 1108 4178 Qntrrgsnta
1115 4109 1211 4176 uben]
1226 4111 1321 4164 Musas
1331 4113 1425 4178 argenti

372 4179 405 4226 irs
414 4190 441 4226 ur
451 4182 503 4228 haee
517 4189 630 4244 postrema
640 4177 795 4240 intelligantur
805 4191 878 4242 appo·
908 4176 998 4228 46875.

369 4243 419 4290 sira
428 4245 561 4308 explicando
570 4243 692 4304 edorres.
939 4241 962 4276 ⁴¹
980 4239 1126 4306 mutent]
1165 4239 1278 4304 Purgmdl
1315 4240 1424 4292 criminis

404 4307 426 4342 ⁸⁸
441 4307 477 4354 Ad
500 4317 560 4356 notas
592 4307 683 4356 barno
708 4304 873 4368 insidiantibus]
907 4306 1222 4364 cruudicsrenrnrihil...
1507 4315 1508 4328 ¹

369 4367 453 4420 nean
469 4370 626 4450 insidiantibus
640 4373 668 4420 ad
678 4382 744 4446 notas
760 4373 800 4419 sibi
817 4371 876 4420 lrte·
937 4371 960 4404 ⁴²
976 4369 1422 4451 Qpltsptarsntnrrsciir1iipndnbitt·
1505 4349 1508 4456 p]

368 4436 430 4488 hus.
473 4433 527 4512 Npr
547 4437 639 4512 ionem
660 4435 734 4500 melu,
762 4437 790 4484 rt
815 4443 876 4488 rinos
907 4449 1023 4502 murqnur
1032 4437 1109 4488 lanus
1118 4437 1320 4502 scripsenrm
