3100 5194
452 373 528 434 tm.
549 369 680 436 xxxii.
706 373 786 436 CAP.
806 367 845 432 11.
1130 381 1169 438 49
1265 453 1267 460 Ι

120 535 231 587 monte
263 523 384 588 Albano
421 523 539 592 latinis
573 549 706 607 carnem,
742 540 776 592 ut
806 528 933 606 adsolet,
964 526 1066 590 datam
1102 527 1164 594 n'on
1178 541 1317 596 uersa.

123 632 201 673 esse.
244 611 294 675 Ab
324 611 434 676 Suessa
463 614 640 679 nunciatum
671 627 727 692 est,
763 615 836 676 duas
870 625 983 697 portas,
1020 616 1162 698 quodque
1175 609 1207 658 Α·
1219 611 1315 688 031199.

120 697 204 759 inter
228 719 280 760 eas
302 700 379 762 muri
404 714 479 779 erat,
506 702 544 762 de
568 698 649 764 'coelo
675 713 811 779 tactum3
834 713 867 764 et
889 699 1043 763 Formiani
1068 701 1161 784 legati
1176 672 1285 735 ΜΨ·

121 783 220 846 adem
243 783 340 865 Jovis,
367 787 441 848 item
456 787 611 850 Ostienses
627 787 722 850 aedem
739 787 834 866 lovis,
849 799 882 851 et
900 785 1048 849 Veliterni
1063 787 1160 870 Apol·

122 870 193 932 linis
208 883 241 934 et
264 869 380 935 ‘Santi
399 873 488 952 ades,
512 884 543 935 et
563 875 593 934 in
614 872 755 936 Herculis
778 874 841 936 aede
856 874 997 956 capillum
1015 884 1159 937 enammr

122 967 210 1021 etex
225 955 351 1021 Bruttiis
367 960 406 1020 ab
425 960 465 1031 Q.
477 959 617 1023 Minucio
632 969 815 1042 propraetore
828 960 985 1042 seriptum,
1001 961 1160 1044 equuleum

125 1064 194 1104 eum
223 1044 354 1127 quinque
377 1045 515 1128 pedibus,
541 1047 639 1130 pullos
667 1045 852 1127 gallinaceos
882 1059 943 1110 tres
973 1069 1041 1110 eum
1068 1048 1161 1110 ternis

122 1129 264 1212 pedibus,
293 1144 382 1194 natos
412 1153 487 1196 esse.
533 1131 609 1194 Inde
635 1154 655 1195 a
681 1130 713 1193 P.
745 1129 881 1215 Sulpicio
910 1134 1088 1216 proconsule
1123 1155 1162 1196 ex

122 1211 311 1296 Macedonia
325 1217 419 1281 litera
433 1215 553 1298 adlata,
568 1219 718 1300 inquibus
730 1218 809 1282 inter
820 1221 1075 1303 ceterascriptum
1086 1231 1164 1298 erat,

124 1301 257 1364 lauream
273 1303 303 1364 in
314 1305 408 1387 puppi
420 1306 505 1366 navis
521 1304 618 1386 longa
628 1315 762 1366 enatam.
805 1301 940 1366 Priorum
956 1306 1164 1387 prodigiorum

124 1408 232 1450 caussa
240 1401 362 1452 senatus
374 1399 543 1469 censuerat,
558 1403 593 1452 ut
601 1390 737 1452 consules
750 1387 914 1470 majoribus
926 1390 1045 1469 hostiis,
1057 1393 1164 1472 quibus

122 1471 191 1548 Diis
206 1474 368 1553 videretur,
393 1476 608 1539 sacrificarent.
631 1477 671 1538 ob
695 1475 754 1538 boe
779 1496 873 1536 unum
893 1476 1065 1558 prodigium
1080 1499 1163 1538 arus·

123 1560 208 1641 pices
223 1561 254 1622 in
269 1572 406 1624 senatum
428 1563 540 1640 vocati,
566 1573 656 1645 atque
679 1583 718 1624 ex
733 1581 877 1644 responso
891 1581 994 1624 eorum
1010 1563 1164 1645 supplica·

122 1645 168 1706 tio
181 1647 297 1731 populo
311 1649 343 1711 iu
358 1647 440 1711 diern
454 1668 548 1711 unum
563 1649 675 1728 edicta,
699 1660 732 1711 et
753 1647 794 1708 ad
816 1649 919 1710 omnia
934 1649 1102 1732 pulvinaria
1116 1669 1164 1713 res

122 1731 234 1796 (lisina
248 1733 343 1798 facte.
667 1782 670 1792 .

167 1817 212 1882 Il.
234 1817 503 1903 Karthaginienses
527 1841 565 1884 eo
590 1839 672 1882 anno
692 1831 852 1902 argentum
869 1821 902 1882 in
916 1819 1101 1903 stipendium
1116 1821 1164 1885 in·
1176 1827 1309 1912 Kastra·

121 1906 258 1988 positum
273 1908 406 1990 primurn
429 1905 561 1970 Romam
583 1906 779 1970 advexerunt.
803 1907 836 1969 id
857 1907 928 1988 quia
954 1910 1082 1990 probum
1101 1906 1322 2010 nonlssmP'm‘F'·

122 2013 189 2054 esse
205 2004 368 2074 quaestores
381 1995 641 2072 renunciaverunt,
653 1993 934 2077 experientibusque
949 1997 1041 2076 ⁶pars
1057 1973 1323 2076 quarta,{¹{‡,¹²,21⁰⁵¹⁰”

122 2077 255 2158 decocta
280 2092 356 2158 erat,
379 2082 508 2163 pecunia
537 2077 644 2143 Romae
665 2093 773 2143 mutua
799 2091 910 2158 sumta,
935 2081 1241 2144 ⁷intertrimen-rrnt.

121 2176 189 2227 tum
214 2167 332 2248 argenti
362 2167 585 2250 suppleverunt.
629 2164 804 2229 Petentibus
834 2165 956 2243 deinde,
978 2177 1023 2244 ut,
1049 2167 1074 2228 si
1097 2166 1165 2248 jam

122 2252 276 2316 uideretur
290 2253 420 2331 senatui,
446 2253 565 2316 obsides
579 2253 638 2314 sibi
652 2252 859 2330 redderentur,
885 2253 1032 2314 ⁸centum
1053 2251 1164 2315 redditi
1272 2268 1275 2280 ·

123 2339 311 2402 obsides-de
326 2339 445 2417 ceteris,
468 2339 493 2399 si
515 2338 622 2402 infide
640 2349 863 2422 permanerent,
888 2359 957 2421 spes
971 2339 1063 2402 facta.
1107 2337 1164 2402 Pe·
1176 2339 1290 2422 obstqurn

125 2425 261 2487 tentibus
275 2425 395 2503 iisdem,
417 2424 547 2506 quinon
568 2425 770 2487 reddebantur
790 2425 922 2504 obsides,
949 2437 983 2488 ut
997 2426 1037 2486 ab
1048 2422 1164 2506 Norba,
1175 2423 1264 2521 9⁸33:

123 2511 178 2572 ubi
192 2532 299 2594 parurn
315 2510 476 2574 commode
499 2523 610 2595 essent,
631 2511 692 2572 alio
713 2511 952 2590 traducerentur,
976 2487 1201 2592 concessum,te
1263 2501 1270 2523 ⁶

123 2607 160 2660 ut
180 2593 319 2680 Signiam
342 2609 374 2660 et
396 2595 591 2660 Ferentinum
616 2597 791 2660 transirent.
833 2595 994 2660 Gaditanis
1017 2599 1093 2663 item
1109 2621 1164 2682 pe-

122 2684 259 2747 tentibus
273 2685 442 2766 remissum,
466 2688 528 2746 ⁰ne
552 2683 709 2767 prefectus
721 2681 834 2766 ,Gades
857 2685 1039 2764 mitteretur,
1058 2685 1165 2748 adver·

122 2791 174 2831 sus
195 2771 278 2854 quod
301 2772 351 2850 iis,
373 2771 405 2832 in
427 2769 519 2832 fidem
534 2771 640 2854 populi
655 2769 787 2834 Romani
801 2771 999 2851 venientibus,
1024 2793 1094 2834 eum
1108 2768 1166 2836 li.e

122 2852 245 2918 Marcio
260 2855 398 2940 Septimo
413 2857 613 2920 convenisset.
655 2854 698 2919 Et
712 2854 926 2918 Narniensium
948 2858 1067 2940 legatis,
1090 2880 1165 2941 que-

122 2943 261 3005 rentibus
287 2943 328 3004 ad
352 2963 522 3014 numerum·
541 2943 599 3006 sibi
625 2942 750 3005 colonos
776 2962 838 3004 non
864 2964 941 3022 esse,
968 2956 1009 3014 et,
1020 2945 1166 3009 inmixtos

124 3029 274 3109 quosdam
290 3050 350 3094 non
367 3030 414 3091 sui
434 3029 554 3111 &neris
577 3050 633 3112 pro
658 3027 773 3091 colonis
798 3048 832 3090 se
856 3049 972 3112 gerere,
998 3049 1101 3094 earum
1116 3040 1165 3094 re'-

125 3135 193 3176 rum
219 3136 327 3178 caussa
355 3113 518 3178 tresvirosi
544 3135 647 3178 creare
674 3113 710 3177 1..
732 3112 890 3178 Cornelius
920 3118 1026 3180 consul
1052 3117 1166 3200 jussus.

124 3201 221 3262 creati
243 3199 278 3263 P.
298 3214 330 3264 et
351 3199 424 3266 Sex.
443 3199 519 3264 AElii
546 3199 645 3280 (Petis
670 3201 728 3264 luit
750 3197 897 3264 ambobus
922 3205 1105 3284 cognomen)
1134 3216 1167 3266 et

125 3285 165 3351 C.
180 3283 339 3350 Comelius
352 3285 507 3351 lentulus.
532 3287 614 3368 quod
635 3284 856 3349 Narniensibus
876 3288 982 3350 datum
998 3301 1072 3368 erat,
1096 3292 1166 3352 ¹⁰ut

281 3426 297 3452 ⁸·
305 3417 335 3471 t.
346 3418 390 3470 dri.
401 3419 477 3472 Gron.
705 3415 717 3450 ὖ
732 3417 937 3470 trimumGrou.
947 3419 1016 3468 crev.

159 3529 266 3596 lSuria]
280 3531 385 3584 Semonis
394 3534 632 3598 Sauci,quietDius
662 3533 762 3588 diversos
780 3545 884 3583 sununs
903 3547 930 3582 ru
987 3531 1067 3584 erdem
1088 3547 1116 3586 re
1129 3547 1168 3586 ss·

123 3596 205 3646 lidius
225 3599 354 3650 roesbsrur.
387 3601 473 3652 Dexo
488 3602 586 3650 diximus
604 3600 632 3648 sd
663 3610 817 3648 summersa.
849 3595 901 3645 Nisi
946 3598 1007 3648 forre
1022 3603 1168 3651 senatussd-

124 3665 145 3714 l.
158 3664 296 3712 vrrr.c.2tl.
662 3665 720 3712 didit
751 3665 780 3712 sd
808 3677 931 3711 numeram
959 3664 1073 3726 obsidum,
1096 3683 1167 3731 quem

157 3723 171 3759 ⁶
195 3726 254 3776 Pers
273 3738 353 3790 prim-tu
373 3729 459 3778 desorto
480 3727 539 3791 mot]
564 3729 632 3778 Psrte
663 3728 740 3792 Scipio
758 3727 858 3794 primum
883 3725 1104 3791 Carthaginiensibus
1128 3735 1166 3782 in·

125 3801 215 3870 quarta·
230 3793 377 3870 imminutum
401 3794 476 3844 fuerat
502 3807 631 3860 argeutum,
662 3795 758 3888 dixerpt.
1057 3857 1063 3874 ι

124 3859 491 3989 ῳξἯξιῗιῖίῖηἛεηιωιιιμὴ]
519 3921 631 3972 Quarum
662 3853 1023 3986 atbrleuiqlffllbb'geeblssl
1032 3867 1167 3972 Nm:
1256 3895 1259 3900 Ι

123 3985 189 4034 illam
199 3997 372 4052 psrrem‚qusm
382 4000 631 4050 argeutumexcoetum
662 4002 722 4038 cern.
755 3987 872 4036 Nimirum
890 3997 968 4034 eontra
985 4001 1012 4035 es
1031 4004 1083 4050 quse
1100 4001 1167 4053 pacm

125 4051 242 4101 amiserat.
661 4051 754 4101 fuerant
773 4051 897 4100 Gaditanos
916 4053 977 4098 inter
998 4061 1023 4100 st
1044 4053 1167 4116 Marcium,

160 4115 173 4148 ⁸
189 4114 284 4166 Gratum
298 4117 380 4166 sudditi
396 4117 487 4168 strider.
501 4121 528 4167 ds
544 4117 628 4180 rusb]
661 4119 783 4181 praelectus
799 4118 826 4165 sb
844 4116 918 4164 lioun
931 4116 1008 4164 Gades
1022 4118 1083 4165 mitti
1101 4133 1166 4183 coep.

125 4179 200 4242 Atqui
217 4197 287 4244 supra
308 4183 325 4231 l.
350 4193 415 4231 xxx.
435 4198 456 4231 c.
477 4183 518 4232 37.
537 4193 631 4232 eentum
661 4193 765 4231 turserat.
796 4182 867 4230 Nunc
884 4195 938 4240 ergo
949 4179 1068 4230 Gaditanis
1082 4195 1166 4247 peten-

126 4247 221 4293 munius
239 4247 328 4296 obsides
344 4246 398 4294 dare
416 4247 529 4308 jubentur
549 4262 562 4294 s
583 4246 631 4294 Sri-
661 4246 906 4301 tibuseonceditur,rre
922 4243 970 4308 jam
986 4245 1010 4293 ln
1026 4263 1105 4295 eorum
1125 4263 1166 4297 ur·

125 4309 194 4372 piune
210 4312 286 4360 Poeni.
318 4312 351 4359 At
366 4311 490 4374 Appianis,
502 4313 518 4359 l.
530 4313 559 4360 de
573 4311 631 4359 lisll.
662 4313 714 4359 bern
727 4310 972 4374 proefectusmittstur.
1003 4311 1167 4375 Depral'eetis

124 4373 185 4421 Puri.
204 4387 300 4424 tentum
322 4375 483 4437 quinquaginta
504 4377 532 4424 ab
551 4379 631 4424 eodem
659 4377 706 4438 iuri
716 4374 867 4423 diorndovid.
879 4385 927 4421 not.
939 4375 978 4424 77.
990 4377 1018 4422 ad
1028 4389 1063 4424 rx.
1073 4379 1111 4425 20.

124 4437 232 4502 Scipione
248 4439 372 4503 postulatos
389 4442 466 4491 tradit.
498 4441 631 4490 Verisimile
697 4442 717 4474 ¹⁰
750 4439 781 4486 Ut
809 4439 930 4486 colonorum
956 4454 1059 4489 numerus
1082 4458 1169 4507 cogere-

124 4515 160 4554 est
173 4505 268 4553 Livium
285 4505 324 4554 hir
343 4521 442 4572 quoque,
457 4517 484 4559 ut
500 4507 632 4572 saepualiss,
662 4505 711 4568 tur]
743 4503 901 4565 Perficeretur,
931 4504 1090 4566 absolveretur,
1116 4522 1165 4571 par·

171 4589 245 4637 Vol..
264 4591 316 4638 tn.
705 4589 726 4635 B
