3080 5196
350 389 409 446 800
658 429 662 436 -
772 385 856 444 TITI
874 385 976 445 LIVII

184 541 217 603 u,
229 543 258 592 C·
270 541 325 591 ⁵⁶²·
348 543 405 606 nin
416 591 419 598 .
431 555 523 626 atque
537 541 669 606 AEolidis
695 541 876 626 prohibuit.¹
932 539 1155 622 Pamphilidam
1174 559 1248 602 cum
1261 549 1394 622 quatuor

182 609 213 672 A*
225 607 255 655 c·
266 608 321 658 ¹⁹⁰·
349 631 473 692 navibus
488 632 577 692 tectis
597 631 637 692 ad
658 649 725 691 cam
741 631 880 708 classem,
895 649 960 710 qua
983 628 1065 690 circa
1081 626 1189 690 Patara
1208 637 1285 704 erat,
1301 625 1393 686 misc·

182 735 313 785 Antaeum
349 728 437 778 runt.¹
482 717 651 778 Antiochus
666 737 728 778 non
751 716 920 778 civitatium
936 714 1040 792 modo,
1055 735 1121 795 qua
1143 715 1224 776 circa
1243 733 1276 774 se
1294 722 1394 789 eraut,

182 799 322 848 Prummu!
348 803 550 865 contrahebat
578 802 734 885 praesidia3
770 802 824 863 sed
854 802 893 863 ad
923 799 1070 878 Prusiam,
1096 798 1248 883 Bithynice
1276 818 1393 879 regem,

182 865 335 981 beppmeon-
348 891 473 951 miserat
494 889 610 970 legatos
636 889 806 970 litorasque,
829 888 936 969 quibus
962 887 1121 949 transitum
1148 887 1181 952 iu
1203 885 1312 946 Asiam
1327 883 1393 944 Ro·

182 947 203 979 ω
347 995 507 1037 manorum
523 975 715 1057 increpabat:
741 976 750 1008 ‘
766 973 877 1036 Venire
892 995 945 1037 eos
961 973 1001 1035 ad
1016 973 1119 1034 omnia
1133 993 1227 1054 regna
1241 969 1392 1046 tollendo,

300 1061 307 1070 “
347 1062 407 1124 ‘ut
419 1061 535 1124 nullum
550 1082 676 1142 usquam
691 1061 772 1123 orbis
787 1073 945 1138 terrarum,
960 1060 1017 1122 nisi
1032 1058 1216 1137 Romanum,
1228 1057 1392 1138 imperium

348 1150 358 1182 ‘
373 1159 463 1209 essct.
508 1147 679 1230 Philippum
694 1159 726 1210 et
736 1147 839 1209 Nabin
853 1159 1044 1228 expugnatos
1049 1169 1061 1224 3
1085 1167 1117 1207 se
1133 1146 1256 1208 tertium
1269 1142 1343 1227 peti.
1356 1155 1395 1204 ut

345 1235 356 1268 ‘
375 1235 499 1318 quisque
517 1235 673 1316 proximus
695 1235 732 1294 ab
757 1255 901 1316 oppresso
924 1234 975 1311 sit,
990 1254 1044 1315 per
1063 1252 1168 1294 ornnes
1186 1231 1268 1292 velut
1287 1230 1392 1291 couti-

346 1321 447 1382 ‘nens
461 1321 635 1383 incendium
650 1341 855 1402 pervasurum.
898 1319 947 1380 Ab
965 1341 998 1382 se
1017 1319 1146 1400 gradum
1163 1319 1194 1380 in
1209 1315 1389 1400 Bithyniam

179 1409 294 1460 hansa
346 1406 445 1484 ‘lorc,
462 1407 583 1488 quando
598 1406 749 1468 Eumenes
767 1408 798 1468 in
813 1407 1013 1468 voluntariam
1033 1406 1205 1467 servitutem
1220 1403 1391 1466 concessis·

180 1475 332 1589 limi*
345 1493 356 1526 ‘
370 1491 437 1555 set.'
485 1492 543 1554 His
568 1505 685 1556 motum
711 1492 846 1554 Prusiam
866 1493 960 1554 litera
987 1490 1140 1573 Scipionis
1165 1490 1309 1567 consulis,
1335 1488 1391 1550 sed

179 1557 317 1658 {man
344 1580 442 1660 magis
458 1578 522 1661 ejus
537 1579 637 1641 fratris
648 1579 795 1657 Africani,
809 1580 847 1641 ab
862 1579 1033 1662 suspicione
1048 1579 1102 1641 tali
1116 1588 1304 1640 avertermrt:
1325 1576 1390 1656 qui,

344 1676 451 1749 praeter
480 1667 729 1728 cousuetudinem
758 1678 935 1749 perpetuam
965 1665 1069 1748 populi
1098 1665 1229 1727 Romani
1255 1663 1389 1745 augendi

345 1754 428 1814 omni
455 1752 571 1814 honore
601 1773 706 1834 regum
724 1754 880 1816 ‚sociorum
904 1749 1106 1832 majestatem,
1130 1751 1304 1814 domesticis
1323 1750 1392 1830 ipse

344 1837 635 1986 iiimpiispllT
651 1836 1389 1987 ⁸lpf⁰¹¹tl⁶¹¹lllllllmtuttltlll}

399 1947 415 1987 e
520 1947 534 1986 s
587 1947 640 1986 ce
696 1947 761 1986 sru
826 1947 884 1990 em,
1378 1967 1388 1984 .

344 2012 354 2043 ‘
370 1946 574 2073 hld‘sinissam'
589 1946 661 2072 nori
675 2013 707 2072 in
729 2013 828 2093 patrio
852 2010 944 2072 modo
959 1946 1073 2074 lociissc
1089 1946 1193 2093 regrio,
1207 2011 1263 2072 sed
1275 1943 1309 2071 ih
1326 2007 1385 2092 Sy-

343 2098 484 2180 ‘phacia
508 2119 527 2159 a
548 2119 609 2179 quo
624 2109 694 2159 ante
715 2099 856 2181 expulsus
877 2097 992 2175 lirisset,
1008 2118 1134 2180 regnum
1156 2097 1336 2179 inposuisse.
1352 2108 1388 2158 et

343 2183 434 2247 ‘csse
459 2205 529 2246 eum
554 2205 617 2245 uon
640 2184 749 2246 Africae
774 2185 866 2246 modo
883 2205 987 2264 regum
1001 2185 1093 2266 louge
1109 2184 1387 2266 opulentissimum,

342 2270 420 2332 ‘sed
443 2281 511 2332 toto
532 2271 574 2332 in.
587 2271 660 2333 orbe
683 2284 829 2333 terrarum
851 2271 945 2338 cuivis
971 2291 1075 2352 regum
1089 2271 1136 2332 vel
1152 2269 1324 2352 majestate,
1338 2269 1389 2331 vel

342 2357 479 2418 ‘viribus
494 2377 609 2438 parem.
652 2356 825 2440 Philippum
840 2369 872 2420 et
886 2355 1000 2435 Nabin,
1013 2357 1116 2420 hostes
1130 2357 1212 2419 bello
1228 2369 1386 2439 superatos

342 2443 406 2504 ‘ab
420 2442 459 2506 Τ.
475 2442 628 2520 Quinctio,
643 2455 746 2512 tamen
769 2445 800 2506 in
819 2464 912 2524 regno
927 2444 1058 2512 relictos.
1103 2442 1244 2526 Philippo
1260 2443 1386 2524 quidem

342 2529 353 2561 ‘
368 2547 448 2590 anno
471 2529 580 2610 priore'
591 2530 684 2592 etiarn
702 2529 888 2612 stipendium
905 2530 1072 2608 remissum,
1088 2530 1229 2592 etlilium
1245 2529 1388 2592 obsidem

342 2614 535 2678 ‘redditumr
562 2627 600 2677 ct.
608 2617 753 2697 quasdam
769 2617 908 2680 civitates
922 2628 1009 2678 extra
1020 2615 1247 2696 Macedoniam,
1261 2617 1386 2698 patien-

342 2699 449 2763 ‘tibus
474 2699 622 2762 Romanis
648 2703 889 2785 imperatoribus,
912 2704 1060 2786 recepisse
1076 2723 1156 2765 cum.
1214 2701 1248 2764 ln
1268 2703 1381 2764 eadem

341 2787 353 2820 ‘
368 2787 518 2867 dignitate
532 2799 563 2849 et
574 2786 676 2849 Nabin
691 2788 823 2850 littorum
835 2789 937 2872 fuisse,
949 2790 1006 2850 nisi
1019 2809 1087 2852 eum
1099 2811 1170 2852 suus
1178 2791 1272 2872 primo
1283 2788 1381 2868 lirror,

342 2872 352 2904 ‘
367 2873 476 2935 deinde
491 2873 571 2936 fraus
586 2872 761 2937 AEtolornm
777 2874 990 2937 absumsisset.'
1028 2874 1167 2940 Maxime
1182 2875 1382 2938 confirmatus

341 2971 388 3022 est
412 2961 530 3022 animus
553 2961 643 3043 regis,
658 2973 819 3044 postquam
842 2962 882 3024 ad
904 2983 972 3024 eum
997 2960 1034 3025 C.
1047 2961 1172 3042 ¹Livius,
1193 2963 1243 3044 qui
1268 2974 1382 3044 praetor

340 3059 413 3108 aute
439 3047 527 3108 classi
551 3047 718 3129 praefuerat,
730 3039 854 3130 'legatus
880 3049 918 3110 ab
942 3047 1042 3112 Roma
1062 3051 1155 3128 venit,
1181 3060 1213 3110 et
1237 3048 1379 3125 edocuit3

340 3145 455 3214 quanto
471 3143 502 3195 et
520 3153 590 3215 spes
607 3135 738 3197 victoriae
761 3136 872 3198 certior
887 3134 1044 3214 Romanis,
1059 3156 1150 3217 quam
1165 3135 1334 3215 Antiocho,
1349 3146 1383 3198 et

339 3219 476 3281 amicitia
489 3221 624 3282 sanctior
638 3217 810 3303 firmiorque
826 3221 907 3305 apud
922 3220 1078 3287 Romanos
1093 3223 1195 3286 futura
1209 3232 1298 3284 esset.

383 3304 499 3368 XXVI.
524 3305 704 3386 Antiochus,
724 3319 885 3389 postquam
909 3329 929 3370 a
947 3329 1003 3391 spe
1027 3309 1181 3370 societatis
1197 3306 1308 3370 Prusiae
1324 3308 1381 3370 dc-

339 3392 426 3471 cidit,
441 3392 595 3475 Ephesum
617 3395 654 3456 ab
678 3393 822 3456 Sardibus
847 3406 895 3456 est
915 3395 1068 3478 profectus
1093 3396 1133 3457 ad
1154 3393 1294 3473 classem,
1314 3415 1381 3476 qua

222 3478 229 3494 ⁸
338 3499 392 3560 per
417 3479 536 3560 aliquot
561 3501 678 3542 menses
704 3481 854 3542 instructa
878 3503 913 3542 ac
937 3493 1044 3563 parata
1066 3481 1175 3560 lucrat,
1200 3481 1378 3560 visendarn5

337 3565 435 3646 magis
450 3566 522 3646 quia
540 3565 729 3629 terrestribus
751 3567 847 3650 copiis
866 3569 1033 3630 exercitum
1053 3567 1225 3631 Romanum
1249 3579 1281 3631 et
1303 3567 1378 3630 duos

338 3646 497 3733 Scipiones
523 3651 719 3735 imperatores
744 3653 867 3716 videbat
896 3653 1035 3717 sustineri
1058 3676 1120 3718 non
1145 3669 1256 3737 posset
1287 3675 1378 3736 quam

337 3736 420 3817 quod
442 3758 489 3798 res
509 3739 623 3800 navalis
638 3739 703 3822 ipsa
718 3761 819 3823 perse
841 3751 894 3802 aut
915 3752 1034 3804 tentata
1048 3741 1104 3803 sibi
1120 3755 1265 3822 umquam
1280 3741 1381 3804 felici-

336 3833 393 3901 ter,
416 3836 470 3886 aut
491 3834 564 3886 tunc
586 3847 703 3908 magna
724 3837 757 3888 et
778 3838 868 3888 certa
890 3826 1006 3889 liduciae
1036 3838 1123 3890 esset.
1177 3825 1252 3889 Erat
1274 3840 1379 3890 tamen

335 3911 362 3958 7¹⁸
371 3922 562 3973 momentum
577 3912 609 3973 in
620 3913 780 3995 prasentia
789 3914 863 3997 spei,
874 3914 956 3994 quod
967 3923 1000 3976 et
1013 3935 1155 3996 magnam
1165 3927 1283 3997 partem
1290 3913 1380 3998 Rho-

516 4067 1200 4136 rpmamacp0„w„.pmmbmrr0ma.cm.

336 4181 372 4228 red
391 4180 495 4246 phasaelio
515 4183 618 4232 Antiochi
637 4185 664 4232 ab
682 4183 803 4232 Srrrdibris.
814 4218 840 4234 ..
874 4183 909 4233 uia
920 4186 1150 4234 marcianensem
1160 4195 1202 4235 est.
1224 4184 1382 4248 wermono-

336 4244 446 4294 ΜΝ
464 4247 588 4310 (Rhodios)
608 4251 704 4297 custodio
722 4247 789 4298 lorric
804 4258 840 4298 ut·
873 4265 918 4313 que
937 4253 1008 4300 codex
1026 4251 1119 4315 praefert
1138 4251 1247 4310 Antiochi,
1262 4265 1310 4299 nm
1327 4255 1382 4301 Aa·

338 4323 380 4372 pus
398 4309 490 4358 arvitus
507 4314 626 4373 prohibuit.
674 4315 705 4362 Er
723 4314 755 4362 ric
773 4315 840 4378 plane
873 4316 950 4364 riccho.

337 4373 414 4424 Modil
424 4377 561 4426 menrbrauoe
572 4375 599 4426 ef
604 4378 716 4437 Andreas,
726 4379 770 4428 nisi
781 4381 842 4442 quod
905 4379 1195 4446 ⁷⁸·M0mertua,.rpsr]
1213 4380 1305 4446 Aliquid
1316 4381 1383 4444 quad

336 4439 483 4516 retinuerunt
496 4440 527 4487 τὸ
537 4443 703 4504 prshlbuerast,
716 4443 775 4506 quod
791 4461 841 4494 aaa·
872 4447 900 4496 ad
910 4461 975 4514 spem
986 4447 1130 4513 impelleret:
1152 4462 1236 4512 nempe
1247 4447 1381 4514 quoii-eq

336 4503 421 4556 alim
440 4516 529 4555 tumne
550 4507 631 4569 uoragi
651 4507 675 4556 iu
696 4508 738 4559 bac
756 4511 841 4562 oratic·
