3068 5186
346 381 407 454 aas
670 345 673 350 ’
771 371 855 436 am
875 373 978 436 arm

174 541 328 600 'tumtun
349 532 390 595 tis
411 553 446 595 ac
468 529 582 595 strenui
601 530 670 593 viri.
724 527 772 592 Eo
795 531 846 594 die
866 531 908 596 ad
930 530 1071 594 Hebrum
1085 531 1200 596 flumen
1220 543 1403 616 perventum

185 613 255 690 &0-
267 615 322 670 1⁸⁸·
350 635 408 683 est.
433 621 505 683 inde
530 617 693 682 AEnioram
721 617 798 680 fines
827 630 935 701 praeter
961 619 1126 703 Apollinis,
1156 624 1181 660 ⁴¹
1199 618 1403 704 Zerynthium

351 727 443 790 quem
471 715 583 792 vocant
611 704 730 782 incole,
754 707 904 788 templum
933 719 1089 790 superant.
1147 706 1233 769 Aliae
1254 705 1404 788 angustior

352 796 434 857 circa
452 791 607 876 Tempyra
628 792 797 874 excipiunt,
821 793 893 871 (hoc
917 793 987 856 loco
1009 814 1120 856 nomen
1141 795 1201 874 est)
1220 793 1403 856 neemiam

352 883 381 922 ⁴¹
391 880 587 962 confragosae,
608 898 701 961 quam
724 875 857 961 priores:
889 880 952 959 sed,
972 881 1044 962 quia
1062 881 1138 943 nihil
1160 881 1299 942 silvestre
1320 879 1404 940 eirca

188 976 300 1028 anem
354 979 412 1046 est,
434 988 474 1029 ne
497 968 629 1029 latebras
652 965 774 1047 quidem
796 967 835 1028 ad
857 966 1061 1030 insidiandum
1073 968 1222 1050 praebent.
1275 965 1349 1028 Huc
1364 964 1406 1026 ad

187 1045 302 1112 puina.
354 1055 495 1118 eamdem
513 1074 598 1136 spem
619 1050 727 1135 praede
747 1051 879 1115 Thrausi
900 1052 987 1135 (gens
1004 1064 1037 1116 et
1057 1054 1124 1138 ipsa
1136 1051 1309 1132 Thracum)
1327 1071 1403 1114 eon·

353 1161 476 1204 venere:
496 1140 568 1226 sed,
583 1141 655 1221 quia
669 1139 757 1218 nudae
769 1139 874 1218 valles,
889 1142 996 1224 procul
1019 1151 1054 1202 ut
1076 1141 1326 1225 conspicerentur
1347 1159 1405 1201 au-

354 1229 472 1312 gustias
498 1227 683 1305 obsidento,
711 1227 896 1307 efficiebant,
921 1228 1022 1292 minus
1047 1228 1168 1290 terroris
1193 1227 1408 1308 tumultusque

355 1316 415 1380 fuit
437 1315 518 1399 apud
538 1313 705 1376 Romanos.
730 1315 841 1398 quippe
862 1314 920 1376 etsi
944 1315 1050 1396 iniquo
1069 1315 1149 1393 loco,
1169 1314 1279 1399 proelio
1301 1325 1407 1375 tamen

350 1401 447 1487 Justo,
472 1402 538 1464 acie
560 1412 678 1484 aperta,
698 1401 827 1462 conlatis
848 1401 943 1482 signis
961 1401 1167 1464 dimicandum
1188 1412 1266 1464 erat.
1319 1398 1406 1462 Cou-

355 1489 426 1552 ierti
447 1489 610 1550 subeuntes
629 1507 699 1549 curn
719 1487 863 1565 elamore,
880 1489 986 1570 inpetu
1001 1487 1094 1567 lacto,
1110 1490 1241 1572 primum
1261 1486 1407 1570 expulere

355 1577 426 1638 loco
455 1577 577 1652 hostes3
617 1574 729 1636 deinde
758 1586 901 1636 avertere.
932 1573 1006 1657 iuga
1039 1575 1111 1637 inde
1144 1575 1313 1656 cedesque,
1343 1573 1405 1635 suis

355 1660 683 1745 ipsoajnpedientibus
703 1661 860 1742 angustiis,
880 1661 945 1723 fieri
963 1673 1067 1744 coepta
1083 1673 1139 1724 est.
1191 1660 1328 1724 Romani
1341 1661 1406 1722 vie-

355 1759 439 1811 tores
467 1749 507 1810 ad
531 1748 631 1809 vicum
654 1745 876 1810 Maronitarum
903 1745 1015 1830 (Saron
1041 1748 1210 1832 adpellant)
1235 1757 1407 1830 posuemnt

244 1833 247 1840 ’
355 1846 467 1898 eastra.
486 1845 610 1917 postero
626 1834 676 1896 die
695 1835 812 1918 patenti
834 1835 941 1898 itinere
957 1834 1102 1898 Priaticus
1119 1847 1251 1920 ‘campus
1273 1856 1328 1898 eos
1350 1854 1407 1896 ex·

323 1939 326 1948 ’
355 1923 460 2003 cepit;
492 1920 685 2002 triduumque
709 1922 762 2000 ibi,
787 1922 972 1985 frumentum
995 1923 1191 2006 accipientes,
1216 1931 1407 1999 manserunt,

355 2009 468 2092 partim
498 2028 539 2070 ex
568 2008 648 2090 agria
674 2006 909 2088 Maronitarum,
933 2009 1158 2072 conferentibus
1182 2009 1268 2092 ipsis,
1290 2009 1405 2092 partim

355 2116 397 2158 ex
415 2095 540 2157 navibus
565 2096 636 2172 suis,
660 2113 725 2176 qua
748 2115 818 2156 eum
840 2097 939 2158 omnis
960 2097 1077 2178 generis
1100 2109 1276 2159 commeatu
1295 2115 1404 2177 seque-

355 2182 478 2244 bantur.
527 2180 584 2244 *Ab
604 2181 721 2243 stativis
744 2182 804 2244 diei
818 2183 868 2244 via
881 2181 1075 2266 Apolloniam
1089 2183 1158 2245 luit.
1182 2183 1255 2245 hinc
1270 2203 1321 2265 per
1335 2181 1404 2244 Ab·

358 2268 525 2354 deritarum
554 2289 660 2351 agrum
689 2265 852 2352 Neapolim
887 2275 1153 2353 perventnm‘est.
1213 2267 1284 2331 Hoc
1311 2288 1405 2331 omne

355 2375 412 2438 per
438 2353 611 2416 Graecorum
636 2354 772 2417 colonias
798 2367 941 2440 pacatum
967 2357 1025 2419 iter
1054 2356 1123 2420 hrit.
1151 2356 1302 2439 reliquum
1332 2354 1405 2417 inde

356 2461 413 2524 per
431 2442 549 2503 medios
564 2438 711 2520 Thracas,
728 2442 793 2504 dies
811 2453 988 2525 noctesque,
1009 2444 1066 2506 etsi
1087 2463 1149 2506 uon
1165 2443 1323 2522 infestum,
1339 2463 1405 2504 sus·

357 2538 484 2611 paetum
508 2537 622 2605 tamen,
645 2527 744 2591 donec
773 2530 805 2591 in
829 2528 1045 2592 Macedoniarn
1069 2541 1279 2613 pervenerunt.
1339 2527 1406 2590 Mi-

356 2611 600 2676 timothaeus
620 2613 702 2676 idern
723 2616 883 2694 exercitus,
904 2637 1001 2699 quum,
1018 2638 1038 2679 a
1056 2615 1200 2700 Scipione
1224 2617 1331 2678 eadem
1354 2615 1408 2677 via

357 2699 539 2778 duceretur?
550 2701 708 2778 habuerat,
728 2703 843 2764 nullam
868 2704 908 2765 ob
932 2704 1023 2766 aliam
1045 2723 1192 2782 caussam,
1207 2724 1297 2785 quam
1314 2701 1404 2784 quod

356 2786 464 2870 prada
497 2787 609 2863 minus,
639 2786 721 2869 qnod
754 2797 917 2870 peteretur,
949 2790 1056 2854 luerat.
1115 2789 1299 2871 Quamquam
1328 2801 1402 2851 tum

341 2890 478 2954 -quoque
493 2871 638 2934 Claudius
660 2885 768 2936 auctor
792 2887 849 2952 est,
872 2877 912 2940 ad
932 2877 1105 2959 quindecim
1128 2877 1219 2938 millia
1229 2873 1402 2951 Thracum,

357 2959 539 3044 praecedenti
563 2959 603 3020 ad
625 2960 815 3042 exploranda
833 2963 903 3025 loca
925 2984 1035 3045 agmen
1050 2962 1166 3026 Matini
1180 2959 1320 3024 Numida
1342 2963 1405 3023 oh-

358 3045 497 3108 eurrisse.
521 3045 758 3128 quadringentos
781 3049 898 3130 equites
920 3050 1011 3112 fuisse
1025 3048 1187 3129 Numidas,
1206 3069 1320 3134 paucos
1341 3047 1407 3110 ele·

357 3133 501 3215 phantos.
559 3129 689 3194 Mutinis
714 3134 809 3196 lilium
831 3157 886 3218 per
911 3137 1028 3199 medios
1052 3137 1155 3199 hostes
1179 3155 1250 3198 eum
1279 3145 1404 3197 oenmm

359 3219 580 3300 quinquaginta
605 3219 730 3306 delectis
763 3223 913 3303 equitibus
937 3224 1117 3307 perrupissc.
1147 3223 1291 3286 eumdem
1320 3241 1405 3301 mox,

359 3325 453 3387 quum
478 3305 545 3397 jam
576 3303 722 3387 Mutines,
756 3309 788 3369 in
818 3306 925 3372 Medio
959 3311 1130 3393 elephantis
1160 3309 1344 3386 conlocatis,
1372 3309 1405 3370 iu

359 3411 475 3455 cornua
494 3392 645 3473 equitibus
663 3393 830 3478 dispositis,
850 3415 974 3459 manum
994 3417 1064 3462 cum
1084 3398 1173 3460 hoste
1192 3395 1407 3474 conseruisset,

358 3489 506 3541 terrorem
527 3479 572 3540 ab.
588 3490 675 3561 tergo
697 3481 869 3563 praebuisse.
891 3494 983 3568 atque
1008 3482 1080 3548 inde
1104 3485 1244 3547 turbatos
1270 3483 1405 3565 equestri

357 3565 449 3640 velut,
456 3564 590 3646 procella
601 3565 704 3628 hostes
720 3567 760 3628 ad
771 3569 908 3650 peditum
923 3591 1033 3652 agmen
1047 3591 1110 3633 non
1125 3570 1301 3633 accessisse.
1344 3566 1405 3632 Cn.

357 3647 494 3714 Manlius
524 3672 577 3732 per
606 3649 825 3717 Macedoniam
860 3656 892 3718 in
920 3655 1110 3720 Thessaliam
1142 3657 1310 3720 exercitum
1340 3667 1406 3720 tre·

220 3736 234 3750 '¹
358 3736 458 3800 duxit.
479 3736 551 3798 inde
575 3758 630 3819 per
649 3737 777 3821 Epirum
790 3739 985 3825 Apolloniam
1003 3763 1096 3824 quum
1112 3743 1309 3826 pervenisset,
1323 3763 1404 3804 non-

357 3823 431 3971 punr
447 3824 524 3972 llll)
536 3824 836 3926 hibemo'contemto
852 3831 938 3911 mari,
951 3843 984 3894 ut
1001 3828 1142 3914 trajicere
1157 3830 1295 3910 auderet,
1305 3829 1407 3914 Apol-

371 3931 447 3974 onrae
484 3922 642 3975 rernavrt.

400 3993 501 4061 XLll.
525 3995 624 4082 Exitu
646 4019 742 4084 prope
765 4002 837 4067 anui
861 4000 909 4066 M.
926 3999 1066 4067 Valerius
1082 4003 1195 4108 ‘consid
1218 4023 1258 4067 ex
1282 4000 1408 4085 Liguri-

400 4192 423 4228 ⁴¹
438 4193 582 4258 Zerynths'm
598 4209 659 4258 quaen
679 4207 757 4248 meunt
776 4197 861 4261 insule]
896 4199 1049 4250 eidetnrhlne
1060 4201 1193 4268 ableganda,
1207 4217 1260 4266 qua
1268 4201 1337 4252 fache
1347 4217 1410 4268 tep-

359 4255 504 4332 ffirpnths'rua
519 4261 663 4326 reposuimus
682 4277 712 4310 ex
731 4263 803 4312 MSS.
815 4265 865 4312 Ge·
895 4266 953 4330 pleri
969 4279 1053 4332 potem
1067 4279 1091 4317 ct
1106 4269 1197 4317 videtur
1213 4271 1269 4326 huc,
1282 4269 1355 4318 inrito
1365 4269 1411 4316 la·-

357 4321 416 4370 lemi
435 4337 476 4386 pro
497 4323 639 4388 lerynthmn.
659 4327 720 4390 qnod
741 4331 866 4392 protomar
897 4331 941 4388 vio,
950 4333 989 4395 qui
1005 4333 1104 4382 libenter
1113 4347 1185 4395 genus
1200 4335 1245 4382 hoc
1257 4333 1409 4398 prorooehuli

359 4385 513 4436 comam
523 4390 642 4443 editiones.
677 4391 818 4460 Zerynthia·
829 4396 864 4443 A·
895 4399 1022 4462 supprimit,
1031 4400 1157 4463 irrepsisse.

357 4451 420 4516 pollo
440 4453 558 4502 dicebatur
574 4471 589 4505 a
604 4456 725 4523 Zeryntho
742 4473 818 4523 antro,
839 4473 865 4510 et
928 4463 975 4497 θ’
987 4463 1134 4528 οσψαςοκ]
1158 4464 1411 4528 Αιμωκάἱῆὲῑει
1532 4515 1533 4526 ,

358 4515 417 4570 urbe
432 4519 577 4584 momine.
617 4523 729 4575 ceruam
743 4539 787 4598 vop
802 4543 865 4592 quan
896 4527 927 4578 ob
936 4527 1057 4595 irs-quur
1067 4529 1159 4582 vallium
1170 4531 1319 4597 cdhanqua
