3080 5196
366 339 434 398 900
770 331 856 394 'rm
874 331 977 394 nvn

199 482 348 546 masse
371 487 547 554 Antiochus
571 495 603 550 et
624 486 762 552 omnium
786 486 929 570 primum,
951 487 1105 572 ‘predam
1129 488 1169 552 de
1189 486 1332 574 Philippo
1350 487 1418 555 llo·
1533 469 1535 546 i

200 553 341 620 ΝΜ·
371 576 559 640 ‘martorum
580 571 663 642 esse'
689 573 800 651 dicere,
823 573 1007 640 ‘victoriam
1029 572 1216 655 AEwtorun,
1243 575 1418 640 studitum
1533 547 1535 628 l

359 664 383 702 ·‘
398 664 430 728 in
444 661 593 726 Graeciam
609 660 756 728 Romanis
771 661 870 724 nullos
891 661 978 741 alios,
1003 681 1094 744 quam
1115 660 1250 741 AEtolos‚
1272 663 1415 741 dedisse3

369 750 430 814 ‘et
450 748 491 809 ad
515 747 697 812 vincendum
721 747 799 810 viras
819 747 944 812 eusdem
956 747 1137 830 prebuisse?
1159 749 1270 812 deinde
1284 760 1417 830 quantu

369 835 509 922 peditum
531 834 726 915 equitumque
750 833 854 916 copias
880 835 1032 918 praebitmi
1057 834 1213 899 Antiocho
1238 835 1279 898 ad
1302 836 1419 898 bellum

372 932 493 986 essem:
517 941 584 1001 qua
601 921 670 982 loca
683 920 875 997 terrestribus
894 923 1003 1004 copiis,
1025 941 1101 1002 quos
1124 935 1230 1004 portus
1245 922 1421 984 maritimis.

369 1005 452 1070 'l'um
468 1006 507 1068 de
522 1004 663 1088 Philippo
678 1019 710 1069 et
725 1003 847 1068 Nabide
872 1009 899 1046 ³⁸
914 1008 1010 1070 libero
1035 1008 1194 1072 mendacio
1213 1009 1420 1072 abutebatur-t

368 1093 383 1129 ⁴
396 1103 539 1176 paratum
552 1102 713 1192 utrumque
728 1092 770 1154 ad
785 1092 993 1194 rebellandum
1008 1114 1094 1156 asse:
1117 1106 1154 1156 et.
1163 1096 1293 1196 primam
1308 1115 1419 1178 quam-

367 1179 1338 1348 1ttttsuttrssttttst„turbessem
1354 1181 1441 1328 ii
1488 1211 1537 1274 '³

368 1353 469 1415 manis
484 1353 680 1416 concitabant
695 1352 817 1415 bellum.
841 1355 868 1393 ³⁹
880 1373 966 1434 reges
990 1363 1093 1416 tarnen
1109 1365 1238 1416 autnon
1253 1354 1344 1432 moti,
1365 1365 1423 1416 aut

368 1439 485 1502 tardius
500 1440 578 1502 moti
592 1451 674 1502 sunt.
976 1494 981 1502 ‚

412 1523 502 1588 XIII.
516 1523 613 1588 Nabis
627 1526 781 1609 extemplo
796 1525 880 1589 eirca
890 1546 996 1589 omnes
1010 1526 1092 1589 vicos
1102 1527 1272 1590 maritimos
1289 1527 1422 1605 dimisit,

319 1621 330 1640 ·
370 1612 412 1675 ad
427 1611 593 1676 seditiones
607 1613 639 1675 in
662 1613 698 1676 iis
718 1613 913 1678 miscendas:
945 1623 977 1674 et
999 1613 1076 1676 alios
1090 1614 1260 1696 principum
1275 1613 1419 1676 dochad

241 1695 251 1718 '
371 1720 459 1762 suam
474 1719 612 1762 caussam
628 1699 780 1781 perduxit,
791 1699 867 1762 alios
878 1698 1074 1782 pertinaciter
1089 1700 1120 1761 in
1136 1701 1283 1763 societate
1299 1699 1442 1762 Roma-¹
1536 1735 1538 1794 3

370 1784 1444 1956 &Atthist?'ttrltlttllttttllltthtltt·

369 1961 399 2000 ⁴⁰
408 1969 441 2020 et
454 1959 680 2041 adrtymnnum
698 1958 816 2040 legatos
831 1959 988 2036 miserunt,
1010 1959 1062 2040 qui
1078 1959 1277 2023 admonerent
1292 1961 1418 2022 loederis
1440 1979 1445 1988 ·

369 2064 441 2107 eum
463 2043 605 2122 Romani,
633 2045 921 2126 denunciarentque,
941 2067 980 2106 ne
1000 2066 1118 2127 pacem,
1144 2067 1235 2128 quam
1256 2057 1418 2129 tantopere

368 2131 507 2215 petisset,
521 2131 679 2193 turbaret:
702 2142 735 2194 et
748 2131 861 2197 auxilia
876 2132 917 2195 ad
931 2129 1088 2215 Gythium,
1114 2132 1197 2214 quod
1213 2131 1280 2214 jun
1297 2135 1419 2216 obpug-
1438 2155 1443 2164 ·

368 2218 500 2280 nabetur
529 2239 548 2278 a
572 2229 713 2300 tyranno,
739 2229 771 2281 et
796 2217 938 2296 Romam,
964 2219 1015 2299 qui
1031 2238 1068 2280 ea
1082 2219 1274 2298 nunciarent,
1298 2220 1441 2302 legatos·

367 2303 526 2368 miserunt.
578 2303 750 2371 Antiochus
775 2325 841 2383 rex,
862 2325 899 2369 ea
924 2305 1025 2370 hieme
1056 2303 1183 2388 Raphia
1212 2305 1243 2366 in
1271 2305 1418 2368 Phoenice

368 2386 534 2452 Ptolemaeo
547 2391 612 2471 regi
626 2388 754 2474 AEgypti
769 2391 834 2454 tilia
847 2391 879 2452 in
895 2392 1121 2456 matrimonium
1135 2391 1219 2470 data,
1241 2413 1336 2474 quum
1350 2393 1419 2455 An-
1538 2469 1539 2476 ἵ

369 2475 517 2537 tiochiam
532 2496 564 2536 se
579 2477 754 2557 recepisset,
776 2497 830 2559 per
854 2475 1004 2556 Ciliciam,
1024 2476 1127 2541 Tauro
1141 2488 1247 2542 monte
1261 2492 1418 2562 superato,

368 2569 506 2622 extremo
515 2559 583 2641 jam
597 2561 707 2624 hiemis
721 2561 876 2646 Ephesum
892 2565 1050 2648 pervenit:
1074 2565 1146 2627 inde
1161 2565 1313 2648 principio
1327 2567 1417 2644 ueris,

368 2644 526 2722 Antiocho
541 2645 604 2708 tilio
619 2647 713 2710 misso
728 2649 760 2710 in
778 2647 896 2732 Syriam
912 2651 951 2714 ad
966 2652 1138 2714 custodiam
1152 2651 1327 2714 tdtimanrm
1342 2673 1415 2735 par-
1439 2687 1444 2698 ·

370 2731 450 2793 tium
474 2732 570 2814 regni,
593 2753 632 2794 ne
656 2733 740 2815 quid,
763 2735 887 2800 absente
911 2759 955 2815 se,
977 2738 1016 2800 ab
1039 2749 1126 2820 tergo
1150 2749 1325 2817 moveretur,
1348 2740 1419 2820 ipse

372 2836 443 2880 curn
458 2819 597 2881 omnibus
612 2821 802 2890 terrestribus
816 2823 912 2905 copiis
928 2825 966 2888 ab
979 2823 1105 2902 Pisidas,
1115 2825 1167 2906 qui
1176 2825 1253 2888 circa
1263 2829 1287 2864 ⁴¹
1300 2822 1416 2886 Sidam

370 2901 526 2982 incolunt,-
549 2905 769 2988 obpugnandos
795 2919 843 2972 est
890 2911 1030 2974 rofectus.
1075 2909 1122 2972 Ec
1150 2923 1286 2994 tempore
1315 2911 1422 2992 legati

371 2987 505 3052 Romani
521 2989 554 3053 P.
569 2989 721 3074 Sulpicius
737 3004 792 3055 et!
816 2993 850 3058 P.
865 2931 984 3075 llillius,
999 2997 1050 3078 qui
1066 2998 1105 3059 ad
1119 2996 1308 3060 Antiochum
1327 2996 1424 3076 (sicut

346 3075 446 3139 'ante
473 3076 588 3139 dictum
614 3080 675 3160 est)
705 3080 789 3143 missi
804 3093 901 3161 erant,
921 3082 999 3165 jussi
1023 3084 1104 3164 prim
1132 3083 1298 3146 Eumenem
1323 3083 1417 3162 adire,

369 3160 485 3226 Eleum
510 3185 630 3244 venere,
657 3166 729 3228 inde
755 3165 976 3250 “Pergamum
994 3168 1048 3249 (ibi
1071 3171 1154 3251 regia
1174 3169 1322 3232 Ettmenis
1345 3169 1416 3249 fuit)

370 3249 602 3312 escenderunt*
646 3251 782 3335 Cupidus
806 3253 877 3316 belli
894 3255 1034 3318 adversus
1053 3254 1242 3319 Antiochum
1264 3255 1418 3318 Eumenes

370 3347 447 3413 erat,
461 3357 594 3416 gravem,
609 3337 634 3398 si
654 3360 717 3420 pax
732 3352 823 3418 esset,
841 3340 981 3402 adcolam
993 3353 1080 3404 tanto
1095 3345 1301 3425 potentiorem
1316 3361 1416 3424 regem

370 3419 515 3499 credens3
538 3423 691 3501 eumdem,
706 3425 732 3485 si
754 3437 871 3488 motum
887 3427 1000 3490 bellurn
1016 3439 1105 3504 esset,
1121 3448 1182 3489 non
1199 3429 1298 3510 magis
1313 3445 1415 3511 parem

370 3503 518 3578 Romanis
529 3507 604 3593 fore,
612 3527 703 3595 quam
713 3507 870 3597 Philippus
880 3511 1000 3578 fuisset:
1016 3526 1049 3580 ct
1057 3525 1111 3578 aut
1119 3514 1255 3579 funditus
1266 3516 1417 3580 sublatum
1436 3531 1441 3542 ⁴

504 3641 606 3700 tolet
618 3639 690 3700 Gran.
702 3637 771 3699 Creu.
1045 3644 1212 3693 'emmenum
1223 3641 1290 3692 Eced.

407 3763 540 3816 mittem
548 3765 659 3814 mendacio
668 3761 807 3827 abutebatur]
826 3763 881 3812 Sina
944 3761 968 3797 ⁴⁰
984 3759 1016 3810 Et
1028 3763 1058 3810 cd
1076 3770 1196 3824 tyronum
1208 3761 1290 3823 legatus
1299 3757 1418 3822 stimat}

376 3831 425 3882 ullo
435 3833 504 3881 modo
514 3833 541 3880 ad
552 3829 674 3878 utilitatem
685 3847 760 3878 mucce
770 3845 818 3877 aare
829 3839 881 3877 uta·
912 3825 963 3876 Hic
975 3827 1068 3874 uerbum
1079 3827 1185 3873 mitcmnt
1199 3839 1366 3888 superuacuum
1377 3835 1421 3880 eet.

375 3897 445 3946 hatur
462 3897 566 3946 libertate
583 3894 710 3944 mentiendi
728 3896 757 3943 de
775 3893 882 3958 Philippa
913 3904 938 3941 et
949 3894 1027 3940 odiose
1037 3891 1186 3946 inculcatum,
1200 3906 1272 3954 quum
1290 3889 1419 3954 reperiatur

377 3971 404 4012 et
414 3962 504 4011 Nabide
516 3961 653 4009 &sentibus
671 3959 751 4007 Quum
760 3957 880 4024 Philippus
913 3956 974 4006 idem
985 3957 1008 4004 in
1020 3957 1064 4006 fine
1074 3955 1144 4004 totius
1154 3955 1247 4018 periodi.

377 4024 881 4081 chsttsabessentDtcesrehmltbsnts
946 4023 966 4059 ⁴¹
984 4022 1070 4084 Sidam]
1096 4022 1182 4086 Scripsi
1203 4032 1229 4069 ct
1253 4031 1345 4069 retum
1364 4018 1421 4068 stat

375 4091 406 4140 ils
417 4093 509 4142 mentiri
525 4101 630 4154 pomus:
647 4101 672 4136 et
683 4089 741 4151 quod
752 4099 850 4152 poterat,
859 4089 882 4136 id
913 4087 993 4137 Sam.
1027 4086 1133 4137 Censuit
1145 4085 1280 4136 Glareanus.
1433 4117 1438 4128 .

375 4151 475 4208 lie'enter
490 4157 591 4213 omniuo,
601 4155 727 4204 micus
742 4169 818 4202 cauae
828 4169 884 4214 tute,
944 4153 969 4188 ⁴0
1000 4149 1330 4217 Pergamenorum}
1364 4148 1421 4198 lice

375 4221 483 4271 iaeisbat.
915 4217 1007 4266 Galenii
1028 4229 1071 4266 est.
1108 4217 1159 4266 «lae.
1182 4216 1323 4273 Gronovius,
1349 4229 1423 4278 quana

411 4285 435 4321 ³⁰
450 4285 466 4314 ⁰
483 4283 644 4351 Repetam]
659 4285 698 4333 Ex
714 4284 802 4332 duobus
822 4283 883 4344 regi-
914 4283 993 4346 scripti
1014 4293 1040 4330 ct
1060 4282 1119 4330 editi
1136 4281 1235 4330 habunt
1259 4281 1431 4336 mnne,

377 4348 422 4397 ltus
432 4349 499 4405 ulter,
512 4365 596 4415 temps
608 4349 736 4414 Philippus,
752 4364 799 4398 non
810 4361 885 4396 motus
917 4347 1024 4395 emendat
1044 4347 1093 4405 hic,
1107 4359 1134 4395 ut
1149 4349 1198 4413 J'am
1218 4357 1273 4396 ants
1290 4345 1428 4411 cucumin,

377 4423 435 4462 aste
459 4413 526 4474 dier,
544 4414 682 4476 Aodcchus,
706 4414 792 4465 tardius
810 4424 886 4465 ructus
917 4413 1065 4464 mount.
1102 4447 1104 4454 -
