3100 5194
489 427 566 489 ura.
579 427 695 518 xxm.
715 429 797 490 cae.
806 430 842 488 1..
1151 439 1190 493 45

130 585 152 637 ·‘
167 585 263 666 nique
274 584 430 667 triumpho
444 584 605 663 adessent3
629 589 655 626 ⁸⁰
666 598 701 649 ut
710 587 820 649 veritas
832 607 930 648 rerum
946 597 1101 668 gestarum
1116 587 1191 669 ejus,
1205 599 1237 648 ῦ.
1249 589 1347 652 clusa.

140 673 151 706 ‘
168 671 343 734 enitantus
358 673 456 734 honos
468 672 640 750 haberetur,
656 673 777 755 publice
791 673 951 734 videretur.
994 671 1130 755 Ecquem
1152 697 1191 738 ex
1204 666 1235 714 Α·
1246 665 1276 714 ⁰·
1286 669 1343 715 ⁹⁰⁰·

140 758 153 790 ‘
168 780 207 820 eo
219 759 365 836 exerciti,
375 759 426 840 qui
439 779 508 820 eum
518 756 615 820 Gallis
627 761 815 840 pugnaverit,
830 760 855 821 ai
868 781 929 822 non
939 760 1080 838 militem,
1093 761 1189 824 lixam

138 845 277 907 ‘saltem
302 845 405 923 fuisse,
427 865 516 926 quem
537 847 727 928 percunctari
750 859 853 930 posset
874 859 1009 924 senatus,
1031 846 1105 928 qnid
1128 849 1189 914 veri

139 931 153 964 ‘
169 944 283 1013 praetor
297 932 403 994 vanive
412 930 565 994 reserretl'
589 930 731 996 Comitiis
746 933 857 995 deinde
867 933 947 996 diem
959 933 1098 996 edixit⁸2
1122 935 1189 1015 qui·
1203 956 1310 1006 Comitis.

141 1017 199 1078 bus
223 1019 319 1079 creati
345 1029 417 1080 sunt
440 1018 577 1080 consules
607 1016 642 1080 L.
662 1017 822 1080 Cornelius
844 1017 999 1098 Lentulus,
1026 1017 1059 1081 P.
1079 1017 1189 1083 Villius

139 1101 311 1185 Tappulus.
337 1102 481 1167 Praetores
490 1103 636 1166 indefacti
647 1102 682 1165 L.
693 1105 853 1174 Quinctius
865 1105 1064 1184 Flamininus,
1079 1105 1114 1168 L.
1124 1105 1188 1168 Va-

142 1190 236 1251 lerius
251 1189 390 1268 Flaccus,
406 1188 444 1251 L.
457 1188 567 1252 Villius
578 1188 747 1274 Tappulus,
763 1189 820 1253 Cn.
835 1189 953 1254 Baebius
967 1190 1158 1275 Tamphilus.

185 1274 224 1337 L.
250 1277 384 1338 Annona
407 1297 527 1359 quoqne
551 1299 588 1339 eo
613 1299 693 1339 anno
717 1277 837 1359 pervilis
864 1277 932 1338 luit.
959 1278 1102 1340 frumenti
1125 1281 1187 1342 vim
1201 1295 1342 1347 vuiserna-

142 1383 287 1444 magnam
314 1385 354 1425 ex
377 1362 484 1425 Africa
509 1364 665 1426 advectam
696 1363 796 1424 aediles
826 1364 944 1424 curules
972 1362 1017 1424 M.
1042 1363 1240 1428 Claudiusu·

141 1447 309 1511 Marcellus
324 1461 356 1511 et
371 1447 442 1511 Sex.
458 1447 556 1511 AElius
568 1449 665 1511 Paetus
681 1451 704 1487 ³¹
717 1449 796 1510 binis
811 1449 875 1511 aris
891 1450 922 1510 in
937 1450 1057 1512 modios
1073 1451 1188 1533 populo

142 1535 327 1597 diviserunt:
359 1548 391 1598 et
417 1536 511 1597 ludos.
533 1535 689 1597 Romanos
713 1556 827 1617 magno
853 1535 1003 1617 adparatu
1027 1535 1185 1599 fecerunt:

142 1621 225 1682 diem
240 1643 334 1683 unum
349 1620 573 1684 instaurarunt:
596 1623 684 1704 sigua
697 1642 781 1682 aenea
796 1621 928 1702 quinque
952 1642 991 1683 ex
1016 1621 1187 1684 multaticio

143 1719 273 1788 argento
299 1708 331 1768 in
352 1709 456 1770 aerario
478 1720 652 1791 posuemut.
697 1707 809 1769 Plebeii
824 1707 886 1769 ludi
910 1707 1097 1770 ab.aedilibns
1113 1710 1139 1747 ⁸²
1149 1708 1185 1771 L.

141 1791 291 1856 Terentio
307 1792 502 1858 lllassiliotab
527 1805 559 1857 et
574 1793 633 1856 Cn.
651 1792 755 1856 Baebio
768 1791 945 1876 Tamphilo,
970 1813 1060 1875 quem
1076 1806 1185 1876 praeto·

144 1900 209 1940 rem
226 1881 469 1962 designaverant,
496 1893 541 1942 ter
564 1881 623 1943 toti
648 1881 816 1942 instaurati.
860 1879 902 1942 Iit
917 1880 979 1941 ludi
995 1880 1135 1942 funebres
1150 1902 1187 1942 eo
1199 1907 1306 1968 Luttia
1323 1912 1327 1920 ,

143 1987 227 2028 arrno
254 1987 308 2050 per
337 1967 531 2048 quatriduum
561 1967 592 2027 in
623 1966 702 2044 loro,
728 1967 836 2028 mortis
862 1965 909 2026 M.
929 1964 1044 2027 Valerii
1074 1965 1185 2028 Laevini
1200 1972 1331 2049 suturas.

142 2073 264 2132 caussa,
291 2074 310 2114 a
333 2053 366 2115 P.
386 2069 417 2116 et
437 2052 483 2114 M.
494 2053 562 2115 liliis
586 2051 650 2136 ejus
672 2053 768 2114 lacti:
796 2065 827 2114 et
847 2073 957 2114 munus
971 2052 1186 2134 gladiatorium
1200 2037 1316 2150 {5¹32ss

143 2139 252 2200 datum
277 2141 316 2201 ab
340 2141 387 2202 iis.
402 2141 488 2220 paria
510 2141 643 2221 quinque
666 2155 698 2200 et
713 2139 820 2220 viginti
836 2151 1020 2221 pugnarunt.
1064 2137 1110 2200 M.
1122 2139 1186 2200 Au·
1316 2135 1323 2150 ⁸

143 2225 237 2287 relius
259 2225 363 2304 Cotta,
395 2226 545 2288 decemvir
574 2247 740 2304 sacrorum,
771 2235 918 2288 mortuus.
942 2225 973 2285 in
997 2223 1060 2305 ejus
1085 2225 1186 2287 locum

143 2309 192 2373 M.
223 2311 340 2374 Acilius
370 2311 496 2375 Glabrio
538 2311 700 2374 sublectae.
759 2309 900 2372 Comitiis
933 2310 1035 2372 ediles
1069 2312 1187 2372 curules

144 2399 240 2460 creati
264 2411 334 2462 sunt
360 2399 439 2462 forte
459 2399 559 2476 ambo,
587 2399 637 2481 qui
661 2400 686 2436 ⁸⁸
699 2397 802 2458 statim
817 2394 957 2478 occipere
972 2397 1187 2476 magistratum

143 2505 209 2546 nou
238 2497 373 2567 possent.
402 2507 473 2546 nam
500 2484 536 2547 C.
559 2483 718 2546 Conrelius
749 2481 904 2563 Cethegus
933 2483 1040 2544 absens
1070 2493 1187 2544 creatus

146 2582 222 2650 erat,
245 2591 340 2652 quum
355 2570 537 2654 Hispaniam
560 2571 711 2632 obtineret
730 2571 937 2652 provinciam3
961 2571 986 2608 ⁸⁴
999 2567 1036 2629 C.
1049 2565 1188 2631 Valerius

143 2655 284 2737 Flaccus,
307 2679 396 2739 quem
419 2667 595 2740 presentem
612 2666 788 2718 creaverant
798 2665 821 2734 ⁶,
841 2657 867 2695 ⁸⁵
878 2656 949 2738 quia
964 2654 1074 2716 flamen
1090 2653 1188 2718 Dialis

143 2755 219 2822 erat,
235 2744 340 2826 jurare
361 2745 393 2805 in
418 2745 500 2825 leges
526 2765 588 2806 non
616 2753 754 2826 poterat:
778 2742 989 2824 magistratum
1006 2751 1109 2802 autem
1120 2741 1188 2824 plus

144 2832 278 2912 quinque
294 2832 369 2909 dies,
393 2831 450 2892 nisi
475 2829 525 2912 qui
552 2828 685 2910 jurasset
700 2830 731 2889 in
747 2828 840 2909 leges,
863 2848 923 2889 non
941 2827 1053 2890 licebat
1068 2849 1186 2909 gerere.

144 2915 275 2979 Petente
291 2916 414 2996 Flacco,
440 2928 479 2979 ut'
500 2917 617 2998 legibus
632 2915 806 2992 solveretur,
830 2928 956 2990 senatus
978 2913 1121 2992 decrevit,
1143 2925 1189 2992 ut,

142 3004 171 3064 si
186 3004 294 3083 aedilis,
317 3006 368 3085 qui
384 3025 439 3086 pro
460 3025 493 3065 se
511 3001 640 3084 juraret,
663 3001 811 3064 arbitratu
824 3001 982 3063 consuliun
997 3001 1095 3079 daret,
1113 3021 1189 3062 con-

143 3089 236 3167 sules,
262 3091 288 3151 si
315 3091 359 3152 cis
382 3090 543 3167 videretur,
566 3110 636 3150 cum
659 3088 787 3150 tribunis
813 3088 910 3170 plebis
930 3097 1068 3169 agerent,
1089 3087 1134 3149 uti
1150 3087 1191 3148 ad

143 3176 270 3258 plebem
291 3175 412 3238 ferrent.
456 3175 564 3255 Datus,
589 3175 640 3257 qui
663 3174 779 3256 juraret
799 3196 855 3256 pro
874 3174 978 3251 fratre,
1002 3170 1038 3234 L.
1050 3171 1190 3234 Valerius

144 3260 288 3339 Flaccus,
321 3275 428 3344 prator
466 3263 653 3344 designatus.
685 3260 797 3322 tribuni
822 3261 862 3321 ad
891 3260 1012 3340 plebem
1043 3259 1189 3336 tulerunt,

144 3347 314 3429 plebesque
335 3349 431 3425 scivit,
458 3360 493 3411 ut
516 3347 641 3430 perinde
657 3357 745 3422 esset,
771 3366 806 3406 ac
822 3346 848 3404 si
862 3346 927 3426 ipse
942 3344 1037 3405 aedilis
1047 3341 1190 3424 jurasset.

143 3431 188 3496 Et
204 3433 243 3496 de
259 3434 354 3496 altero
368 3435 454 3497 aedile
469 3435 579 3496 scitum
596 3432 693 3516 plebis
717 3443 764 3494 est
786 3430 913 3509 factum,
939 3429 1118 3511 rogantibus
1133 3431 1189 3494 tri-

240 3632 253 3658 ·
268 3627 348 3676 indicit
358 3625 432 3676 Grau.
444 3624 512 3674 Cres.
610 3621 713 3672 blilasso
726 3622 790 3670 aaa.
889 3620 1092 3672 eerearantlissd.

175 3779 200 3814 ⁸⁰
224 3779 256 3829 Ut
277 3783 361 3830 ueritas
381 3797 456 3830 rerum
475 3783 643 3846 gessissem...
682 3780 763 3835 edunt,
780 3793 863 3843 nempe
882 3776 1016 3826 Massaliota.
1049 3777 1110 3825 Vide
1131 3776 1191 3826 inira

139 3845 229 3907 publicu
246 3845 368 3907 uideretur]
399 3847 451 3895 lloo
469 3864 484 3896 s
500 3845 592 3907 sigonio
607 3855 652 3903 est,
681 3844 946 3892 l.xxxtrrr.c.l2.et
963 3842 1191 3907 1.xs.c.35.1³ig·

141 3925 189 3958 neo
199 3925 254 3958 saue
263 3910 322 3973 sepit
331 3911 450 3959 Livianam
462 3926 565 3961 manum.
588 3909 651 3956 Olim
681 3909 735 3956 hius
746 3907 770 3954 io
782 3907 867 3956 Annei.
877 3921 968 3972 semper
976 3905 1055 3954 scribit
1067 3905 1148 3954 Massa

140 3974 262 4036 legebatur
275 3975 340 4023 nullo
353 3991 439 4026 sensu:
463 3985 490 4025 ut
506 3977 599 4023 uirtutes
616 3991 650 4022 ss·
715 3971 737 4004 ω
760 3971 839 4046 Stqtinr
865 3971 980 4049 ocanni
1006 3969 1077 4018 l’roba
1103 3970 1191 4031 sigonii

139 4049 332 4174 ffiffilill
345 4041 652 4164 ·.·a.t':²'“.t.l.t‘ttt
683 4035 1047 4160 ‘mi⁰⁶iff¹⁰inllll¹“lil'.‘.l;]
1082 4099 1122 4148 a.
1144 4101 1189 4151 s..

139 4169 202 4227 aias,
215 4170 284 4218 uerba
304 4184 352 4218 noo
374 4170 428 4220 estis
447 4171 543 4222 feliciter
559 4168 651 4217 rearitu-
684 4167 767 4216 i'lseco
777 4164 823 4225 egis
835 4165 921 4221 Livius,
929 4162 946 4209 l.
960 4176 1044 4213 xxvrr.
1057 4181 1077 4213 e.
1090 4167 1112 4212 8.

141 4233 184 4281 ine
591 4253 595 4262 ·
714 4232 736 4267 ⁸⁵
754 4231 814 4284 Quia
827 4229 914 4290 flamen
936 4226 1010 4276 Dialis
1034 4239 1089 4288 ml,
1114 4231 1190 4280 iurare

172 4269 194 4332 ⁸l
213 4297 278 4348 Binis
294 4301 343 4348 eris
358 4301 382 4348 in
400 4299 491 4364 modios]
506 4299 595 4347 Octava
609 4297 652 4347 de-
683 4301 709 4346 in
728 4298 784 4361 legor
805 4311 848 4342 soa
867 4291 964 4370 poterqt]
989 4291 1073 4372 'iurare
1095 4296 1190 4345 Dialem

138 4363 197 4410 narii
208 4375 283 4442 pqrte,
302 4378 544 4428 quaeratgrsoomm
561 4364 650 4425 argenti
681 4365 715 4411 sss
726 4376 851 4472 numqquir
869 4359 1190 4475 qq,quqprqiptogelelqunsfiils.

137 4431 364 4542 ”willhielmus
386 4493 471 4557 Maera]
501 4493 608 4556 Sigonius
626 4505 650 4541 et
683 4429 961 4556 dirlqdiiienbtoribua
982 4459 1124 4539 memoriise
1143 4489 1188 4540 fle·

137 4553 254 4612 Gelenius
269 4573 396 4622 eogoomea
410 4558 480 4628 hujus
496 4560 568 4610 sedilis
584 4559 652 4610 aliter
684 4557 740 4609 mini
750 4555 815 4607 Diali
824 4556 936 4623 inpositae
945 4567 1102 4608 recensemur.
