3068 5186
410 280 893 344 L1u.xxxv11.csr.xxx1.
1085 293 1089 306 ·
1125 285 1187 340 :0⁵

137 437 197 502 tim
224 437 383 502 dolonibus
409 438 454 520 (et
475 451 542 503 erat
562 439 710 502 secundus
736 439 910 522 petentibus
933 433 1087 520 Ephesum
1107 455 1181 496 ven·
1196 429 1229 478 U·
1241 429 1335 480 0⁵⁶²·

138 523 202 605 tus)
232 536 393 608 capessunt
418 527 532 608 sugam,
565 527 767 608 quadraginta
794 526 909 588 duabus
934 524 1058 586 navibus
1087 523 1118 582 in
1146 497 1226 582 eaA'
1239 495 1267 543 θ’
1280 493 1333 544 ¹⁹⁰⁸

136 633 244 696 pugna
257 613 394 690 amissis3
418 633 544 696 quarum
560 613 665 676 decem
681 624 713 674 et
735 625 796 675 tres
820 623 918 694 captae
944 611 975 672 in
998 620 1182 694 potestatem

139 699 275 761 hostium
293 711 448 778 venerunt,
470 713 576 762 ceterae
600 701 728 762 incensae
754 712 808 761 aut
831 698 983 760 demersa.
1027 695 1184 758 Romano·

138 807 209 848 rum
232 786 297 848 dure
318 807 409 848 naves
429 785 531 848 fracta
545 797 628 864 sunt,
642 785 803 848 vulnerata
818 785 943 866 aliquot.
987 779 1111 845 Rhodia
1124 802 1185 850 una

138 883 233 956 capta
258 873 446 935 memorabili
469 894 551 935 casu.
572 893 656 950 rram,
679 892 770 953 quum
798 882 895 934 rostro
917 869 1113 954 percussisset
1135 865 1184 928 Si-

141 957 267 1022 doniam
292 981 409 1038 navem,
436 981 557 1038 ancora,
584 960 646 1021 ictu
671 959 736 1042 ipso
757 977 914 1020 excussae
929 978 1005 1018 nave
1020 975 1084 1032 sua,
1106 975 1185 1016 unco

140 1045 244 1124 dente,
267 1047 349 1108 velut
369 1066 463 1109 manu
485 1043 583 1109 ferrea
597 1043 721 1128 injecta,
743 1044 888 1126 adligavit
903 1042 1025 1106 alterius
1042 1061 1183 1124 proram:

138 1131 213 1194 inde
223 1133 355 1196 tumultu
367 1131 492 1214 injecto,
504 1135 530 1172 ⁹²
543 1153 646 1214 quum,
662 1131 803 1194 divellere
818 1152 850 1192 se
866 1131 903 1191 ab
919 1130 1007 1190 hoste
1019 1127 1186 1210 cupientes,

139 1219 316 1282 inhiberent
331 1218 456 1298 Rhodii,
478 1231 608 1282 tractum
629 1219 770 1280 ancorale
786 1229 817 1278 et
831 1216 1002 1299 inplicitum
1025 1213 1124 1290 remis,
1141 1213 1187 1274 la-

139 1316 192 1367 tus
207 1307 334 1369 alterum
351 1306 494 1368 detersit:
519 1304 732 1368 debilitatamq
752 1325 790 1365 ea
804 1303 879 1386 ipsa,
895 1321 960 1383 quae
974 1301 1037 1362 icta
1053 1299 1185 1360 cohaese-

85 1405 88 1412 ’
139 1403 201 1472 rat,
223 1393 322 1456 navim
338 1393 429 1476 cepit.
473 1390 542 1456 Hoc
558 1390 690 1454 maxime
705 1387 798 1452 modo
813 1390 853 1452 ad
869 1386 1072 1472 Myonnesum
1087 1384 1185 1446 navali

138 1479 251 1560 proelio
266 1491 432 1562 pugnatum
448 1491 503 1542 est.

186 1565 305 1629 XXXl.
333 1567 402 1638 Quo
420 1569 551 1632 territus
570 1566 751 1648 Antiochus,
765 1565 857 1650 quia,
883 1561 1072 1651 possessione
1092 1557 1184 1624 maris
1198 1577 1328 1658 Animas.

113 1697 127 1724 ,
141 1653 259 1736 pulsus,
292 1654 458 1737 longinqua
483 1656 560 1718 tueri
585 1655 742 1718 diffidebat
765 1678 797 1717 se
821 1675 920 1739 posse,
949 1650 1120 1736 presidium
1146 1648 1184 1710 ab
1199 1644 1340 1721 tyanaeus·

141 1737 349 1824 Lysimachia,
364 1762 403 1804 ue
419 1742 637 1823 obprimcrctur
657 1743 698 1804 ibi
721 1743 759 1804 ab
779 1741 935 1819 Romanis,
957 1737 1066 1802 deduci
1081 1757 1185 1818 pravo,
1198 1728 1235 1761 ²¹²¹
1246 1713 1353 1760 dm*

140 1837 179 1889 ut
195 1849 242 1889 res
257 1827 322 1909 ipsa
337 1837 444 1910 postea
459 1829 574 1907 docuit,
593 1828 719 1890 consilio
729 1827 831 1911 jussit.
847 1848 909 1888 non
930 1825 1012 1888 enim
1034 1822 1111 1885 tueri
1136 1844 1186 1883 so·

142 1913 210 1976 lum
233 1911 457 1998 Lysimachiam
481 1936 501 1976 a
522 1915 622 1998 primo
645 1914 752 1997 inpetu
773 1913 979 1976 Romanorum
994 1909 1083 1972 facile
1099 1920 1187 1971 erat:

143 1999 202 2062 sed
217 1999 408 2062 obsidionem
424 2001 518 2064 etiam
533 2023 586 2084 per
607 2013 704 2062 totam
729 2001 862 2062 hiemem
886 1999 1026 2074 tolerare,
1053 2007 1084 2057 et
1105 1994 1191 2056 obsi-

143 2085 252 2148 dentes
278 2107 397 2170 quoque
421 2087 462 2150 ad
491 2087 629 2148 ultimam
657 2088 792 2170 inopiam
821 2085 971 2148 adducere
1000 2080 1195 2144 extrahendo

142 2181 278 2256 tempus,
294 2184 326 2234 et
346 2173 468 2236 interim
487 2194 572 2256 spem
589 2174 673 2255 pacis
688 2193 741 2254 per
755 2173 930 2234 occasiones
946 2181 1076 2234 tentare.
1122 2164 1199 2227 Nec·

140 2255 370 2342 Lysimachiam
397 2271 516 2336 tantun
536 2259 674 2322 hostibus
693 2258 820 2320 tradidit
839 2269 909 2341 post
925 2257 1081 2318 adversam
1097 2273 1201 2314 nava--

140 2343 206 2408 lem
223 2366 369 2428 pugnam,
391 2346 444 2407 sed
470 2347 563 2408 etiam
588 2343 774 2428 Colophouis
798 2345 956 2408 obsidione
981 2340 1135 2416 abscessit,
1159 2347 1191 2398 et

139 2427 261 2493 Sardes
276 2431 391 2514 recepit
405 2453 458 2492 se:
493 2443 583 2514 atque
608 2432 679 2493 inde
699 2431 731 2492 iu
752 2431 977 2514 Cappadociam
1003 2427 1043 2490 ad
1063 2425 1190 2490 Ariara-
1236 2443 1242 2458 ·

140 2515 232 2593 then,
254 2519 306 2600 qui
322 2517 434 2580 auxilia
448 2529 644 2596 arcesserent,
667 2529 699 2579 et
714 2538 903 2598 quocumque
919 2517 979 2580 alio
1006 2526 1128 2599 poterat
1150 2509 1191 2574 ad
1203 2541 1285 2608 eff„
1299 2557 1355 2594 em,

141 2603 251 2686 copias
266 2603 500 2682 contrahendas,
522 2604 553 2665 in
569 2625 662 2666 unum
684 2603 750 2686 jam
774 2605 946 2683 consilium,
960 2615 995 2666 ut
1018 2603 1083 2664 acie
1099 2600 1189 2663 dinti-
1202 2609 1281 2661 urhis

139 2699 239 2768 caret,
264 2689 409 2767 intentus,
439 2690 530 2751 misit.
582 2687 718 2772 Regillus
748 2687 903 2769 AEmilius,
930 2703 1001 2773 post
1025 2689 1187 2752 victoriam
1340 2683 1344 2690 ’

141 2775 284 2838 navalem
300 2775 450 2857 profectus
469 2774 634 2858 Ephesum,
658 2776 781 2850 directis
805 2790 876 2839 ante
902 2789 1025 2860 portum
1050 2776 1189 2853 navibus,

42 2905 46 2914 .
144 2882 239 2942 quum
251 2861 471 2927 confessionem
482 2863 618 2924 concessi
634 2864 726 2924 maris
738 2863 877 2926 ultimam
887 2864 970 2926 hosti
982 2863 1189 2945 expressisset,

144 2947 344 3029 Chiumque
359 2960 429 3010 ante
444 2947 549 3010 navale
564 2949 704 3031 proelium
727 2969 847 3012 cursum
863 2971 882 3012 a
897 2947 990 3012 Samo
1006 2949 1190 3026 intenderat,

142 3035 278 3114 navigat.
305 3034 346 3096 ibi
372 3055 463 3096 naves
488 3037 520 3098 in
544 3035 651 3116 proelio
678 3048 834 3116 quassatas
859 3057 950 3116 quum
967 3034 1129 3113 refecisset,
1151 3032 1191 3097 L.

142 3117 306 3182 AEmilium
332 3117 478 3184 Scaurum
502 3140 572 3182 cum
598 3121 725 3202 triginta
751 3121 880 3198 navibus
898 3118 1130 3202 Hellespontum
1148 3119 1201 3183 ad·

142 3206 312 3269 exercitum
328 3205 539 3288 trajiciendum
556 3206 657 3268 misit:
681 3207 827 3285 Rhodias,
845 3220 930 3288 parte
949 3207 1055 3290 praedae
1069 3218 1101 3268 et
1116 3226 1198 3287 spo--

143 3291 195 3352 liis
210 3293 365 3354 navalibus
381 3293 550 3368 decoratas,
572 3293 696 3354 domum
712 3293 810 3355 redire
820 3293 920 3375 jubet.
943 3279 1056 3355 Rhodii
1072 3293 1196 3376 inpigre

142 3381 173 3418 ⁹³
185 3391 370 3462 prevertere,
386 3379 426 3440 ad
440 3377 692 3460 trajiciendasque
708 3381 811 3462 copias
829 3381 958 3444 consulis
978 3381 1061 3442 iere:
1084 3389 1188 3460 atque,

141 3485 182 3525 eo
199 3485 318 3547 quoque
333 3465 430 3528 suncti
445 3467 556 3543 officio,
571 3479 637 3528 tum
653 3466 775 3528 demum
792 3466 935 3530 Rhodum
950 3467 1076 3536 rediere.
1100 3464 1185 3529 Clas·

141 3549 186 3612 sis
201 3549 342 3614 Romana
356 3552 395 3612 ab
411 3551 490 3614 Chio
505 3550 664 3614 Phocaam
679 3552 811 3635 trajecit.
827 3555 858 3614 in
873 3555 1053 3617 sinuamaris
1076 3555 1186 3616 intimo
1200 3579 1303 3632 Plana
1313 3579 1351 3628 g..

138 3638 246 3720 posita
260 3639 323 3700 haec
336 3639 409 3718 prbs
424 3650 480 3716 est,
497 3639 629 3721 oblonga
648 3639 753 3701 forma.
780 3641 872 3704 dulim
895 3641 1023 3718 millium
1046 3652 1077 3703 et
1097 3641 1186 3722 quin·
1198 3658 1243 3697 tra.

102 3785 109 3796 ,
140 3736 305 3804 gentorum
319 3745 461 3807 passuum
482 3726 614 3807 spatium
635 3747 736 3789 murus
757 3727 971 3810 amplectitur:
996 3734 1060 3789 co'r't
1076 3726 1187 3790 deinde

142 3829 186 3870 ex
201 3821 326 3892 utraque
341 3823 428 3894 parte
443 3811 475 3872 in
490 3812 633 3874 artiorem
649 3813 731 3874 velut
751 3834 892 3892 cuneum,
908 3817 933 3854 ⁹⁴
947 3812 1113 3896 Lamptera
1127 3813 1185 3894 ipsi

24 3898 30 3908 “
141 3895 310 3980 adpellant.
335 3897 418 3959 mille
444 3909 476 3960 et
499 3899 646 3962 ducentos
666 3921 771 3983 passus
787 3900 827 3962 ibi
844 3900 972 3962 latitudo
986 3910 1090 3984 patet:
1115 3899 1186 3962 inde

473 4042 477 4052 .
529 4016 573 4056 ret
584 4007 720 4056 debilitatam
731 4009 800 4058 Crev.

170 4095 193 4132 Β
202 4094 286 4150 Quum
295 4131 301 4146 .
340 4095 460 4145 inhibeant
467 4095 559 4161 Rhodis]
570 4097 649 4145 Ouum
714 4099 736 4135 ω
752 4099 767 4127 '
784 4095 926 4166 Proserters]
943 4099 1073 4162 Antequam
1084 4098 1186 4146 redirent

142 4159 231 4210 Rhodii
248 4174 311 4211 retro
333 4171 426 4222 agerent
444 4177 534 4219 navem,
551 4175 650 4212 tractum
681 4165 784 4221 domurn,
801 4164 862 4212 aliud
873 4165 916 4211 sibi
928 4165 1118 4228 praevertendum,
1137 4163 1186 4211 sive

143 4227 261 4283 ancorale:
276 4227 428 4282 idest.l'unis
441 4229 479 4276 cui
498 4229 651 4284 ancoraclli·
683 4231 746 4294 prius
777 4229 906 4278 faciendum
934 4246 983 4279 erse
1013 4231 1137 4288 duxerunt,
1162 4227 1186 4276 id

141 4303 211 4356 gutur
221 4302 356 4358 protractus,
367 4303 391 4340 et
402 4307 484 4358 magna
494 4303 560 4356 pecte
571 4294 650 4342 erolu·
683 4309 767 4360 nempe
779 4296 838 4360 quod
849 4310 901 4345 mox
912 4307 1024 4348 narratur.
1175 4333 1181 4340 .

141 4371 183 4407 tus
195 4371 352 4424 extraherem
363 4359 388 4408 in
401 4375 472 4420 mne,
489 4360 557 4410 uultu
574 4359 652 4410 lateris
716 4362 738 4398 ⁹⁴
753 4360 881 4423 Lamptera]
901 4360 939 4409 Sic
958 4361 1080 4426 appellatus
1090 4374 1141 4407 :sse
1152 4359 1187 4406 vi·
1210 4373 1214 4392 ¹

141 4425 336 4475 remordeterslt.
411 4431 413 4434 '
684 4429 752 4478 detur
770 4427 807 4477 hic
825 4425 964 4492 locus,'qui:
980 4427 1011 4476 ibi
1028 4425 1111 4491 pharus
1127 4435 1186 4484 snt,
