3100 5194
411 423 619 488 nra.xxxr.
640 421 722 486 aar.
744 424 891 486 xxxix.
1025 449 1028 457 ,
1121 405 1175 482 'ds

122 595 174 648 toa
205 585 310 664 domo,
332 583 399 666 jam
424 586 457 647 in
481 579 699 646 Macedoniam
727 579 960 645 transcendisse.
1009 578 1125 650 Quibus
1149 578 1326 661 simam,

122 671 262 753 undique
282 673 502 734 circumventus
522 671 617 753 copiis
635 670 725 749 foret,
748 670 903 732 sedentem
927 665 1101 729 Romanum
1120 665 1173 726 dc-
1186 662 1218 716 Α·
1226 667 1255 716 C·
1266 671 1322 718 20⁰.

123 758 322 838 bellaturum,
335 759 417 820 credi
442 769 572 841 poterat.
617 755 735 838 itaque,
750 755 915 818 secundum
935 753 1010 814 duas
1034 754 1173 814 mucram

124 857 283 928 equestres
308 865 437 928 pugnas,
461 844 558 906 multo
578 844 678 904 minus
696 853 793 906 tutam
809 861 925 902 moram
940 841 974 901 in
987 840 1095 901 iisdem
1110 849 1172 900 sta-

124 933 197 996 tiuis
213 932 279 994 iore
296 931 450 1015 Philippus
467 941 559 1008 ratus,
575 950 668 1012 quum
690 930 773 991 abire
795 927 867 989 inde
887 937 920 988 et
941 926 1046 987 fallere
1068 926 1172 986 abiens
1185 955 1305 1020 mum,

124 1021 251 1082 bostem
264 1019 367 1096 vellet,
382 1023 409 1056 ⁴³
419 1017 618 1079 caduceatore
633 1018 689 1077 sub
705 1034 847 1077 occasum
869 1013 941 1074 solis
957 1012 997 1074 ad
1017 1012 1171 1074 consulem
1185 1021 1281 1072 recedit.

125 1105 233 1184 adeso,
258 1105 309 1188 qui
332 1105 470 1166 inducias
486 1104 527 1166 ad
551 1103 741 1184 sepeliendos
765 1101 881 1180 equites
903 1109 1032 1182 peteret,
1047 1099 1172 1162 frustra·

125 1200 176 1253 tue
196 1192 332 1268 hostem,
355 1191 490 1253 secunda
509 1188 622 1271 vigilia,
648 1188 751 1250 multis
774 1187 894 1268 ignibus
914 1207 968 1269 per
986 1197 1055 1250 tota
1072 1196 1179 1251 castra

127 1277 256 1351 relictis,
273 1277 373 1338 silenti
388 1277 511 1357 agmine
523 1275 608 1337 abiit.

170 1361 324 1424 XXXIX.
346 1361 465 1444 Corpus
485 1361 550 1444 jam
574 1362 702 1423 curabat
724 1360 840 1437 consul,
864 1381 967 1444 quum,
989 1364 1193 1426 venissest*-

128 1450 336 1526 duceatorem,
356 1460 388 1510 et
407 1448 482 1530 quid
500 1445 644 1525 uenisset,
667 1447 845 1509 nunciatum
866 1459 922 1510 cst.
943 1461 1174 1531 responsotan-

128 1547 196 1599 aun
225 1535 312 1612 dato,
341 1555 431 1596 mane
455 1545 579 1617 postero
602 1535 651 1596 die
677 1532 742 1595 iore
767 1534 888 1618 copiam
909 1535 1119 1613 conveniendi,
1142 1536 1176 1597 id

125 1621 214 1702 qaod
240 1620 398 1703 quesitum
419 1631 494 1698 erat,
517 1641 580 1685 nox
605 1621 725 1701 dieique
750 1621 934 1702 insequentis
957 1642 1026 1706 pars
1045 1622 1084 1683 ad
1099 1643 1176 1706 pra·

129 1707 308 1790 cipiendum
332 1707 390 1769 iter
406 1706 546 1789 Philippo
569 1707 641 1768 data
663 1718 719 1768 est.
740 1719 871 1784 montes,
894 1719 985 1788 quarn
1007 1709 1088 1769 viam
1114 1729 1177 1771 nou

128 1794 336 1875 ingressui-run
352 1794 435 1875 gravi
451 1794 572 1874 agmine
587 1791 759 1856 Romanum
775 1794 901 1871 sciebat,
921 1795 1008 1875 petit.
1053 1793 1196 1874 Consul,

127 1881 232 1962 prima
245 1881 313 1942 luca
328 1879 528 1942 caduceatore
544 1878 624 1940 datis
638 1880 768 1941 induciis
783 1881 919 1958 dimisso,
940 1880 1023 1942 haud
1038 1881 1083 1943 ita
1100 1882 1179 1944 mal-

129 1975 163 2027 to
179 1978 252 2047 post
276 1966 371 2028 abisse
395 1967 515 2028 hostem
539 1985 633 2046 quum
655 1966 809 2045 sensisset,
825 1968 948 2048 ignarus
963 1987 1023 2050 qna
1037 1990 1183 2050 sequere-

129 2063 192 2129 tar,
222 2051 332 2114 iisdem
367 2053 484 2113 stativis
513 2051 727 2114 frumentando
762 2053 827 2114 dies
856 2054 972 2135 aliquot
1002 2059 1185 2122 consumsit,

129 2134 297 2200 Stuberam
334 2137 445 2200 deinde
477 2138 564 2219 petit,
597 2150 690 2220 atque
720 2157 759 2199 ex
790 2138 954 2220 Pelagonia
984 2141 1198 2222 frumentum,.‚

130 2225 215 2305 quod
230 2225 262 2286 in
278 2225 358 2306 agris
374 2235 450 2301 crat,
469 2224 621 2287 convexit.
645 2224 720 2286 inde
743 2225 783 2286 ad
806 2228 833 2263 ⁴⁴
844 2224 1023 2287 Pluvinam¹³
1049 2240 1096 2290 est
1110 2250 1181 2311 pro-

130 2331 263 2391 pasus,
277 2311 414 2373 nondum
430 2321 600 2392 comperto,
616 2331 707 2391 quam
724 2311 881 2392 regionem
895 2312 1000 2375 hostes
1021 2317 1199 2396 petissent.-

131 2395 302 2480 Philippus,
318 2417 410 2478 quum
426 2397 524 2479 primo
546 2397 585 2457 ad
599 2394 764 2480 Bryanium
785 2399 895 2459 stativa
918 2400 1083 2476 habuisset,
1107 2424 1191 2484 pro-1

132 2482 235 2546 fectus
258 2484 329 2545 inde
350 2483 525 2545 transversis
546 2483 703 2560 limitibus,
729 2497 875 2546 terrorem
896 2487 1023 2568 praebuit
1049 2487 1197 2550 subitura-2

131 2569 226 2632 boeti.
271 2567 399 2632 Movere
424 2571 528 2651 itaque
554 2591 592 2631 ex
617 2567 742 2632 Pluvina
769 2569 913 2651 Romani,
938 2583 971 2634 et
997 2573 1036 2634 ad
1055 2573 1182 2655 Ospha-

130 2675 203 2738 gum
230 2655 342 2718 flumen
368 2669 536 2739 posuerunt
561 2668 670 2719 castra.
715 2657 783 2720 Rex
808 2660 891 2720 haud
920 2660 1025 2742 procul
1055 2660 1125 2722 inde
1148 2672 1181 2724 et

131 2743 207 2828 ipse,
223 2743 304 2804 vallo
323 2764 412 2824 super
432 2743 530 2826 ripam
556 2745 654 2805 amnis
678 2745 781 2824 ducto,
809 2744 988 2828 (Erigonum
1004 2747 1111 2809 incolae
1123 2769 1178 2810 vo·
1213 2816 1217 2820 ,

128 2828 214 2909 eant)
244 2828 395 2892 consedit
449 2827 521 2890 inde
545 2831 618 2890 satis
645 2844 815 2913 comperto,
843 2831 1002 2895 Eordaeam
1030 2836 1178 2916 petituros

129 2912 301 2994 Romanos,
316 2915 356 2976 ad
370 2915 564 2999 occupandas
580 2918 746 2996 angrutias,
758 2939 797 2978 ne
812 2939 953 3001 superare
978 2921 1081 2983 hostes
1106 2923 1177 2984 artis
1191 2940 1292 3006 Occupat
1303 2957 1351 2994 sn·-

131 3000 272 3064 faucibus
299 3001 448 3063 inclusum
473 3001 589 3062 aditum
614 3018 750 3084 possent,
775 3005 938 3087 praecessit.
958 3005 999 3067 ibi
1024 3009 1084 3070 alia
1097 3007 1177 3070 vallo
1190 3007 1273 3086 parias
1282 3023 1327 3070 ‘1¹¹⁸

128 3089 156 3128 ⁴⁸
167 3089 229 3150 alia
252 3089 345 3166 fossa,
359 3089 421 3150 alia
435 3088 570 3170 lapidum
587 3090 738 3170 congerie,
753 3101 788 3151 ut
801 3112 856 3172 pro
876 3113 963 3155 muro
983 3106 1093 3172 essent,
1120 3095 1178 3158 alia
1190 3073 1344 3188 ffleffff'

129 3175 292 3238 arboribus
314 3173 451 3256 objectis,
473 3175 566 3237 itaut
581 3175 665 3237 locus
680 3177 863 3258 postulabat,
884 3191 937 3240 aut
963 3181 1091 3242 materia
1106 3183 1176 3243 sub·
1324 3169 1332 3186 ⁰

127 3261 304 3342 peditabat,
329 3262 532 3342 permuniit‘l3
557 3272 648 3342 atque
678 3261 724 3340 (ut
743 3263 808 3343 ipse
824 3263 955 3343 rebatur)
973 3266 1052 3326 viam
1069 3277 1176 3348 suapte

127 3357 245 3408 natura
268 3347 427 3426 difficilem,
451 3346 583 3429 objectis
607 3367 662 3428 per
685 3366 790 3408 omnes
810 3348 954 3410 transitus
974 3353 1114 3432 operibus
1129 3353 1176 3414 in·

128 3435 365 3514 expugnabilem
381 3434 464 3498 fecit.
507 3433 605 3495 Erant
625 3433 769 3515 pleraque
789 3433 937 3496 silvestria
950 3437 1042 3515 circa,
1057 3439 1176 3502 incom-

126 3519 225 3580 moda
250 3517 396 3602 phalangi
421 3521 555 3582 maxime
580 3517 805 3582 Macedonum:
829 3541 906 3602 qua,
932 3523 991 3583 nisi
1020 3525 1074 3586 ubi
1098 3549 1173 3610 prae·

125 3604 228 3686 longis
243 3606 339 3668 hastis
353 3607 436 3669 velut
449 3607 561 3668 vallum
578 3617 650 3668 ante
665 3606 779 3690 clipeos
799 3605 923 3690 objecit,
951 3608 1046 3691 (quod
1062 3623 1097 3675 ut
1110 3613 1177 3694 fiat,

127 3690 225 3753 libero
240 3713 350 3776 campo
365 3712 442 3774 opus
461 3691 520 3771 est)
543 3693 653 3754 nullius
669 3693 836 3756 admodum
852 3715 922 3758 usus
938 3707 994 3758 cst.
1038 3701 1065 3737 ⁴⁰
1076 3697 1177 3762 Thra·

124 3788 199 3840 cas‘
225 3798 346 3860 quoquc
370 3781 396 3824 ⁴⁷
409 3780 579 3863 romphaea,
594 3779 726 3861 ingentis
749 3782 872 3863 etipsa
893 3783 1102 3866 longitudinis,
1129 3787 1176 3848 in·

158 3884 292 3934 »Petam
304 3885 460 3936 Gramcrev.
565 3885 856 3950 erumpermwriitGron.
966 3890 1078 3940 'mccc
1088 3891 1144 3940 End.

157 3974 182 4010 ⁴³
194 3973 353 4039 Cadmiae]
373 3975 427 4025 Vid.
438 3990 487 4026 nor.
495 3979 522 4025 ad
533 3981 554 4027 1.
565 3990 636 4027 xxvi.
668 3977 749 4025 vitiose
760 3980 897 4042 repetitione
916 3982 997 4043 primae
1010 3981 1103 4044 syllabae
1113 3981 1176 4030 verbi

123 4055 148 4094 a.
161 4040 200 4090 17.
668 4045 785 4106 sequentis
801 4055 827 4092 ut
839 4045 942 4093 recidere
963 4047 1098 4094 auderemus
1117 4046 1175 4098 sech

157 4104 312 4168 ⁴⁴Pslh'rurm]
330 4106 395 4154 Olim
407 4107 521 4156 Plausum.
549 4109 636 4156 Emen·
670 4110 792 4156 auctorum
825 4109 913 4158 Victor.
943 4110 1032 4166 codicis,
1058 4111 1098 4174 qui
1122 4126 1174 4160 eam

126 4169 188 4218 ervit
204 4170 327 4230 Sigonius:
352 4184 380 4221 at
397 4185 421 4222 et
438 4173 499 4222 inira
523 4171 636 4220 Εοτάαωιι
667 4174 760 4234 respuit.
855 4211 859 4218 .

123 4234 342 4362 Fossssdriibmfiiia.
361 4334 369 4350 .
386 4335 392 4349 .
410 4303 556 4366 ,pennanir‘fl
588 4301 636 4351 Hic
669 4234 1175 4366 HiiriiiirifflciaiiiiqueinXiXiveinismii

123 4364 213 4426 vulgati
231 4367 319 4416 adarna
347 4365 484 4431 superflum
507 4376 532 4413 et
550 4369 636 4416 moles-
666 4369 736 4417 Vict.
758 4370 796 4430 qui
818 4367 914 4416 exhibet
933 4368 1032 4420 ibatne.
1064 4371 1174 4420 Gronovii

122 4439 265 4480 mactem
282 4449 344 4495 opera
361 4443 415 4482 aare
433 4430 528 4479 verbum
543 4449 633 4493 pmic-
666 4435 758 4482 edidere
771 4432 870 4481 strata.

92 4545 95 4551 ,
122 4496 175 4542 aaa
207 4493 289 4549 Quum
316 4512 367 4545 earn
385 4495 482 4562 'pridem
503 4509 634 4561 suupectsm
698 4498 722 4534 ⁴⁷
734 4495 880 4563 Riuorphoeo]
901 4497 1045 4562 Rhomphres
1067 4510 1117 4548 eret
1133 4499 1176 4550 tet
1255 4499 1259 4504 ’

122 4557 275 4624 haberemus,
293 4572 402 4628 tauquam
426 4561 487 4610 male
511 4574 589 4612 uatem
606 4579 634 4611 err
666 4561 775 4621 'sunuel
801 4577 883 4623 geum,
909 4565 1061 4629 praelongam,
1080 4579 1179 4630 sempe,

692 4649 749 4700 Μ
