3110 5204
434 329 515 392 tta.
535 332 679 404 XXXIV.
707 331 791 392 CAP.
811 327 940 391 XXXV.
1150 333 1207 388 tce

157 484 288 570 privato.
332 483 435 552 Vereis
460 490 564 571 itaque
584 489 685 552 subito
707 487 923 565 voluntatibus,
947 483 1059 563 iacere,
1085 483 1168 566 quod
1189 485 1252 545 ευ.
1264 489 1293 541 e.
1306 459 1362 544 tal.

161 573 320 655 republica
334 577 438 658 populi
455 574 587 640 Romani
611 577 822 656 sociorumque
845 594 911 636 csse
935 572 1083 650 crederet,
1108 571 1206 654 impe·
1219 555 1289 607 Μ·
1303 559 1357 608 ¹⁹⁵·

160 661 252 722 ratori
269 662 479 744 permiserunt.
1253 671 1256 679 '

205 744 338 810 XXXV.
361 747 436 811 lrtde
451 749 623 825 Quinctius,
645 749 789 810 adhibitis
804 749 913 830 legatis
927 758 1048 810 tantum
1063 743 1207 808 tribunis·
1220 745 1292 806 tege·
1302 741 1363 819 rt?
1392 770 1397 780 ·

163 853 222 913 que
235 834 378 913 militum,
393 836 594 914 conditiones,
606 837 638 896 in
650 856 725 917 quas
737 856 806 896 cum
822 847 951 918 tyranno
967 854 1027 916 pax
1041 833 1138 909 lieret,
1154 831 1208 894 lras
1220 823 1318 926 anuo
1325 807 1375 857 ‘¹¹⁸'

163 921 355 1002 conscripsit.
398 919 486 984 ‘Sex
500 922 650 984 mensium
676 907 804 984 inddciae
826 931 862 982 ut
886 932 986 984 essent
1009 915 1123 982 Nabidi
1147 917 1208 980 Ro·
1253 909 1261 926 ⁸

165 1005 176 1039 ‘
191 1008 361 1090 manisque,
372 1019 404 1070 et
411 1006 540 1070 Eumeni
552 1008 627 1089 regi,
636 1019 668 1070 ct
676 1007 816 1070 Rhodiis.
831 1006 963 1089 Legatos
972 1005 1128 1088 extentplo
1137 1003 1209 1066 mit·

165 1093 175 1123 ‘
191 1105 291 1156 terent
307 1093 437 1158 Romam
452 1094 491 1158 T.
507 1093 669 1166 Quinctius
684 1105 716 1156 et
729 1093 837 1172 Nabis,
849 1105 885 1156 ut
900 1114 961 1176 pax
976 1113 1015 1156 ex
1030 1091 1212 1159 auctoritate

164 1180 174 1212 ⁴
189 1191 314 1242 senatus
327 1181 565 1244 confirmaretur.
594 1181 642 1244 Ex
656 1202 717 1262 qua
731 1182 781 1242 die
792 1181 911 1262 scriptae
923 1178 1114 1242 conditiones
1128 1178 1212 1260 pacis

166 1265 277 1328 ‘edita
291 1265 405 1330 Nabidi
420 1268 533 1346 forent,
547 1289 585 1330 ea
595 1269 662 1330 dies
669 1279 705 1330 ut
715 1267 904 1328 induciarum
917 1265 1098 1347 principium
1110 1277 1211 1326 esset:

166 1353 177 1384 ‘
194 1364 227 1414 ct
241 1367 276 1414 ut
288 1375 327 1416 ert
342 1375 380 1414 ca
396 1353 445 1416 die
461 1355 541 1416 intra
552 1355 704 1418 decimum
720 1353 801 1416 diem
818 1353 857 1414 ab
868 1351 958 1432 Argis
974 1352 1144 1434 ceterisque
1156 1352 1213 1432 op·

167 1437 284 1522 ‘pidia
300 1460 364 1521 quae
379 1443 406 1480 ²²
414 1441 444 1502 in
459 1440 641 1522 Argivorum
652 1439 750 1521 agris¹
765 1449 879 1516 essent,
894 1437 1035 1519 presidia
1045 1439 1149 1499 omnia
1159 1437 1215 1498 de·

166 1525 177 1588 f
194 1525 392 1588 ducerentur:
408 1547 562 1608 vacuaque
574 1542 605 1590 et
618 1527 713 1588 libera
723 1526 916 1588 traderentur
929 1521 1088 1586 Romanis.
1105 1532 1160 1584 ety
1175 1541 1214 1584 nc

166 1611 275 1694 ‘quod
295 1612 366 1674 inde
388 1613 617 1696 ”mancipium
638 1612 754 1694 regium
775 1612 967 1694 publicumve
988 1621 1042 1672 aut
1064 1609 1214 1691 privatum

167 1695 178 1728 ‘
196 1698 370 1760 educeretur
379 1720 390 1776 3
413 1710 455 1777 ct,
469 1700 494 1760 si
515 1719 576 1782 qua
593 1709 665 1760 ante
677 1699 790 1762 educta
808 1699 919 1774 forent,
940 1696 1072 1758 dominis
1093 1699 1118 1733 ²⁴
1133 1705 1216 1756 recta

169 1783 182 1815 ‘
197 1785 433 1848 restituerentur.
449 1783 559 1864 Nares,
566 1807 640 1867 quas
651 1789 679 1826 ²³
690 1785 861 1848 civitatibus
871 1784 1031 1846 maritimis
1041 1782 1216 1861 ademisset,

170 1869 351 1932 ‘redderett
380 1893 455 1933 neve
469 1872 535 1953 ipse
550 1871 778 1949 navemullam,
800 1881 909 1952 praeter
923 1869 1000 1931 duos
1015 1869 1145 1948 lembos,
1166 1869 1220 1952 qui

168 1955 257 2017 ‘nou
273 1956 340 2038 plus
355 1978 447 2039 quam
462 1958 618 2020 sexdecim
633 1958 724 2020 remis
741 1969 913 2038 agerentur,
932 1956 1067 2018 haberet.
1114 1953 1186 2018 Peri
1202 1990 1217 2002 -

167 2041 315 2122 ‘gasat'
338 2045 475 2126 captivos
495 2045 636 2106 omnibus
660 2044 750 2106 sociis
771 2043 874 2125 populi
895 2042 1026 2104 Romani
1046 2041 1219 2104 civitatibus

168 2127 183 2200 ‘,
193 2127 346 2207 redderet,
360 2147 392 2192 et
404 2128 567 2192 Messeniis
583 2130 698 2206 omnia,
713 2150 779 2209 quae
790 2140 1014 2210 comparerent,
1024 2149 1150 2210 quaque
1163 2127 1219 2190 do-
1309 2151 1313 2162 ·

167 2211 271 2276 ‘mini
296 2229 526 2296 cognoscerent.
594 2219 621 2256 ²⁶
646 2214 807 2290 Exsulibus
832 2234 953 2298 quoque
982 2212 1222 2294 Lacedamoniis

167 2300 177 2331 ‘
193 2299 306 2362 liberos
320 2315 354 2363 ct
367 2299 512 2384 conjuges
528 2302 712 2380 restitueret,
723 2319 790 2382 quta
801 2321 904 2362 aarum
918 2302 997 2362 viros
1009 2302 1091 2382 sequi
1108 2299 1221 2376 voluis·

167 2385 283 2448 ‘sentt
316 2386 411 2448 invita
434 2409 472 2450 ne
495 2408 556 2469 qua
570 2388 681 2450 exsulis
697 2409 800 2450 comes
825 2399 914 2450 esset.
960 2385 1221 2452 Mercenaricrum

166 2471 177 2504 ⁴
193 2472 327 2534 militum
340 2471 480 2552 Nabidis,
502 2475 553 2557 qui
566 2474 662 2536 autin
674 2475 811 2536 civitates
827 2495 907 2551 suas,
930 2485 983 2535 aut
1001 2473 1041 2536 ad
1061 2471 1218 2536 Romanos

167 2557 178 2590 ‘
194 2559 374 2622 transissent
384 2569 408 2637 ⁸,
424 2561 460 2622 iis
472 2581 519 2622 res
530 2581 591 2622 suae
602 2580 708 2622 omnes
723 2572 806 2622 recte
823 2560 1029 2622 redderentur.
1074 2557 1110 2622 Irt
1126 2557 1219 2622 Creta

168 2644 186 2717 ‘,
195 2645 294 2708 insula
305 2665 345 2708 ne
347 2666 447 2794 1{ptam
459 2647 563 2708 urbem
575 2647 716 2708 baberet:
741 2667 816 2726 quas
826 2646 990 2724 habuisset,
1003 2646 1145 2725 redderet
1153 2643 1218 2708 Ro·

167 2731 182 2800 ‘‚
196 2732 303 2794 ruanis.
378 2753 502 2813 equam
524 2733 705 2796 societatem
727 2735 753 2778 ²⁷
765 2753 835 2794 cum
855 2731 933 2793 illol'
956 2730 1146 2794 Cretensium
1166 2743 1220 2794 aut

167 2817 348 2900 ‘quoquam
372 2819 432 2881 alio
447 2819 629 2894 institueret,
652 2839 710 2880 neu
734 2818 845 2880 bellurn
861 2829 990 2900 gereret.
1036 2817 1219 2882 Civitatibus

169 2903 181 2934 ‘
197 2905 346 2982 omnibus,
357 2925 431 2987 quas
443 2906 508 2988 ipse
520 2905 712 2982 restituisset,
728 2925 853 2986 quaque
865 2927 897 2966 se
909 2925 1022 2987 suaque
1035 2905 1065 2966 in
1077 2905 1170 2966 fidem
1182 2925 1218 2970 ac

170 2990 344 3054 ‘ditionem
359 2992 464 3074 populi
480 2991 609 3054 Romani
622 2975 829 3068 tradidissent,
851 2991 956 3054 omnia
969 2991 1107 3074 praesidia
1123 2990 1218 3073 dedu-

170 3077 298 3140 iceret:
321 3098 414 3158 seque
429 3079 494 3160 ipse
517 3099 645 3158 suosque
661 3078 700 3139 ab
716 3077 763 3140 his
778 3078 955 3143 abstineret.
999 3073 1049 3138 Ne
1064 3078 1147 3158 quod
1162 3099 1218 3162 op·

237 3225 250 3251 ²
265 3244 319 3290 agro
327 3225 394 3275 Cres.
551 3243 564 3274 r
580 3191 825 3274 crederentur.
977 3233 987 3257 ¹
1002 3233 1023 3271 d
1033 3225 1079 3273 del·
1092 3223 1157 3272 Μ·

367 3293 524 3340 strandisseat
533 3291 599 3338 End·
865 3287 942 3336 *¹¹1⁰
951 3287 1030 3339 0¹⁰⁰?

202 3405 226 3440 θ
241 3403 271 3453 in
288 3405 420 3471 Argiannm
438 3403 503 3470 agro]
523 3405 605 3452 Minus
616 3403 678 3452 bene
711 3403 770 3450 bidie
779 3401 930 3452 dominationi
940 3403 983 3452 boc
1003 3403 1051 3468 ipso
1069 3404 1157 3454 t'oederc
1168 3407 1218 3455 eri·

168 3471 282 3519 hactenns
298 3471 408 3520 edebatur
423 3472 492 3546 agris
514 3527 517 3536 ⁴
531 3471 679 3520 correximus
711 3481 816 3528 arantur,
830 3469 991 3540 detestabatur
1007 3469 1065 3518 inire
1081 3485 1107 3519 se
1121 3484 1220 3536 eumue

169 3537 252 3586 mcaiti
266 3536 341 3586 else.
353 3535 476 3589 ὒιοιιοιιο,
492 3536 626 3598 quinusn
638 3551 693 3590 cc·.
711 3535 741 3582 eb
763 3534 799 3583 bis
823 3533 952 3584 civitatibus
974 3535 1099 3594 sboeineee,
1122 3553 1173 3600 qua
1193 3551 1220 3586 se

169 3602 245 3658 dicem
267 3613 292 3652 et
318 3603 434 3652 Andresm
457 3613 564 3651 suctores
587 3601 678 3662 alleget.
710 3616 796 3662 suaque
807 3601 830 3648 in
845 3601 913 3649 tidem
924 3617 951 3652 sc
962 3601 1072 3652 ditionem
1083 3601 1219 3668 populiRo·

171 3667 269 3716 Accedit
280 3683 339 3715 uota
349 3683 364 3715 e
376 3667 445 3716 MSS.
457 3665 562 3724 Hesrnii,
570 3677 594 3714 et
602 3678 681 3715 noster
711 3666 773 3713 mani
785 3665 935 3714 tradidissent.

168 3729 258 3780 Victor.
744 3727 766 3764 Ν
784 3727 1129 3782 Fmtitus....hcederaonir‘s
1146 3729 1221 3780 liberes

204 3797 227 3832 ⁹³
245 3795 383 3859 tremum
403 3793 501 3864 maa]
534 3796 681 3857 intelligendi
711 3803 733 3843 et
754 3794 867 3859 meges]
893 3795 998 3846 ianuae
1017 3795 1056 3844 blc
1074 3795 1159 3844 excidit
1175 3811 1220 3846 ras

173 3862 280 3912 rideatur
297 3862 356 3912 serri
375 3863 413 3929 qui
424 3874 501 3912 essent
512 3861 611 3926 Philippi
622 3863 681 3924 regis
712 3861 775 3920 baa,
789 3862 821 3908 its
832 3873 859 3908 ut
877 3861 998 3922 legendum
1008 3861 1053 3910 sit:
1071 3859 1214 3911 ursulus.

173 3927 340 3985 Macedonum,
365 3925 430 3992 cujus
456 3929 481 3975 irs
504 3938 616 3992 potestate
641 3925 680 3974 diu
713 3923 880 3975 mummia
896 3928 960 3981 botta
974 3926 1056 3982 illem,
1077 3931 1098 3973 et
1119 3926 1220 3988 conjuga

171 3992 249 4040 {uerat
260 3994 341 4056 llrgcs.
365 3989 491 4043 Publicius.
518 3991 566 4040 out
583 3991 682 4039 civitatis
712 3993 843 4039 restitueret.
877 3991 979 4054 Apparet
997 3991 1059 4038 enirn
1080 4003 1108 4036 ex
1129 4005 1151 4038 c.
1171 4003 1220 4052 see.

172 4058 309 4119 Argivorum
320 4059 379 4108 servi
389 4058 473 4107 torem
710 4053 799 4118 imam
814 4069 866 4104 esse
878 4055 954 4104 Nun
971 4053 1219 4111 commutasset-

204 4123 227 4157 ⁹⁴
243 4123 309 4172 Recte
325 4123 503 4188 mitterentur]
522 4121 574 4171 Vox
593 4130 681 4170 rectas
712 4122 776 4171 dere.

170 4186 339 4252 jurisconsultis
359 4199 480 4252 cremetur
502 4203 530 4236 ec
550 4203 629 4250 ausu,
653 4197 684 4236 ut
742 4185 765 4222 ἥ
783 4184 898 4236 cussit·
907 4182 1054 4247 mtto]
1070 4182 1158 4248 Populo
1174 4185 1219 4249 ‹ly-

171 4251 416 4316 eliquidsineireude,
431 4253 481 4302 sine
496 4253 549 4302 dolo
568 4253 628 4301 mslc
642 4251 678 4300 ss·
712 4263 784 4298 rests.
816 4248 969 4296 Gronovisnae
987 4249 1099 4297 editiones
1110 4247 1219 4299 exhibent

170 4319 278 4367 ciendum
290 4335 341 4370 esse
353 4319 460 4367 indicent.
711 4331 761 4364 erm
777 4315 826 4361 ullo
838 4313 987 4370 censetisne:
1003 4329 1045 4377 per
1055 4329 1184 4377 operatura
1193 4327 1219 4364 ut

203 4383 227 4418 ¹³
250 4386 265 4413 ⁸
291 4383 422 4432 Cluitmilrtrs
437 4383 563 4450 maritimis]
586 4380 679 4436 Quaen
711 4379 937 4438 vicensimam.
962 4377 1025 4427 ilict.
1037 4379 1219 4429 liberetvetus-

168 4449 200 4511 L,
219 4447 319 4500 aulneto
336 4461 418 4514 captu,
434 4449 513 4517 (supra
524 4465 544 4500 c.
556 4447 607 4516 29.)
627 4447 679 4497 Ne·
711 4445 757 4497 tire
767 4445 815 4495 cusi
825 4445 847 4495 id
858 4453 950 4494 settsct
961 4444 1021 4512 quod
1032 4444 1153 4509 edidimus.
