<?xml version="1.0" encoding="UTF-8"?>
<!DOCTYPE html PUBLIC "-//W3C//DTD XHTML 1.0 Transitional//EN"
    "http://www.w3.org/TR/xhtml1/DTD/xhtml1-transitional.dtd">
<html xmlns="http://www.w3.org/1999/xhtml" xml:lang="en" lang="en">
 <head>
  <title>
</title>
<meta http-equiv="Content-Type" content="text/html;charset=utf-8" />
  <meta name='ocr-system' content='tesseract 3.04.00' />
  <meta name='ocr-capabilities' content='ocr_page ocr_carea ocr_par ocr_line ocrx_word'/>
</head>
<body>
  <div class='ocr_page' id='page_1' title='image "./tliviipatavinih00grongoog_0325.png"; bbox 0 0 3068 5186; ppageno 0'>
   <div class='ocr_carea' id='block_1_1' title="bbox 438 314 1195 437">
    <p class='ocr_par' dir='ltr' id='par_1_1' title="bbox 438 314 1195 437">
     <span class='ocr_line' id='line_1_1' title="bbox 438 314 1195 437; baseline 0.015 -33"><span class='ocrx_word' id='word_1_1' title='bbox 438 345 686 412; x_wconf 79' lang='lat' dir='ltr'>maxxxvu.</span> <span class='ocrx_word' id='word_1_2' title='bbox 707 347 788 412; x_wconf 77' lang='lat' dir='ltr'>car.</span> <span class='ocrx_word' id='word_1_3' title='bbox 803 314 917 408; x_wconf 75' lang='lat' dir='ltr'>xum.</span> <span class='ocrx_word' id='word_1_4' title='bbox 1131 359 1195 437; x_wconf 73' lang='lat' dir='ltr'>sis</span> 
     </span>
    </p>
   </div>
   <div class='ocr_carea' id='block_1_2' title="bbox 152 499 1364 1967">
    <p class='ocr_par' dir='ltr' id='par_1_2' title="bbox 154 499 1364 846">
     <span class='ocr_line' id='line_1_2' title="bbox 155 499 1363 584; baseline 0.007 -24"><span class='ocrx_word' id='word_1_5' title='bbox 155 513 285 580; x_wconf 78' lang='lat' dir='ltr'>nmque</span> <span class='ocrx_word' id='word_1_6' title='bbox 300 500 434 584; x_wconf 75' lang='lat' dir='ltr'>obpressi</span> <span class='ocrx_word' id='word_1_7' title='bbox 449 513 529 562; x_wconf 82' lang='lat' dir='ltr'>sum.</span> <span class='ocrx_word' id='word_1_8' title='bbox 582 499 697 564; x_wconf 86' lang='lat' dir='ltr'>Totum</span> <span class='ocrx_word' id='word_1_9' title='bbox 713 502 822 564; x_wconf 86' lang='lat' dir='ltr'>deiude</span> <span class='ocrx_word' id='word_1_10' title='bbox 840 503 946 566; x_wconf 73' lang='lat' dir='ltr'>levum</span> <span class='ocrx_word' id='word_1_11' title='bbox 962 524 1056 568; x_wconf 85' lang='lat' dir='ltr'>cornu</span> <span class='ocrx_word' id='word_1_12' title='bbox 1071 504 1200 572; x_wconf 85' lang='lat' dir='ltr'>inclina·</span> <span class='ocrx_word' id='word_1_13' title='bbox 1214 512 1247 566; x_wconf 85' lang='lat' dir='ltr'>U.</span> <span class='ocrx_word' id='word_1_14' title='bbox 1259 517 1288 568; x_wconf 85' lang='lat' dir='ltr'>c.</span> <span class='ocrx_word' id='word_1_15' title='bbox 1301 519 1363 575; x_wconf 77' lang='lat'><strong>562..</strong></span> 
     </span>
     <span class='ocr_line' id='line_1_3' title="bbox 154 579 1364 674; baseline 0.007 -26"><span class='ocrx_word' id='word_1_16' title='bbox 154 586 220 664; x_wconf 81' lang='lat' dir='ltr'>vit3</span> <span class='ocrx_word' id='word_1_17' title='bbox 251 596 294 664; x_wconf 90' lang='lat' dir='ltr'>et,</span> <span class='ocrx_word' id='word_1_18' title='bbox 320 588 446 649; x_wconf 86' lang='lat' dir='ltr'>turbatis</span> <span class='ocrx_word' id='word_1_19' title='bbox 473 587 677 666; x_wconf 80' lang='lat' dir='ltr'>auxiliaribus,</span> <span class='ocrx_word' id='word_1_20' title='bbox 706 590 757 672; x_wconf 89' lang='lat' dir='ltr'>qui</span> <span class='ocrx_word' id='word_1_21' title='bbox 788 589 866 652; x_wconf 89' lang='lat' dir='ltr'>inter</span> <span class='ocrx_word' id='word_1_22' title='bbox 892 591 1041 672; x_wconf 81' lang='lat' dir='ltr'>equites,¹‘</span> <span class='ocrx_word' id='word_1_23' title='bbox 1067 603 1099 654; x_wconf 89' lang='lat' dir='ltr'>et</span> <span class='ocrx_word' id='word_1_24' title='bbox 1126 614 1202 674; x_wconf 88' lang='lat' dir='ltr'>quos</span> <span class='ocrx_word' id='word_1_25' title='bbox 1214 579 1289 632; x_wconf 61' lang='grc' dir='ltr'>Μ·</span> <span class='ocrx_word' id='word_1_26' title='bbox 1302 582 1364 670; x_wconf 54' lang='grc' dir='ltr'>Μ’,</span> 
     </span>
     <span class='ocr_line' id='line_1_4' title="bbox 155 671 1202 756; baseline 0.005 -19"><span class='ocrx_word' id='word_1_27' title='bbox 155 671 314 754; x_wconf 72' lang='lat' dir='ltr'><strong>adpellant</strong></span> <span class='ocrx_word' id='word_1_28' title='bbox 328 674 533 755; x_wconf 81' lang='lat' dir='ltr'>phalangitas,</span> <span class='ocrx_word' id='word_1_29' title='bbox 548 685 645 751; x_wconf 88' lang='lat' dir='ltr'>erant,</span> <span class='ocrx_word' id='word_1_30' title='bbox 659 695 754 756; x_wconf 87' lang='lat' dir='ltr'>usque</span> <span class='ocrx_word' id='word_1_31' title='bbox 764 676 815 752; x_wconf 57' lang='lat' dir='ltr'>‚ad</span> <span class='ocrx_word' id='word_1_32' title='bbox 836 676 965 738; x_wconf 84' lang='lat' dir='ltr'>mediam</span> <span class='ocrx_word' id='word_1_33' title='bbox 989 678 1086 740; x_wconf 82' lang='lat' dir='ltr'>aciem</span> <span class='ocrx_word' id='word_1_34' title='bbox 1104 690 1202 742; x_wconf 90' lang='lat' dir='ltr'>terror</span> 
     </span>
     <span class='ocr_line' id='line_1_5' title="bbox 155 758 1199 846; baseline 0.009 -26"><span class='ocrx_word' id='word_1_35' title='bbox 155 758 305 841; x_wconf 85' lang='lat' dir='ltr'>pervenit.</span> <span class='ocrx_word' id='word_1_36' title='bbox 360 759 406 820; x_wconf 88' lang='lat' dir='ltr'>lbi</span> <span class='ocrx_word' id='word_1_37' title='bbox 432 760 520 821; x_wconf 90' lang='lat' dir='ltr'>simul</span> <span class='ocrx_word' id='word_1_38' title='bbox 537 762 706 841; x_wconf 84' lang='lat' dir='ltr'>pertruhati</span> <span class='ocrx_word' id='word_1_39' title='bbox 728 761 860 840; x_wconf 86' lang='lat' dir='ltr'>ordines,</span> <span class='ocrx_word' id='word_1_40' title='bbox 878 775 909 826; x_wconf 86' lang='lat' dir='ltr'>et</span> <span class='ocrx_word' id='word_1_41' title='bbox 932 763 1085 846; x_wconf 89' lang='lat' dir='ltr'>inpeditus</span> <span class='ocrx_word' id='word_1_42' title='bbox 1106 766 1199 829; x_wconf 88' lang='lat' dir='ltr'>inter-</span> 
     </span>
    </p>

    <p class='ocr_par' dir='ltr' id='par_1_3' title="bbox 156 847 1200 930">
     <span class='ocr_line' id='line_1_6' title="bbox 156 847 1200 930; baseline 0.006 -22"><span class='ocrx_word' id='word_1_43' title='bbox 156 866 247 908; x_wconf 85' lang='lat' dir='ltr'>cursu</span> <span class='ocrx_word' id='word_1_44' title='bbox 272 866 393 908; x_wconf 87' lang='lat' dir='ltr'>suorum</span> <span class='ocrx_word' id='word_1_45' title='bbox 417 867 486 908; x_wconf 91' lang='lat' dir='ltr'>usus</span> <span class='ocrx_word' id='word_1_46' title='bbox 511 847 729 930; x_wconf 79' lang='lat' dir='ltr'>praelongarum</span> <span class='ocrx_word' id='word_1_47' title='bbox 754 849 920 930; x_wconf 77' lang='lat' dir='ltr'>hastarum,</span> <span class='ocrx_word' id='word_1_48' title='bbox 939 847 1075 930; x_wconf 83' lang='lat' dir='ltr'>(sarissas</span> <span class='ocrx_word' id='word_1_49' title='bbox 1092 850 1200 914; x_wconf 87' lang='lat' dir='ltr'>Mace-</span> 
     </span>
    </p>

    <p class='ocr_par' dir='ltr' id='par_1_4' title="bbox 152 931 1199 1105">
     <span class='ocr_line' id='line_1_7' title="bbox 155 931 1199 1020; baseline 0.008 -27"><span class='ocrx_word' id='word_1_50' title='bbox 155 932 251 1000; x_wconf 81' lang='lat' dir='ltr'>dones</span> <span class='ocrx_word' id='word_1_51' title='bbox 275 931 399 1011; x_wconf 82' lang='lat' dir='ltr'>vocant)</span> <span class='ocrx_word' id='word_1_52' title='bbox 421 933 547 996; x_wconf 89' lang='lat' dir='ltr'>intulere</span> <span class='ocrx_word' id='word_1_53' title='bbox 573 934 661 1014; x_wconf 87' lang='lat' dir='ltr'>signa</span> <span class='ocrx_word' id='word_1_54' title='bbox 684 933 829 997; x_wconf 84' lang='lat' dir='ltr'>Romanae</span> <span class='ocrx_word' id='word_1_55' title='bbox 856 937 1005 1016; x_wconf 80' lang='lat' dir='ltr'>legiones,</span> <span class='ocrx_word' id='word_1_56' title='bbox 1026 949 1057 1000; x_wconf 91' lang='lat' dir='ltr'>et</span> <span class='ocrx_word' id='word_1_57' title='bbox 1082 939 1145 1020; x_wconf 83' lang='lat' dir='ltr'>pila</span> <span class='ocrx_word' id='word_1_58' title='bbox 1168 939 1199 1002; x_wconf 92' lang='lat' dir='ltr'>in</span> 
     </span>
     <span class='ocr_line' id='line_1_8' title="bbox 152 1019 1197 1105; baseline 0.004 -23"><span class='ocrx_word' id='word_1_59' title='bbox 152 1019 346 1102; x_wconf 86' lang='lat' dir='ltr'>perturbatos</span> <span class='ocrx_word' id='word_1_60' title='bbox 371 1019 538 1101; x_wconf 77' lang='lat' dir='ltr'>conjacere.</span> <span class='ocrx_word' id='word_1_61' title='bbox 562 1041 601 1080; x_wconf 87' lang='lat' dir='ltr'>ne</span> <span class='ocrx_word' id='word_1_62' title='bbox 621 1022 792 1103; x_wconf 84' lang='lat' dir='ltr'>interpositi</span> <span class='ocrx_word' id='word_1_63' title='bbox 808 1022 929 1103; x_wconf 88' lang='lat' dir='ltr'>quidem</span> <span class='ocrx_word' id='word_1_64' title='bbox 945 1021 1100 1105; x_wconf 87' lang='lat' dir='ltr'>elephanti</span> <span class='ocrx_word' id='word_1_65' title='bbox 1119 1023 1197 1087; x_wconf 90' lang='lat' dir='ltr'>mili·</span> 
     </span>
    </p>

    <p class='ocr_par' dir='ltr' id='par_1_5' title="bbox 154 1101 1198 1190">
     <span class='ocr_line' id='line_1_9' title="bbox 154 1101 1198 1190; baseline 0.01 -22"><span class='ocrx_word' id='word_1_66' title='bbox 154 1117 218 1168; x_wconf 83' lang='lat' dir='ltr'>tem</span> <span class='ocrx_word' id='word_1_67' title='bbox 239 1104 411 1168; x_wconf 86' lang='lat' dir='ltr'>Romanum</span> <span class='ocrx_word' id='word_1_68' title='bbox 434 1106 636 1185; x_wconf 86' lang='lat' dir='ltr'>deterrebant,</span> <span class='ocrx_word' id='word_1_69' title='bbox 655 1107 814 1170; x_wconf 86' lang='lat' dir='ltr'>adsuetum</span> <span class='ocrx_word' id='word_1_70' title='bbox 836 1101 902 1190; x_wconf 84' lang='lat' dir='ltr'>jam</span> <span class='ocrx_word' id='word_1_71' title='bbox 923 1111 961 1171; x_wconf 84' lang='lat' dir='ltr'>ab</span> <span class='ocrx_word' id='word_1_72' title='bbox 981 1109 1091 1172; x_wconf 83' lang='lat' dir='ltr'>Africis</span> <span class='ocrx_word' id='word_1_73' title='bbox 1112 1109 1198 1177; x_wconf 84' lang='lat' dir='ltr'>bellis</span> 
     </span>
    </p>

    <p class='ocr_par' dir='ltr' id='par_1_6' title="bbox 154 1192 1197 1276">
     <span class='ocr_line' id='line_1_10' title="bbox 154 1192 1197 1276; baseline 0.005 -23"><span class='ocrx_word' id='word_1_74' title='bbox 154 1203 187 1254; x_wconf 88' lang='lat' dir='ltr'>et</span> <span class='ocrx_word' id='word_1_75' title='bbox 202 1192 297 1254; x_wconf 80' lang='lat' dir='ltr'>vitare</span> <span class='ocrx_word' id='word_1_76' title='bbox 321 1192 459 1274; x_wconf 86' lang='lat' dir='ltr'>inpetum</span> <span class='ocrx_word' id='word_1_77' title='bbox 485 1193 600 1269; x_wconf 76' lang='lat' dir='ltr'>belluae,</span> <span class='ocrx_word' id='word_1_78' title='bbox 623 1205 717 1255; x_wconf 85' lang='lat' dir='ltr'>etex</span> <span class='ocrx_word' id='word_1_79' title='bbox 740 1203 911 1256; x_wconf 86' lang='lat' dir='ltr'>transverso</span> <span class='ocrx_word' id='word_1_80' title='bbox 935 1207 986 1258; x_wconf 87' lang='lat' dir='ltr'>aut</span> <span class='ocrx_word' id='word_1_81' title='bbox 1006 1195 1074 1276; x_wconf 89' lang='lat' dir='ltr'>pilis</span> <span class='ocrx_word' id='word_1_82' title='bbox 1100 1196 1197 1258; x_wconf 89' lang='lat' dir='ltr'>inces-</span> 
     </span>
    </p>

    <p class='ocr_par' dir='ltr' id='par_1_7' title="bbox 155 1268 1198 1367">
     <span class='ocr_line' id='line_1_11' title="bbox 155 1268 1198 1367; baseline 0.005 -28"><span class='ocrx_word' id='word_1_83' title='bbox 155 1299 233 1358; x_wconf 85' lang='lat' dir='ltr'>sere,</span> <span class='ocrx_word' id='word_1_84' title='bbox 254 1290 317 1356; x_wconf 87' lang='lat' dir='ltr'>aut,</span> <span class='ocrx_word' id='word_1_85' title='bbox 337 1280 362 1340; x_wconf 87' lang='lat' dir='ltr'>si</span> <span class='ocrx_word' id='word_1_86' title='bbox 383 1279 505 1361; x_wconf 87' lang='lat' dir='ltr'>propius</span> <span class='ocrx_word' id='word_1_87' title='bbox 526 1280 625 1340; x_wconf 90' lang='lat' dir='ltr'>subire</span> <span class='ocrx_word' id='word_1_88' title='bbox 648 1291 760 1362; x_wconf 88' lang='lat' dir='ltr'>posset,</span> <span class='ocrx_word' id='word_1_89' title='bbox 778 1281 917 1362; x_wconf 75' lang='lat' dir='ltr'>³⁰gladio</span> <span class='ocrx_word' id='word_1_90' title='bbox 933 1268 1039 1344; x_wconf 76' lang='lat' dir='ltr'>hereos</span> <span class='ocrx_word' id='word_1_91' title='bbox 1055 1283 1198 1367; x_wconf 70' lang='lat' dir='ltr'>incidere,</span> 
     </span>
    </p>

    <p class='ocr_par' dir='ltr' id='par_1_8' title="bbox 152 1362 1363 1622">
     <span class='ocr_line' id='line_1_12' title="bbox 153 1362 1363 1449; baseline 0.012 -23"><span class='ocrx_word' id='word_1_92' title='bbox 153 1362 228 1426; x_wconf 84' lang='lat' dir='ltr'>Jam</span> <span class='ocrx_word' id='word_1_93' title='bbox 243 1367 345 1427; x_wconf 91' lang='lat' dir='ltr'>media</span> <span class='ocrx_word' id='word_1_94' title='bbox 360 1367 440 1426; x_wconf 90' lang='lat' dir='ltr'>acies</span> <span class='ocrx_word' id='word_1_95' title='bbox 455 1365 517 1428; x_wconf 88' lang='lat' dir='ltr'>fere</span> <span class='ocrx_word' id='word_1_96' title='bbox 537 1367 637 1427; x_wconf 87' lang='lat' dir='ltr'>omnis</span> <span class='ocrx_word' id='word_1_97' title='bbox 661 1387 680 1426; x_wconf 89' lang='lat' dir='ltr'>a</span> <span class='ocrx_word' id='word_1_98' title='bbox 705 1367 804 1428; x_wconf 84' lang='lat' dir='ltr'>fronte</span> <span class='ocrx_word' id='word_1_99' title='bbox 820 1377 973 1449; x_wconf 82' lang='lat' dir='ltr'>prostrata</span> <span class='ocrx_word' id='word_1_100' title='bbox 987 1378 1063 1445; x_wconf 90' lang='lat' dir='ltr'>crat,</span> <span class='ocrx_word' id='word_1_101' title='bbox 1079 1381 1111 1430; x_wconf 92' lang='lat' dir='ltr'>et</span> <span class='ocrx_word' id='word_1_102' title='bbox 1126 1370 1197 1432; x_wconf 90' lang='lat' dir='ltr'>sub·</span> <span class='ocrx_word' id='word_1_103' title='bbox 1210 1387 1289 1437; x_wconf 80' lang='lat' dir='ltr'>Medis</span> <span class='ocrx_word' id='word_1_104' title='bbox 1300 1395 1363 1444; x_wconf 71' lang='lat' dir='ltr'>sos·</span> 
     </span>
     <span class='ocr_line' id='line_1_13' title="bbox 152 1451 1326 1536; baseline 0.007 -24"><span class='ocrx_word' id='word_1_105' title='bbox 152 1451 234 1512; x_wconf 85' lang='lat' dir='ltr'>sidia</span> <span class='ocrx_word' id='word_1_106' title='bbox 259 1452 417 1514; x_wconf 84' lang='lat' dir='ltr'>circumita</span> <span class='ocrx_word' id='word_1_107' title='bbox 445 1473 464 1514; x_wconf 85' lang='lat' dir='ltr'>a</span> <span class='ocrx_word' id='word_1_108' title='bbox 489 1464 575 1533; x_wconf 83' lang='lat' dir='ltr'>tergo</span> <span class='ocrx_word' id='word_1_109' title='bbox 601 1452 810 1514; x_wconf 86' lang='lat' dir='ltr'>caedebantur:</span> <span class='ocrx_word' id='word_1_110' title='bbox 843 1473 935 1534; x_wconf 88' lang='lat' dir='ltr'>quum</span> <span class='ocrx_word' id='word_1_111' title='bbox 966 1453 998 1514; x_wconf 85' lang='lat' dir='ltr'>in</span> <span class='ocrx_word' id='word_1_112' title='bbox 1024 1465 1109 1536; x_wconf 87' lang='lat' dir='ltr'>parte</span> <span class='ocrx_word' id='word_1_113' title='bbox 1136 1456 1326 1519; x_wconf 63' lang='lat' dir='ltr'>aliaproetrru.</span> 
     </span>
     <span class='ocr_line' id='line_1_14' title="bbox 152 1535 1197 1622; baseline 0.004 -22"><span class='ocrx_word' id='word_1_114' title='bbox 152 1537 258 1620; x_wconf 83' lang='lat' dir='ltr'>fugam</span> <span class='ocrx_word' id='word_1_115' title='bbox 276 1560 409 1616; x_wconf 87' lang='lat' dir='ltr'>suorum,</span> <span class='ocrx_word' id='word_1_116' title='bbox 433 1551 465 1602; x_wconf 91' lang='lat' dir='ltr'>et</span> <span class='ocrx_word' id='word_1_117' title='bbox 487 1559 582 1621; x_wconf 90' lang='lat' dir='ltr'>prope</span> <span class='ocrx_word' id='word_1_118' title='bbox 603 1537 669 1618; x_wconf 90' lang='lat' dir='ltr'>jam</span> <span class='ocrx_word' id='word_1_119' title='bbox 692 1535 731 1600; x_wconf 78' lang='lat' dir='ltr'>aid</span> <span class='ocrx_word' id='word_1_120' title='bbox 755 1539 821 1620; x_wconf 88' lang='lat' dir='ltr'>ipsa</span> <span class='ocrx_word' id='word_1_121' title='bbox 843 1551 944 1600; x_wconf 88' lang='lat' dir='ltr'>castra</span> <span class='ocrx_word' id='word_1_122' title='bbox 960 1539 1125 1602; x_wconf 89' lang='lat' dir='ltr'>clamorem</span> <span class='ocrx_word' id='word_1_123' title='bbox 1141 1561 1197 1622; x_wconf 86' lang='lat' dir='ltr'>pa-</span> 
     </span>
    </p>

    <p class='ocr_par' dir='ltr' id='par_1_9' title="bbox 152 1619 1196 1708">
     <span class='ocr_line' id='line_1_15' title="bbox 152 1619 1196 1708; baseline 0.003 -22"><span class='ocrx_word' id='word_1_124' title='bbox 152 1626 288 1686; x_wconf 84' lang='lat' dir='ltr'>ventium</span> <span class='ocrx_word' id='word_1_125' title='bbox 319 1646 471 1707; x_wconf 85' lang='lat' dir='ltr'>accepere.</span> <span class='ocrx_word' id='word_1_126' title='bbox 499 1699 501 1704; x_wconf 20' lang='grc' dir='ltr'>Ι</span> <span class='ocrx_word' id='word_1_127' title='bbox 537 1623 677 1708; x_wconf 87' lang='lat' dir='ltr'>Namque</span> <span class='ocrx_word' id='word_1_128' title='bbox 707 1624 877 1693; x_wconf 73' lang='lat' dir='ltr'>Antiochus</span> <span class='ocrx_word' id='word_1_129' title='bbox 906 1647 926 1686; x_wconf 91' lang='lat' dir='ltr'>a</span> <span class='ocrx_word' id='word_1_130' title='bbox 955 1626 1062 1687; x_wconf 87' lang='lat' dir='ltr'>dextro</span> <span class='ocrx_word' id='word_1_131' title='bbox 1091 1619 1196 1706; x_wconf 73' lang='lat' dir='ltr'>co&#39;rnu,</span> 
     </span>
    </p>

    <p class='ocr_par' dir='ltr' id='par_1_10' title="bbox 152 1710 1196 1795">
     <span class='ocr_line' id='line_1_16' title="bbox 152 1710 1196 1795; baseline 0.002 -23"><span class='ocrx_word' id='word_1_132' title='bbox 152 1732 245 1795; x_wconf 87' lang='lat' dir='ltr'>qurun</span> <span class='ocrx_word' id='word_1_133' title='bbox 273 1711 314 1773; x_wconf 91' lang='lat' dir='ltr'>ihi</span> <span class='ocrx_word' id='word_1_134' title='bbox 344 1712 454 1774; x_wconf 90' lang='lat' dir='ltr'>fiducia</span> <span class='ocrx_word' id='word_1_135' title='bbox 483 1710 614 1773; x_wconf 87' lang='lat' dir='ltr'>fluminis</span> <span class='ocrx_word' id='word_1_136' title='bbox 643 1711 727 1772; x_wconf 89' lang='lat' dir='ltr'>nulla</span> <span class='ocrx_word' id='word_1_137' title='bbox 755 1711 889 1772; x_wconf 85' lang='lat' dir='ltr'>subsidia</span> <span class='ocrx_word' id='word_1_138' title='bbox 917 1723 1066 1790; x_wconf 88' lang='lat' dir='ltr'>cerneret,</span> <span class='ocrx_word' id='word_1_139' title='bbox 1090 1713 1196 1794; x_wconf 79' lang='lat' dir='ltr'>praeter&#39;</span> 
     </span>
    </p>

    <p class='ocr_par' dir='ltr' id='par_1_11' title="bbox 154 1797 1195 1882">
     <span class='ocr_line' id='line_1_17' title="bbox 154 1797 1195 1882; baseline 0.001 -23"><span class='ocrx_word' id='word_1_140' title='bbox 154 1811 282 1879; x_wconf 86' lang='lat' dir='ltr'>quatuor</span> <span class='ocrx_word' id='word_1_141' title='bbox 308 1809 422 1862; x_wconf 87' lang='lat' dir='ltr'>turmas</span> <span class='ocrx_word' id='word_1_142' title='bbox 448 1798 596 1879; x_wconf 88' lang='lat' dir='ltr'>equitum,</span> <span class='ocrx_word' id='word_1_143' title='bbox 626 1809 658 1860; x_wconf 89' lang='lat' dir='ltr'>et</span> <span class='ocrx_word' id='word_1_144' title='bbox 684 1819 748 1875; x_wconf 84' lang='lat' dir='ltr'>eas,</span> <span class='ocrx_word' id='word_1_145' title='bbox 774 1797 846 1859; x_wconf 89' lang='lat' dir='ltr'>dum</span> <span class='ocrx_word' id='word_1_146' title='bbox 877 1799 1033 1881; x_wconf 89' lang='lat' dir='ltr'>adplicant</span> <span class='ocrx_word' id='word_1_147' title='bbox 1062 1819 1093 1860; x_wconf 83' lang='lat' dir='ltr'>se</span> <span class='ocrx_word' id='word_1_148' title='bbox 1122 1801 1195 1882; x_wconf 84' lang='lat' dir='ltr'>suis,</span> 
     </span>
    </p>

    <p class='ocr_par' dir='ltr' id='par_1_12' title="bbox 152 1884 1331 1967">
     <span class='ocr_line' id='line_1_18' title="bbox 152 1884 1331 1967; baseline 0.01 -21"><span class='ocrx_word' id='word_1_149' title='bbox 152 1885 250 1967; x_wconf 86' lang='lat' dir='ltr'>ripam</span> <span class='ocrx_word' id='word_1_150' title='bbox 266 1885 426 1962; x_wconf 88' lang='lat' dir='ltr'>nudantes,</span> <span class='ocrx_word' id='word_1_151' title='bbox 441 1886 577 1966; x_wconf 88' lang='lat' dir='ltr'>inpetum</span> <span class='ocrx_word' id='word_1_152' title='bbox 600 1884 631 1945; x_wconf 87' lang='lat' dir='ltr'>in</span> <span class='ocrx_word' id='word_1_153' title='bbox 651 1896 854 1966; x_wconf 86' lang='lat' dir='ltr'>campartem</span> <span class='ocrx_word' id='word_1_154' title='bbox 873 1905 943 1945; x_wconf 84' lang='lat' dir='ltr'>cum</span> <span class='ocrx_word' id='word_1_155' title='bbox 962 1885 1080 1945; x_wconf 81' lang='lat' dir='ltr'>auxiliis</span> <span class='ocrx_word' id='word_1_156' title='bbox 1097 1897 1128 1947; x_wconf 90' lang='lat' dir='ltr'>et</span> <span class='ocrx_word' id='word_1_157' title='bbox 1143 1905 1331 1958; x_wconf 66' lang='lat' dir='ltr'>casinatium</span> 
     </span>
    </p>
   </div>
   <div class='ocr_carea' id='block_1_3' title="bbox 51 1970 1361 2053">
    <p class='ocr_par' dir='ltr' id='par_1_13' title="bbox 51 1970 1361 2053">
     <span class='ocr_line' id='line_1_19' title="bbox 51 1970 1361 2053; baseline -0.002 -20"><span class='ocrx_word' id='word_1_158' title='bbox 51 2013 55 2022; x_wconf 87' lang='lat'>·</span> <span class='ocrx_word' id='word_1_159' title='bbox 153 1972 314 2053; x_wconf 85' lang='lat' dir='ltr'>taphracto</span> <span class='ocrx_word' id='word_1_160' title='bbox 334 1973 471 2052; x_wconf 87' lang='lat' dir='ltr'>equitatu</span> <span class='ocrx_word' id='word_1_161' title='bbox 491 1970 592 2033; x_wconf 85' lang='lat' dir='ltr'>fecit.¹</span> <span class='ocrx_word' id='word_1_162' title='bbox 613 1991 670 2032; x_wconf 91' lang='lat' dir='ltr'>nec</span> <span class='ocrx_word' id='word_1_163' title='bbox 689 1992 708 2030; x_wconf 89' lang='lat' dir='ltr'>a</span> <span class='ocrx_word' id='word_1_164' title='bbox 725 1971 824 2032; x_wconf 84' lang='lat' dir='ltr'>fronte</span> <span class='ocrx_word' id='word_1_165' title='bbox 839 1981 957 2032; x_wconf 88' lang='lat' dir='ltr'>tantum</span> <span class='ocrx_word' id='word_1_166' title='bbox 973 1971 1115 2047; x_wconf 87' lang='lat' dir='ltr'>instabat,</span> <span class='ocrx_word' id='word_1_167' title='bbox 1130 1973 1195 2051; x_wconf 89' lang='lat' dir='ltr'>sed,</span> <span class='ocrx_word' id='word_1_168' title='bbox 1207 1987 1278 2020; x_wconf 77' lang='lat' dir='ltr'>coma</span> <span class='ocrx_word' id='word_1_169' title='bbox 1290 1973 1361 2026; x_wconf 81' lang='lat' dir='ltr'>Rom·</span> 
     </span>
    </p>
   </div>
   <div class='ocr_carea' id='block_1_4' title="bbox 77 2035 1378 4306">
    <p class='ocr_par' dir='ltr' id='par_1_14' title="bbox 149 2035 1304 2312">
     <span class='ocr_line' id='line_1_20' title="bbox 152 2035 1304 2152; baseline 0.002 -34"><span class='ocrx_word' id='word_1_170' title='bbox 152 2058 312 2119; x_wconf 86' lang='lat' dir='ltr'>circumito</span> <span class='ocrx_word' id='word_1_171' title='bbox 333 2080 352 2120; x_wconf 90' lang='lat' dir='ltr'>a</span> <span class='ocrx_word' id='word_1_172' title='bbox 375 2058 497 2122; x_wconf 85' lang='lat' dir='ltr'>flumine</span> <span class='ocrx_word' id='word_1_173' title='bbox 517 2078 621 2135; x_wconf 85' lang='lat' dir='ltr'>cornu,</span> <span class='ocrx_word' id='word_1_174' title='bbox 639 2055 706 2136; x_wconf 88' lang='lat' dir='ltr'>jam</span> <span class='ocrx_word' id='word_1_175' title='bbox 728 2058 765 2118; x_wconf 89' lang='lat' dir='ltr'>ab</span> <span class='ocrx_word' id='word_1_176' title='bbox 785 2057 879 2118; x_wconf 89' lang='lat' dir='ltr'>latere</span> <span class='ocrx_word' id='word_1_177' title='bbox 899 2057 1066 2140; x_wconf 82' lang='lat' dir='ltr'>urguebst3</span> <span class='ocrx_word' id='word_1_178' title='bbox 1098 2035 1304 2152; x_wconf 52' lang='lat' dir='ltr'>doneeffijd</span> 
     </span>
     <span class='ocr_line' id='line_1_21' title="bbox 152 2137 1288 2226; baseline 0.004 -22"><span class='ocrx_word' id='word_1_179' title='bbox 152 2143 250 2226; x_wconf 80' lang='lat' dir='ltr'>fugati</span> <span class='ocrx_word' id='word_1_180' title='bbox 269 2145 386 2226; x_wconf 82' lang='lat' dir='ltr'>equites</span> <span class='ocrx_word' id='word_1_181' title='bbox 402 2145 544 2226; x_wconf 88' lang='lat' dir='ltr'>primurn,</span> <span class='ocrx_word' id='word_1_182' title='bbox 559 2143 668 2205; x_wconf 89' lang='lat' dir='ltr'>deinde</span> <span class='ocrx_word' id='word_1_183' title='bbox 683 2143 813 2225; x_wconf 84' lang='lat' dir='ltr'>proximi</span> <span class='ocrx_word' id='word_1_184' title='bbox 830 2143 966 2226; x_wconf 91' lang='lat' dir='ltr'>peditum</span> <span class='ocrx_word' id='word_1_185' title='bbox 989 2142 1085 2205; x_wconf 81' lang='lat' dir='ltr'>effuso</span> <span class='ocrx_word' id='word_1_186' title='bbox 1107 2165 1195 2209; x_wconf 91' lang='lat' dir='ltr'>cursu</span> <span class='ocrx_word' id='word_1_187' title='bbox 1283 2137 1288 2150; x_wconf 64' lang='lat'>¹</span> 
     </span>
     <span class='ocr_line' id='line_1_22' title="bbox 149 2231 563 2312; baseline -0.01 -18"><span class='ocrx_word' id='word_1_188' title='bbox 149 2231 191 2294; x_wconf 80' lang='lat' dir='ltr'>ad</span> <span class='ocrx_word' id='word_1_189' title='bbox 208 2242 306 2292; x_wconf 87' lang='lat' dir='ltr'>castra</span> <span class='ocrx_word' id='word_1_190' title='bbox 321 2231 467 2312; x_wconf 90' lang='lat' dir='ltr'>compulsi</span> <span class='ocrx_word' id='word_1_191' title='bbox 482 2241 563 2292; x_wconf 78' lang='lat' dir='ltr'>sunt,</span> 
     </span>
    </p>

    <p class='ocr_par' dir='ltr' id='par_1_15' title="bbox 77 2313 1378 4306">
     <span class='ocr_line' id='line_1_23' title="bbox 195 2313 1195 2398; baseline 0.002 -20"><span class='ocrx_word' id='word_1_192' title='bbox 195 2315 311 2378; x_wconf 83' lang='lat' dir='ltr'>XLIII.</span> <span class='ocrx_word' id='word_1_193' title='bbox 344 2316 473 2378; x_wconf 86' lang='lat' dir='ltr'>Praeerat</span> <span class='ocrx_word' id='word_1_194' title='bbox 502 2317 607 2378; x_wconf 87' lang='lat' dir='ltr'>castris</span> <span class='ocrx_word' id='word_1_195' title='bbox 637 2313 684 2376; x_wconf 89' lang='lat' dir='ltr'>M.</span> <span class='ocrx_word' id='word_1_196' title='bbox 712 2313 855 2377; x_wconf 87' lang='lat' dir='ltr'>AEmilius</span> <span class='ocrx_word' id='word_1_197' title='bbox 886 2317 1022 2378; x_wconf 87' lang='lat' dir='ltr'>tribunus</span> <span class='ocrx_word' id='word_1_198' title='bbox 1052 2317 1195 2398; x_wconf 81' lang='lat' dir='ltr'>militum,</span> 
     </span>
     <span class='ocr_line' id='line_1_24' title="bbox 106 2401 1195 2486; baseline 0.005 -24"><span class='ocrx_word' id='word_1_199' title='bbox 106 2417 110 2421; x_wconf 88' lang='grc'><em>·</em></span> <span class='ocrx_word' id='word_1_200' title='bbox 149 2401 200 2466; x_wconf 83' lang='grc' dir='ltr'>Μ.</span> <span class='ocrx_word' id='word_1_201' title='bbox 216 2401 324 2485; x_wconf 85' lang='lat' dir='ltr'>Lepidi</span> <span class='ocrx_word' id='word_1_202' title='bbox 342 2403 431 2479; x_wconf 92' lang='lat' dir='ltr'>filius,</span> <span class='ocrx_word' id='word_1_203' title='bbox 451 2403 502 2483; x_wconf 91' lang='lat' dir='ltr'>qui</span> <span class='ocrx_word' id='word_1_204' title='bbox 517 2415 587 2484; x_wconf 88' lang='lat' dir='ltr'>post</span> <span class='ocrx_word' id='word_1_205' title='bbox 601 2423 713 2486; x_wconf 87' lang='lat' dir='ltr'>paucos</span> <span class='ocrx_word' id='word_1_206' title='bbox 728 2413 863 2480; x_wconf 67' lang='grc' dir='ltr'>ειηηοε,1ιὶ</span> <span class='ocrx_word' id='word_1_207' title='bbox 884 2401 1022 2484; x_wconf 84' lang='lat' dir='ltr'>pontifex</span> <span class='ocrx_word' id='word_1_208' title='bbox 1044 2404 1195 2467; x_wconf 78' lang='lat' dir='ltr'>maximus</span> 
     </span>
     <span class='ocr_line' id='line_1_25' title="bbox 150 2487 1194 2570; baseline 0.002 -20"><span class='ocrx_word' id='word_1_209' title='bbox 150 2489 250 2552; x_wconf 81' lang='lat' dir='ltr'>factus</span> <span class='ocrx_word' id='word_1_210' title='bbox 276 2501 332 2551; x_wconf 87' lang='lat' dir='ltr'>est.</span> <span class='ocrx_word' id='word_1_211' title='bbox 392 2487 432 2567; x_wconf 84' lang='lat' dir='ltr'>Is,</span> <span class='ocrx_word' id='word_1_212' title='bbox 457 2510 517 2570; x_wconf 89' lang='lat' dir='ltr'>qua</span> <span class='ocrx_word' id='word_1_213' title='bbox 539 2487 642 2570; x_wconf 80' lang='lat' dir='ltr'>lugam</span> <span class='ocrx_word' id='word_1_214' title='bbox 664 2489 809 2550; x_wconf 82' lang='lat' dir='ltr'>cernebat</span> <span class='ocrx_word' id='word_1_215' title='bbox 823 2509 955 2566; x_wconf 87' lang='lat' dir='ltr'>suorum,</span> <span class='ocrx_word' id='word_1_216' title='bbox 970 2510 1039 2550; x_wconf 93' lang='lat' dir='ltr'>cum</span> <span class='ocrx_word' id='word_1_217' title='bbox 1056 2491 1194 2570; x_wconf 76' lang='lat' dir='ltr'>prasidio</span> 
     </span>
     <span class='ocr_line' id='line_1_26' title="bbox 147 2573 1193 2662; baseline 0.005 -26"><span class='ocrx_word' id='word_1_218' title='bbox 147 2577 234 2636; x_wconf 87' lang='lat' dir='ltr'>omni</span> <span class='ocrx_word' id='word_1_219' title='bbox 260 2575 394 2637; x_wconf 90' lang='lat' dir='ltr'>obcurrit</span> <span class='ocrx_word' id='word_1_220' title='bbox 401 2597 413 2653; x_wconf 88' lang='lat'>;</span> <span class='ocrx_word' id='word_1_221' title='bbox 438 2588 482 2662; x_wconf 49' lang='lat' dir='ltr'>et·</span> <span class='ocrx_word' id='word_1_222' title='bbox 493 2589 576 2637; x_wconf 87' lang='lat' dir='ltr'>stare</span> <span class='ocrx_word' id='word_1_223' title='bbox 600 2575 710 2656; x_wconf 89' lang='lat' dir='ltr'>primo,</span> <span class='ocrx_word' id='word_1_224' title='bbox 733 2573 841 2635; x_wconf 89' lang='lat' dir='ltr'>deinde</span> <span class='ocrx_word' id='word_1_225' title='bbox 865 2573 962 2635; x_wconf 88' lang='lat' dir='ltr'>redire</span> <span class='ocrx_word' id='word_1_226' title='bbox 992 2575 1023 2636; x_wconf 89' lang='lat' dir='ltr'>in</span> <span class='ocrx_word' id='word_1_227' title='bbox 1047 2596 1193 2658; x_wconf 83' lang='lat' dir='ltr'>pugnarn,</span> 
     </span>
     <span class='ocr_line' id='line_1_27' title="bbox 143 2657 1192 2743; baseline 0.002 -21"><span class='ocrx_word' id='word_1_228' title='bbox 143 2660 284 2742; x_wconf 88' lang='lat' dir='ltr'>jubebat,</span> <span class='ocrx_word' id='word_1_229' title='bbox 299 2681 441 2743; x_wconf 82' lang='lat' dir='ltr'>pavorem</span> <span class='ocrx_word' id='word_1_230' title='bbox 456 2671 488 2722; x_wconf 90' lang='lat' dir='ltr'>et</span> <span class='ocrx_word' id='word_1_231' title='bbox 502 2672 621 2742; x_wconf 84' lang='lat' dir='ltr'>turpem</span> <span class='ocrx_word' id='word_1_232' title='bbox 636 2661 740 2742; x_wconf 81' lang='lat' dir='ltr'>fugam</span> <span class='ocrx_word' id='word_1_233' title='bbox 755 2659 924 2740; x_wconf 90' lang='lat' dir='ltr'>increpans.</span> <span class='ocrx_word' id='word_1_234' title='bbox 972 2657 1066 2722; x_wconf 84' lang='lat' dir='ltr'>Minas</span> <span class='ocrx_word' id='word_1_235' title='bbox 1081 2662 1192 2724; x_wconf 87' lang='lat' dir='ltr'>exinde</span> 
     </span>
     <span class='ocr_line' id='line_1_28' title="bbox 148 2745 1192 2829; baseline 0.003 -21"><span class='ocrx_word' id='word_1_236' title='bbox 148 2759 246 2824; x_wconf 85' lang='lat' dir='ltr'>erant,</span> <span class='ocrx_word' id='word_1_237' title='bbox 270 2749 301 2808; x_wconf 90' lang='lat' dir='ltr'>in</span> <span class='ocrx_word' id='word_1_238' title='bbox 323 2747 487 2829; x_wconf 88' lang='lat' dir='ltr'>perniciem</span> <span class='ocrx_word' id='word_1_239' title='bbox 510 2767 596 2808; x_wconf 87' lang='lat' dir='ltr'>suam</span> <span class='ocrx_word' id='word_1_240' title='bbox 622 2767 717 2808; x_wconf 76' lang='lat' dir='ltr'>caecos</span> <span class='ocrx_word' id='word_1_241' title='bbox 748 2767 845 2824; x_wconf 83' lang='lat' dir='ltr'>ruere,</span> <span class='ocrx_word' id='word_1_242' title='bbox 867 2747 899 2807; x_wconf 89' lang='lat' dir='ltr'>ni</span> <span class='ocrx_word' id='word_1_243' title='bbox 929 2745 1012 2808; x_wconf 92' lang='lat' dir='ltr'>dicto</span> <span class='ocrx_word' id='word_1_244' title='bbox 1041 2761 1192 2829; x_wconf 87' lang='lat' dir='ltr'>parerent.</span> 
     </span>
     <span class='ocr_line' id='line_1_29' title="bbox 148 2832 1193 2916; baseline 0.002 -22"><span class='ocrx_word' id='word_1_245' title='bbox 148 2845 304 2916; x_wconf 90' lang='lat' dir='ltr'>postremo</span> <span class='ocrx_word' id='word_1_246' title='bbox 330 2834 385 2894; x_wconf 87' lang='lat' dir='ltr'>dat</span> <span class='ocrx_word' id='word_1_247' title='bbox 410 2833 529 2914; x_wconf 83' lang='lat' dir='ltr'>signnm</span> <span class='ocrx_word' id='word_1_248' title='bbox 553 2833 626 2910; x_wconf 90' lang='lat' dir='ltr'>suis,</span> <span class='ocrx_word' id='word_1_249' title='bbox 656 2845 690 2894; x_wconf 96' lang='lat' dir='ltr'>ut</span> <span class='ocrx_word' id='word_1_250' title='bbox 719 2833 831 2916; x_wconf 86' lang='lat' dir='ltr'>primos</span> <span class='ocrx_word' id='word_1_251' title='bbox 855 2832 1035 2914; x_wconf 81' lang='lat' dir='ltr'>fugientium</span> <span class='ocrx_word' id='word_1_252' title='bbox 1062 2835 1193 2914; x_wconf 78' lang='lat' dir='ltr'>credaut,</span> 
     </span>
     <span class='ocr_line' id='line_1_30' title="bbox 149 2918 1193 3002; baseline 0 -20"><span class='ocrx_word' id='word_1_253' title='bbox 149 2921 268 2982; x_wconf 69' lang='lat' dir='ltr'>arrham</span> <span class='ocrx_word' id='word_1_254' title='bbox 290 2918 512 3001; x_wconf 88' lang='lat' dir='ltr'>insequentium</span> <span class='ocrx_word' id='word_1_255' title='bbox 535 2918 615 2981; x_wconf 86' lang='lat' dir='ltr'>serro</span> <span class='ocrx_word' id='word_1_256' title='bbox 631 2931 663 2980; x_wconf 91' lang='lat' dir='ltr'>et</span> <span class='ocrx_word' id='word_1_257' title='bbox 677 2919 847 2980; x_wconf 88' lang='lat' dir='ltr'>vulneribus</span> <span class='ocrx_word' id='word_1_258' title='bbox 870 2919 901 2980; x_wconf 89' lang='lat' dir='ltr'>in</span> <span class='ocrx_word' id='word_1_259' title='bbox 917 2921 1018 2980; x_wconf 88' lang='lat' dir='ltr'>hostes</span> <span class='ocrx_word' id='word_1_260' title='bbox 1041 2920 1193 3002; x_wconf 84' lang='lat' dir='ltr'>redigant.</span> 
     </span>
     <span class='ocr_line' id='line_1_31' title="bbox 142 3004 1294 3089; baseline -0.002 -19"><span class='ocrx_word' id='word_1_261' title='bbox 142 3004 210 3070; x_wconf 74' lang='lat' dir='ltr'>Hic</span> <span class='ocrx_word' id='word_1_262' title='bbox 233 3005 330 3087; x_wconf 87' lang='lat' dir='ltr'>major</span> <span class='ocrx_word' id='word_1_263' title='bbox 351 3006 442 3069; x_wconf 90' lang='lat' dir='ltr'>timor</span> <span class='ocrx_word' id='word_1_264' title='bbox 462 3007 611 3068; x_wconf 87' lang='lat' dir='ltr'>minorem</span> <span class='ocrx_word' id='word_1_265' title='bbox 631 3006 712 3067; x_wconf 86' lang='lat' dir='ltr'>vicit.</span> <span class='ocrx_word' id='word_1_266' title='bbox 733 3005 862 3088; x_wconf 82' lang='lat' dir='ltr'>ancipiti</span> <span class='ocrx_word' id='word_1_267' title='bbox 882 3006 979 3066; x_wconf 87' lang='lat' dir='ltr'>coacti</span> <span class='ocrx_word' id='word_1_268' title='bbox 995 3017 1078 3066; x_wconf 87' lang='lat' dir='ltr'>metu</span> <span class='ocrx_word' id='word_1_269' title='bbox 1093 3007 1192 3089; x_wconf 89' lang='lat' dir='ltr'>primo</span> <span class='ocrx_word' id='word_1_270' title='bbox 1223 3071 1225 3076; x_wconf 73' lang='grc'>,</span> <span class='ocrx_word' id='word_1_271' title='bbox 1291 3070 1294 3079; x_wconf 76' lang='grc'><strong>,</strong></span> 
     </span>
     <span class='ocr_line' id='line_1_32' title="bbox 147 3091 1193 3174; baseline -0.001 -21"><span class='ocrx_word' id='word_1_272' title='bbox 147 3093 349 3156; x_wconf 88' lang='lat' dir='ltr'>constiterunt</span> <span class='ocrx_word' id='word_1_273' title='bbox 357 3115 367 3169; x_wconf 93' lang='lat'>;</span> <span class='ocrx_word' id='word_1_274' title='bbox 392 3092 501 3154; x_wconf 86' lang='lat' dir='ltr'>deinde</span> <span class='ocrx_word' id='word_1_275' title='bbox 523 3092 636 3174; x_wconf 84' lang='lat' dir='ltr'>stipsi</span> <span class='ocrx_word' id='word_1_276' title='bbox 659 3091 811 3152; x_wconf 88' lang='lat' dir='ltr'>redierunt</span> <span class='ocrx_word' id='word_1_277' title='bbox 833 3092 865 3152; x_wconf 84' lang='lat' dir='ltr'>in</span> <span class='ocrx_word' id='word_1_278' title='bbox 880 3111 1025 3174; x_wconf 87' lang='lat' dir='ltr'>pugnam,</span> <span class='ocrx_word' id='word_1_279' title='bbox 1044 3103 1075 3153; x_wconf 88' lang='lat' dir='ltr'>et</span> <span class='ocrx_word' id='word_1_280' title='bbox 1089 3091 1193 3154; x_wconf 88' lang='lat' dir='ltr'>AEmi-</span> 
     </span>
     <span class='ocr_line' id='line_1_33' title="bbox 146 3175 1191 3262; baseline -0.001 -22"><span class='ocrx_word' id='word_1_281' title='bbox 146 3179 204 3242; x_wconf 90' lang='lat' dir='ltr'>lius</span> <span class='ocrx_word' id='word_1_282' title='bbox 230 3201 298 3241; x_wconf 89' lang='lat' dir='ltr'>cum</span> <span class='ocrx_word' id='word_1_283' title='bbox 323 3200 378 3240; x_wconf 91' lang='lat' dir='ltr'>suo</span> <span class='ocrx_word' id='word_1_284' title='bbox 400 3178 539 3260; x_wconf 74' lang='lat' dir='ltr'>presidio</span> <span class='ocrx_word' id='word_1_285' title='bbox 558 3175 656 3256; x_wconf 89' lang='lat' dir='ltr'>(erant</span> <span class='ocrx_word' id='word_1_286' title='bbox 677 3189 779 3238; x_wconf 88' lang='lat' dir='ltr'>autern</span> <span class='ocrx_word' id='word_1_287' title='bbox 795 3177 856 3238; x_wconf 90' lang='lat' dir='ltr'>duo</span> <span class='ocrx_word' id='word_1_288' title='bbox 875 3177 969 3262; x_wconf 80' lang='lat' dir='ltr'>millia</span> <span class='ocrx_word' id='word_1_289' title='bbox 982 3177 1113 3240; x_wconf 87' lang='lat' dir='ltr'>virorum</span> <span class='ocrx_word' id='word_1_290' title='bbox 1129 3177 1191 3248; x_wconf 79' lang='lat' dir='ltr'>for,-</span> 
     </span>
     <span class='ocr_line' id='line_1_34' title="bbox 147 3261 1191 3348; baseline -0.005 -20"><span class='ocrx_word' id='word_1_291' title='bbox 147 3266 238 3348; x_wconf 86' lang='lat' dir='ltr'>tium)</span> <span class='ocrx_word' id='word_1_292' title='bbox 269 3266 361 3328; x_wconf 88' lang='lat' dir='ltr'>effuse</span> <span class='ocrx_word' id='word_1_293' title='bbox 390 3265 528 3346; x_wconf 91' lang='lat' dir='ltr'>sequenti</span> <span class='ocrx_word' id='word_1_294' title='bbox 558 3265 620 3345; x_wconf 85' lang='lat' dir='ltr'>regi</span> <span class='ocrx_word' id='word_1_295' title='bbox 657 3265 765 3327; x_wconf 88' lang='lat' dir='ltr'>acriter</span> <span class='ocrx_word' id='word_1_296' title='bbox 797 3263 918 3326; x_wconf 86' lang='lat' dir='ltr'>restitit.</span> <span class='ocrx_word' id='word_1_297' title='bbox 987 3261 1029 3324; x_wconf 88' lang='lat' dir='ltr'>Et</span> <span class='ocrx_word' id='word_1_298' title='bbox 1056 3263 1191 3342; x_wconf 80' lang='lat' dir='ltr'>Attalus,</span> 
     </span>
     <span class='ocr_line' id='line_1_35' title="bbox 145 3347 1191 3433; baseline -0.002 -19"><span class='ocrx_word' id='word_1_299' title='bbox 145 3349 292 3414; x_wconf 85' lang='lat' dir='ltr'>Eumenis</span> <span class='ocrx_word' id='word_1_300' title='bbox 307 3352 410 3428; x_wconf 82' lang='lat' dir='ltr'>frater,</span> <span class='ocrx_word' id='word_1_301' title='bbox 431 3371 450 3412; x_wconf 90' lang='lat' dir='ltr'>a</span> <span class='ocrx_word' id='word_1_302' title='bbox 464 3351 573 3412; x_wconf 88' lang='lat' dir='ltr'>dextro</span> <span class='ocrx_word' id='word_1_303' title='bbox 581 3369 693 3427; x_wconf 82' lang='lat' dir='ltr'>cornu,</span> <span class='ocrx_word' id='word_1_304' title='bbox 710 3371 728 3410; x_wconf 91' lang='lat' dir='ltr'>a</span> <span class='ocrx_word' id='word_1_305' title='bbox 746 3371 805 3431; x_wconf 90' lang='lat' dir='ltr'>quo</span> <span class='ocrx_word' id='word_1_306' title='bbox 821 3349 926 3410; x_wconf 80' lang='lat' dir='ltr'>laevum</span> <span class='ocrx_word' id='word_1_307' title='bbox 942 3347 1074 3412; x_wconf 88' lang='lat' dir='ltr'>hostium</span> <span class='ocrx_word' id='word_1_308' title='bbox 1090 3351 1191 3433; x_wconf 87' lang='lat' dir='ltr'>primo</span> 
     </span>
     <span class='ocr_line' id='line_1_36' title="bbox 147 3435 1191 3522; baseline -0.001 -22"><span class='ocrx_word' id='word_1_309' title='bbox 147 3439 253 3522; x_wconf 88' lang='lat' dir='ltr'>inpetu</span> <span class='ocrx_word' id='word_1_310' title='bbox 267 3439 404 3520; x_wconf 83' lang='lat' dir='ltr'>fugatum</span> <span class='ocrx_word' id='word_1_311' title='bbox 420 3436 528 3514; x_wconf 86' lang='lat' dir='ltr'>suerat,</span> <span class='ocrx_word' id='word_1_312' title='bbox 540 3447 574 3498; x_wconf 92' lang='lat' dir='ltr'>ut</span> <span class='ocrx_word' id='word_1_313' title='bbox 587 3438 626 3499; x_wconf 88' lang='lat' dir='ltr'>ab</span> <span class='ocrx_word' id='word_1_314' title='bbox 640 3437 761 3498; x_wconf 84' lang='lat' dir='ltr'>sinistro</span> <span class='ocrx_word' id='word_1_315' title='bbox 778 3435 879 3517; x_wconf 82' lang='lat' dir='ltr'>fugam</span> <span class='ocrx_word' id='word_1_316' title='bbox 895 3457 1015 3498; x_wconf 88' lang='lat' dir='ltr'>suorum</span> <span class='ocrx_word' id='word_1_317' title='bbox 1032 3448 1063 3498; x_wconf 90' lang='lat' dir='ltr'>et</span> <span class='ocrx_word' id='word_1_318' title='bbox 1078 3438 1191 3498; x_wconf 84' lang='lat' dir='ltr'>tumul-</span> 
     </span>
     <span class='ocr_line' id='line_1_37' title="bbox 147 3521 1191 3606; baseline -0.001 -18"><span class='ocrx_word' id='word_1_319' title='bbox 147 3537 215 3596; x_wconf 83' lang='lat' dir='ltr'>tum</span> <span class='ocrx_word' id='word_1_320' title='bbox 242 3525 323 3587; x_wconf 89' lang='lat' dir='ltr'>circa</span> <span class='ocrx_word' id='word_1_321' title='bbox 349 3535 449 3587; x_wconf 88' lang='lat' dir='ltr'>castra</span> <span class='ocrx_word' id='word_1_322' title='bbox 472 3523 548 3586; x_wconf 86' lang='lat' dir='ltr'>vidit</span> <span class='ocrx_word' id='word_1_323' title='bbox 572 3523 603 3584; x_wconf 89' lang='lat' dir='ltr'>in</span> <span class='ocrx_word' id='word_1_324' title='bbox 629 3534 766 3606; x_wconf 89' lang='lat' dir='ltr'>tempore</span> <span class='ocrx_word' id='word_1_325' title='bbox 793 3543 862 3584; x_wconf 87' lang='lat' dir='ltr'>cum</span> <span class='ocrx_word' id='word_1_326' title='bbox 883 3521 1020 3586; x_wconf 88' lang='lat' dir='ltr'>ducentis</span> <span class='ocrx_word' id='word_1_327' title='bbox 1041 3525 1191 3606; x_wconf 87' lang='lat' dir='ltr'>equitibus</span> 
     </span>
     <span class='ocr_line' id='line_1_38' title="bbox 145 3610 1336 3696; baseline -0.002 -24"><span class='ocrx_word' id='word_1_328' title='bbox 145 3611 277 3674; x_wconf 86' lang='lat' dir='ltr'>advenit.</span> <span class='ocrx_word' id='word_1_329' title='bbox 331 3610 513 3689; x_wconf 87' lang='lat' dir='ltr'>Antiochus,</span> <span class='ocrx_word' id='word_1_330' title='bbox 528 3623 688 3693; x_wconf 87' lang='lat' dir='ltr'>postquam</span> <span class='ocrx_word' id='word_1_331' title='bbox 713 3621 744 3670; x_wconf 91' lang='lat' dir='ltr'>et</span> <span class='ocrx_word' id='word_1_332' title='bbox 766 3631 829 3685; x_wconf 85' lang='lat' dir='ltr'>eos,</span> <span class='ocrx_word' id='word_1_333' title='bbox 846 3630 973 3690; x_wconf 88' lang='lat' dir='ltr'>quorum</span> <span class='ocrx_word' id='word_1_334' title='bbox 992 3623 1077 3692; x_wconf 83' lang='lat' dir='ltr'>terga</span> <span class='ocrx_word' id='word_1_335' title='bbox 1097 3612 1190 3674; x_wconf 90' lang='lat' dir='ltr'>modo</span> <span class='ocrx_word' id='word_1_336' title='bbox 1205 3617 1336 3696; x_wconf 64' lang='lat' dir='ltr'>Reparatur</span> 
     </span>
     <span class='ocr_line' id='line_1_39' title="bbox 77 3684 1343 3798; baseline 0.002 -40"><span class='ocrx_word' id='word_1_337' title='bbox 77 3727 79 3730; x_wconf 95' lang='lat'>·</span> <span class='ocrx_word' id='word_1_338' title='bbox 145 3698 272 3776; x_wconf 82' lang='lat' dir='ltr'>viderat,</span> <span class='ocrx_word' id='word_1_339' title='bbox 287 3709 459 3780; x_wconf 88' lang='lat' dir='ltr'>repetentes</span> <span class='ocrx_word' id='word_1_340' title='bbox 474 3717 617 3778; x_wconf 83' lang='lat' dir='ltr'>pugnam,</span> <span class='ocrx_word' id='word_1_341' title='bbox 638 3709 670 3759; x_wconf 92' lang='lat' dir='ltr'>et</span> <span class='ocrx_word' id='word_1_342' title='bbox 691 3696 783 3758; x_wconf 87' lang='lat' dir='ltr'>aliam</span> <span class='ocrx_word' id='word_1_343' title='bbox 805 3707 837 3756; x_wconf 90' lang='lat' dir='ltr'>et</span> <span class='ocrx_word' id='word_1_344' title='bbox 860 3718 878 3757; x_wconf 89' lang='lat' dir='ltr'>a</span> <span class='ocrx_word' id='word_1_345' title='bbox 900 3695 1007 3757; x_wconf 88' lang='lat' dir='ltr'>castris</span> <span class='ocrx_word' id='word_1_346' title='bbox 1024 3711 1109 3761; x_wconf 90' lang='lat' dir='ltr'>etex</span> <span class='ocrx_word' id='word_1_347' title='bbox 1125 3684 1343 3798; x_wconf 56' lang='lat' dir='ltr'>aciednpffithffi»</span> 
     </span>
     <span class='ocr_line' id='line_1_40' title="bbox 145 3760 1378 3864; baseline 0 -18"><span class='ocrx_word' id='word_1_348' title='bbox 145 3783 332 3848; x_wconf 82' lang='lat' dir='ltr'>adfluentem</span> <span class='ocrx_word' id='word_1_349' title='bbox 354 3785 474 3847; x_wconf 86' lang='lat' dir='ltr'>turbam</span> <span class='ocrx_word' id='word_1_350' title='bbox 497 3783 666 3864; x_wconf 89' lang='lat' dir='ltr'>conspexit,</span> <span class='ocrx_word' id='word_1_351' title='bbox 687 3783 718 3844; x_wconf 87' lang='lat' dir='ltr'>iu</span> <span class='ocrx_word' id='word_1_352' title='bbox 736 3781 838 3863; x_wconf 84' lang='lat' dir='ltr'>fugam</span> <span class='ocrx_word' id='word_1_353' title='bbox 854 3784 943 3844; x_wconf 90' lang='lat' dir='ltr'>vertit</span> <span class='ocrx_word' id='word_1_354' title='bbox 965 3804 1085 3864; x_wconf 89' lang='lat' dir='ltr'>equum.</span> <span class='ocrx_word' id='word_1_355' title='bbox 1142 3760 1227 3846; x_wconf 74' lang='lat' dir='ltr'>ltaet</span> <span class='ocrx_word' id='word_1_356' title='bbox 1249 3761 1308 3812; x_wconf 47' lang='grc' dir='ltr'>’μ’</span> <span class='ocrx_word' id='word_1_357' title='bbox 1373 3799 1378 3806; x_wconf 89' lang='grc'><strong>’</strong></span> 
     </span>
     <span class='ocr_line' id='line_1_41' title="bbox 144 3869 1193 3953; baseline 0 -21"><span class='ocrx_word' id='word_1_358' title='bbox 144 3879 279 3953; x_wconf 88' lang='lat' dir='ltr'>utroque&#39;</span> <span class='ocrx_word' id='word_1_359' title='bbox 297 3892 389 3933; x_wconf 89' lang='lat' dir='ltr'>cornu</span> <span class='ocrx_word' id='word_1_360' title='bbox 411 3873 541 3932; x_wconf 85' lang='lat' dir='ltr'>victores</span> <span class='ocrx_word' id='word_1_361' title='bbox 556 3869 686 3931; x_wconf 86' lang='lat' dir='ltr'>Romani</span> <span class='ocrx_word' id='word_1_362' title='bbox 701 3891 756 3952; x_wconf 90' lang='lat' dir='ltr'>per</span> <span class='ocrx_word' id='word_1_363' title='bbox 779 3889 901 3930; x_wconf 75' lang='lat' dir='ltr'>acervos</span> <span class='ocrx_word' id='word_1_364' title='bbox 923 3890 1083 3951; x_wconf 90' lang='lat' dir='ltr'>corporum</span> <span class='ocrx_word' id='word_1_365' title='bbox 1103 3869 1193 3951; x_wconf 89' lang='lat' dir='ltr'>(quos</span> 
     </span>
     <span class='ocr_line' id='line_1_42' title="bbox 136 3955 1190 4034; baseline -0.008 -9"><span class='ocrx_word' id='word_1_366' title='bbox 136 3958 179 4024; x_wconf 80' lang='lat' dir='ltr'>,in</span> <span class='ocrx_word' id='word_1_367' title='bbox 209 3959 311 4020; x_wconf 87' lang='lat' dir='ltr'>media</span> <span class='ocrx_word' id='word_1_368' title='bbox 339 3957 471 4020; x_wconf 82' lang='lat' dir='ltr'>maxime</span> <span class='ocrx_word' id='word_1_369' title='bbox 502 3956 567 4017; x_wconf 87' lang='lat' dir='ltr'>acie</span> <span class='ocrx_word' id='word_1_370' title='bbox 598 3957 840 4034; x_wconf 76' lang='lat' dir='ltr'>cumulaverant,</span> <span class='ocrx_word' id='word_1_371' title='bbox 862 3955 913 4016; x_wconf 92' lang='lat' dir='ltr'>ubi</span> <span class='ocrx_word' id='word_1_372' title='bbox 943 3967 976 4017; x_wconf 89' lang='lat' dir='ltr'>et</span> <span class='ocrx_word' id='word_1_373' title='bbox 1006 3957 1096 4018; x_wconf 91' lang='lat' dir='ltr'>robur</span> <span class='ocrx_word' id='word_1_374' title='bbox 1126 3956 1190 4017; x_wconf 87' lang='lat' dir='ltr'>for-</span> 
     </span>
     <span class='ocr_line' id='line_1_43' title="bbox 145 4041 1188 4125; baseline -0.001 -19"><span class='ocrx_word' id='word_1_375' title='bbox 145 4045 331 4108; x_wconf 88' lang='lat' dir='ltr'>tissimorum</span> <span class='ocrx_word' id='word_1_376' title='bbox 354 4044 495 4120; x_wconf 83' lang='lat' dir='ltr'>virorum,</span> <span class='ocrx_word' id='word_1_377' title='bbox 519 4055 551 4104; x_wconf 86' lang='lat' dir='ltr'>ct</span> <span class='ocrx_word' id='word_1_378' title='bbox 576 4064 661 4104; x_wconf 87' lang='lat' dir='ltr'>anna</span> <span class='ocrx_word' id='word_1_379' title='bbox 685 4043 833 4124; x_wconf 87' lang='lat' dir='ltr'>gravitate</span> <span class='ocrx_word' id='word_1_380' title='bbox 849 4041 951 4122; x_wconf 83' lang='lat' dir='ltr'>fugam</span> <span class='ocrx_word' id='word_1_381' title='bbox 973 4042 1188 4125; x_wconf 82' lang='lat' dir='ltr'>impedierant)</span> 
     </span>
     <span class='ocr_line' id='line_1_44' title="bbox 145 4127 1188 4214; baseline -0.002 -21"><span class='ocrx_word' id='word_1_382' title='bbox 145 4144 277 4214; x_wconf 81' lang='lat' dir='ltr'>pergunt</span> <span class='ocrx_word' id='word_1_383' title='bbox 300 4131 339 4192; x_wconf 85' lang='lat' dir='ltr'>ad</span> <span class='ocrx_word' id='word_1_384' title='bbox 359 4141 460 4192; x_wconf 86' lang='lat' dir='ltr'>castra</span> <span class='ocrx_word' id='word_1_385' title='bbox 475 4129 654 4212; x_wconf 85' lang='lat' dir='ltr'>diripienda.</span> <span class='ocrx_word' id='word_1_386' title='bbox 680 4129 795 4210; x_wconf 87' lang='lat' dir='ltr'>equites</span> <span class='ocrx_word' id='word_1_387' title='bbox 812 4129 903 4210; x_wconf 89' lang='lat' dir='ltr'>primi</span> <span class='ocrx_word' id='word_1_388' title='bbox 924 4129 1059 4190; x_wconf 89' lang='lat' dir='ltr'>omnium</span> <span class='ocrx_word' id='word_1_389' title='bbox 1075 4127 1188 4204; x_wconf 86' lang='lat' dir='ltr'>Eume-</span> 
     </span>
     <span class='ocr_line' id='line_1_45' title="bbox 144 4207 1278 4306; baseline -0.001 -26"><span class='ocrx_word' id='word_1_390' title='bbox 144 4217 204 4298; x_wconf 87' lang='lat' dir='ltr'>nis,</span> <span class='ocrx_word' id='word_1_391' title='bbox 219 4216 330 4280; x_wconf 89' lang='lat' dir='ltr'>deinde</span> <span class='ocrx_word' id='word_1_392' title='bbox 349 4229 381 4279; x_wconf 88' lang='lat' dir='ltr'>et</span> <span class='ocrx_word' id='word_1_393' title='bbox 403 4216 479 4278; x_wconf 85' lang='lat' dir='ltr'>alius</span> <span class='ocrx_word' id='word_1_394' title='bbox 500 4217 651 4300; x_wconf 88' lang='lat' dir='ltr'>equitatus</span> <span class='ocrx_word' id='word_1_395' title='bbox 674 4227 742 4278; x_wconf 91' lang='lat' dir='ltr'>toto</span> <span class='ocrx_word' id='word_1_396' title='bbox 765 4215 877 4298; x_wconf 88' lang='lat' dir='ltr'>passim</span> <span class='ocrx_word' id='word_1_397' title='bbox 900 4235 1009 4298; x_wconf 84' lang='lat' dir='ltr'>carnpo</span> <span class='ocrx_word' id='word_1_398' title='bbox 1025 4229 1189 4306; x_wconf 77' lang='lat' dir='ltr'>sequuntur</span> <span class='ocrx_word' id='word_1_399' title='bbox 1272 4207 1278 4222; x_wconf 78' lang='lat'>&#39;</span> 
     </span>
    </p>
   </div>
   <div class='ocr_carea' id='block_1_5' title="bbox 144 4338 1106 4421">
    <p class='ocr_par' dir='ltr' id='par_1_16' title="bbox 144 4338 1106 4421">
     <span class='ocr_line' id='line_1_46' title="bbox 144 4338 1106 4421; baseline 0.015 -31"><span class='ocrx_word' id='word_1_400' title='bbox 144 4379 146 4384; x_wconf 90' lang='lat'><em>.</em></span> <span class='ocrx_word' id='word_1_401' title='bbox 227 4357 340 4421; x_wconf 55' lang='lat' dir='ltr'>requam</span> <span class='ocrx_word' id='word_1_402' title='bbox 351 4358 505 4408; x_wconf 64' lang='lat' dir='ltr'>emersu.</span> <span class='ocrx_word' id='word_1_403' title='bbox 578 4354 583 4388; x_wconf 89' lang='lat'>¹</span> <span class='ocrx_word' id='word_1_404' title='bbox 585 4355 648 4421; x_wconf 76' lang='lat' dir='ltr'>jacit</span> <span class='ocrx_word' id='word_1_405' title='bbox 658 4338 724 4406; x_wconf 67' lang='lat' dir='ltr'>Est.</span> <span class='ocrx_word' id='word_1_406' title='bbox 796 4361 1033 4416; x_wconf 75' lang='lat' dir='ltr'>mposterrrrorpoucos</span> <span class='ocrx_word' id='word_1_407' title='bbox 1042 4355 1106 4404; x_wconf 69' lang='lat' dir='ltr'>aaa.</span> 
     </span>
    </p>
   </div>
   <div class='ocr_carea' id='block_1_6' title="bbox 312 4467 1017 4537">
    <p class='ocr_par' dir='ltr' id='par_1_17' title="bbox 312 4467 1017 4537">
     <span class='ocr_line' id='line_1_47' title="bbox 312 4467 1017 4537; baseline -0.006 -17"><span class='ocrx_word' id='word_1_408' title='bbox 312 4471 335 4506; x_wconf 77' lang='lat'>³⁰</span> <span class='ocrx_word' id='word_1_409' title='bbox 346 4470 426 4520; x_wconf 79' lang='lat' dir='ltr'>Gladio</span> <span class='ocrx_word' id='word_1_410' title='bbox 437 4485 510 4522; x_wconf 76' lang='lat' dir='ltr'>serm</span> <span class='ocrx_word' id='word_1_411' title='bbox 521 4467 625 4536; x_wconf 81' lang='lat' dir='ltr'>incidere]</span> <span class='ocrx_word' id='word_1_412' title='bbox 641 4470 731 4520; x_wconf 82' lang='lat' dir='ltr'>Nervus</span> <span class='ocrx_word' id='word_1_413' title='bbox 740 4469 852 4537; x_wconf 87' lang='lat' dir='ltr'>poplitum</span> <span class='ocrx_word' id='word_1_414' title='bbox 863 4469 1017 4532; x_wconf 75' lang='lat' dir='ltr'>intelligimur.</span> 
     </span>
    </p>
   </div>
   <div class='ocr_carea' id='block_1_7' title="bbox 0 0 1538 5186">
    <p class='ocr_par' dir='ltr' id='par_1_18' title="bbox 0 0 1538 5186">
     <span class='ocr_line' id='line_1_48' title="bbox 0 0 1538 5186; baseline 0 3"><span class='ocrx_word' id='word_1_415' title='bbox 0 0 1538 5186; x_wconf 95' lang='lat' dir='ltr'> </span> 
     </span>
    </p>
   </div>
  </div>
 </body>
</html>
