3026 5164
401 384 479 445 LIB.
498 381 643 445 XXXIX.
664 385 744 445 CAP.
765 383 861 446 XLII.
1088 391 1149 456 437

98 547 220 598 sextum
248 548 280 600 et
303 541 523 619 octogesimum
554 561 666 622 annum
697 563 791 622 agens
825 546 996 604 ⁵¹caussam
1018 542 1140 622 dixerit,
1154 567 1295 622 u‚c‚553‚

97 621 163 704 ipse
179 645 235 705 pro
249 646 282 686 se
296 627 436 704 oraverit,
460 627 690 710 scripseritque:
716 629 910 712 nonagesimo
929 651 1009 690 anno
1034 635 1060 670 ³²
1071 627 1138 696 Ser.
1151 635 1181 684 Α·
1193 639 1222 687 C·
1236 639 1288 687 ¹8⁴·

96 706 228 772 Galbam
246 711 285 771 ad
299 713 403 795 populi
419 713 580 776 adduxerit
589 713 749 795 judicium.

141 794 223 858 XLI.
246 795 348 876 Hunc,
374 800 548 862 sicutomni
564 802 636 880 vita,
664 806 767 864 ⁵³tum
793 803 964 885 petentem¹
980 804 1138 886 premebat
1186 835 1188 840 ·

97 883 262 946 nobilitas:
286 893 480 968 coierantque
503 887 542 967 (⁵⁴
556 902 666 970 pratea
687 886 722 950 L.
737 887 890 968 Flaccum,
906 891 956 970 qui
973 889 1090 970 collega
1105 892 1136 954 in
1232 927 1236 938 ·

98 971 259 1033 consulatu
284 971 393 1052 fuerat)
420 973 575 1036 candidati
599 996 703 1037 omnes
730 976 768 1037 ad
796 975 998 1057 dejiciendum
1023 977 1136 1038 honore

97 1075 189 1134 eum;
212 1078 274 1119 non
289 1058 386 1121 solum
402 1073 437 1122 ut
458 1061 515 1142 ipsi
536 1061 637 1144 potius
658 1062 907 1144 adipiscerentur,
928 1084 984 1124 nec
1005 1065 1075 1146 quia
1089 1065 1137 1124 in·

96 1141 302 1224 dignabantur
327 1167 437 1208 novum
465 1147 619 1210 hominem
642 1169 798 1211 censorem
821 1149 942 1226 videre3
974 1149 1136 1212 sedetiam

96 1231 177 1308 quud
194 1231 311 1293 tristem
327 1251 495 1310 censuram,
518 1229 775 1316 periculosamque
800 1236 964 1298 multorum
976 1236 1083 1314 'lamae‚
1105 1227 1142 1299 et'

94 1317 136 1379 ab
151 1318 221 1378 laeso
235 1339 255 1379 a
269 1318 430 1400 plerisque,
446 1332 477 1382 et
492 1320 618 1382 laedendi
632 1321 755 1403 cupido,
766 1323 993 1404 exspectabant.
1015 1321 1136 1384 Etenim

96 1413 162 1464 tum
177 1424 297 1485 quoque
312 1405 538 1468 minitabundus
554 1408 689 1489 petebat,
712 1406 875 1488 ‘refragari
891 1409 957 1486 sibi,
969 1435 971 1438 ·
984 1409 1034 1489 qui
1059 1408 1136 1470 libe·

96 1504 211 1552 rames
229 1490 339 1554 fortem
361 1513 519 1554 censuram
544 1493 707 1572 timerent‚’
732 1494 931 1556 criminando.
946 1507 978 1557 et
992 1495 1080 1556 simul
1096 1493 1134 1557 L.

96 1573 221 1648 Valerio
248 1573 487 1660 subfragabatur.
530 1579 613 1641 ‘lllo
635 1601 696 1641 uno
714 1580 832 1661 collega
847 1581 996 1661 castigare
1012 1601 1043 1641 se
1058 1601 1137 1642 nova

96 1661 223 1744 flagitia,
238 1677 270 1725 et
284 1667 399 1748 priscos
414 1687 513 1728 mores
530 1687 669 1728 revocare
684 1665 792 1749 posse.'
826 1665 885 1728 His
900 1667 1021 1728 accensi
1036 1667 1135 1729 borni-

94 1769 163 1828 nes‚
188 1751 313 1813 adversa
338 1753 594 1829 nobilitata-nou
621 1751 668 1816 M.
695 1751 834 1814 Porcium
860 1753 952 1815 modo
978 1774 1134 1816 censorem
1148 1777 1186 1830 Μ,
1199 1780 1294 1830 amru,

94 1835 244 1916 fecerunt,
271 1838 324 1900 sed
340 1841 433 1901 etiarn
448 1840 597 1921 collegam
614 1840 641 1901 ei
657 1837 692 1900 L.
705 1837 861 1912 Valerium
885 1839 1025 1902 Flaccum
1051 1839 1135 1922 adje·
1148 1855 1172 1920 qt
1183 1845 1214 1894 L·
1226 1845 1296 1894 the·

94 1936 212 1986 cerunt.
258 1922 428 1987 Secundum
453 1927 579 1989 comitia
602 1947 759 1988 censorum
784 1926 920 1988 consules
935 1940 1134 2009 praetoresque
1146 1924 1259 2024 ΖΨ·

91 2009 127 2072 in
142 2012 310 2093 provincias
325 2012 454 2094 profecti
471 2027 551 2087 sunt,
566 2025 673 2095 praeter
688 2011 727 2082 Q.
742 2011 888 2090 Naevium,
903 2034 993 2095 quem
1009 2024 1136 2096 quatuor
1209 2011 1215 2024 '

90 2117 156 2158 non
180 2099 278 2160 minus
301 2120 429 2176 menses,
451 2100 624 2182 priusquam
640 2101 670 2160 in
687 2097 860 2161 Sardiniam
875 2100 942 2177 iret,
958 2101 1136 2182 quaestiones

91 2183 242 2262 veneficii,
254 2205 380 2268 quarum
392 2207 534 2266 magnam
550 2197 669 2269 partem
684 2199 770 2247 extra
784 2187 888 2248 urbem
903 2207 956 2268 per
971 2186 1138 2270 municipia

93 2271 355 2353 conciliabulaque
371 2273 487 2351 babuit,
503 2273 575 2353 quia
590 2274 633 2334 ita
649 2273 747 2356 aptius
762 2273 857 2334 visum
874 2286 949 2348 erat,
965 2283 1137 2352 tenuerunt.

92 2353 129 2417 Si
157 2358 273 2420 Antiati
299 2357 422 2421 Valerio
448 2359 569 2421 credere
594 2359 678 2437 libet,
710 2360 750 2421 ad
775 2360 836 2421 duo
859 2359 1017 2422 hominum
1043 2359 1138 2422 millia

91 2443 262 2507 damnavit.
307 2451 334 2486 ⁶⁵
350 2445 391 2509 Et
416 2444 452 2508 L.
479 2443 650 2510 Postumius
676 2458 795 2528 prator,
818 2446 867 2506 cui
881 2443 1049 2508 Tarentum
1064 2469 1136 2531 pro-

91 2531 194 2592 vincia
208 2549 358 2613 evenerat,
380 2553 506 2614 magnas
532 2545 687 2615 pastorum
716 2533 938 2614 conjurationes
963 2533 1137 2612 vindicavit,

91 2630 127 2680 et
142 2620 283 2699 reliquias
298 2617 535 2681 Bacchanalium
551 2619 724 2700 quaestionis
740 2639 809 2680 cum
825 2619 907 2679 omni
920 2629 1077 2680 exsecutus
1089 2632 1137 2682 est

92 2723 177 2767 cura.
193 2706 313 2784 multos,
328 2707 378 2788 qui
395 2717 448 2774 aut
462 2707 546 2768 citati
564 2727 626 2767 non
643 2705 813 2782 adfuerant,
837 2707 862 2743 ⁵⁶
875 2717 927 2765 aut
943 2705 1034 2767 vades
1050 2705 1136 2767 dese·

94 2804 229 2870 ruerant,
245 2794 276 2854 in
292 2815 329 2855 ea
341 2793 464 2873 regione
476 2791 570 2854 ltaliae
586 2791 725 2868 latentes,
740 2791 852 2874 partim
868 2789 976 2853 noxios
987 2789 1137 2872 judicavit

91 2879 206 2962 partim
222 2879 455 2962 comprehensos
471 2878 603 2941 Romam
619 2878 658 2939 ad
674 2891 812 2940 senatum
828 2878 920 2939 misit.
935 2877 967 2938 in
982 2898 1136 2958 carcerem

90 2986 200 3028 omnes
216 2969 242 3011 ⁵⁷
255 2987 274 3026 a
288 2965 321 3027 P.
338 2965 482 3027 Cornelio
498 2965 725 3046 conjectisunt.

134 3049 233 3114 XLII.
256 3051 291 3115 ln
307 3051 456 3134 Hispania
469 3053 620 3127 ulteriore,
643 3051 749 3112 fractis
763 3051 901 3132 proximo
916 3049 996 3110 bello
1013 3046 1133 3110 Lusita-

88 3137 150 3216 nis,
165 3141 272 3222 quietae
289 3161 335 3201 res
351 3139 480 3200 luerunt.
525 3137 564 3199 ln.
577 3136 716 3199 citeriore
730 3137 768 3198 A.
783 3134 944 3197 Terentius
961 3137 992 3196 in
1007 3132 1134 3197 Suesse-

86 3225 170 3289 tanis
196 3226 341 3309 oppidum
368 3224 553 3288 Corbionem
577 3224 672 3286 vineis
703 3235 734 3284 et
764 3223 904 3306 operibus
939 3223 1134 3312 expugnavit,

454 3331 460 3364 ¹
476 3341 611 3394 manantem
623 3334 697 3380 Gron.
709 3330 778 3379 Cres.

86 3447 166 3500 crepat
177 3452 279 3487 nostera
297 3438 410 3487 Cicerone
428 3439 487 3486 circs
503 3447 594 3486 rentem
628 3431 728 3499 Maiore.
746 3436 810 3484 circs
824 3435 897 3492 initis,
914 3435 942 3482 ab
959 3432 1002 3482 boc
1016 3433 1042 3480 l..
1054 3433 1149 3483 Flacco.

88 3503 192 3552 Catonis.
628 3503 740 3550 Catonem
753 3501 850 3564 primurn
863 3501 886 3548 in
897 3498 1003 3547 notitiam
1015 3499 1133 3548 homiuum

123 3567 145 3600 ⁵¹
164 3570 179 3599 θ
198 3567 290 3616 Cauaras
300 3570 386 3624 dixerit,
404 3569 448 3628 ipse
465 3583 505 3630 pro
515 3583 535 3615 se
545 3584 594 3614 oro·
628 3569 763 3629 productum
777 3582 835 3621 esse,
850 3577 873 3612 et
886 3565 935 3628 ejus
946 3565 1044 3612 maxime
1055 3565 1134 3627 opibus

86 3635 153 3688 verit,
172 3635 330 3696 srrr'pserr'sqssc]
358 3632 420 3680 Reus
440 3632 523 3688 sacrus,
548 3633 594 3695 ipso
627 3645 651 3678 et
662 3635 730 3692 gratis
742 3632 926 3679 commendatum
938 3631 1022 3695 primos
1033 3633 1132 3678 honores

87 3712 131 3758 pro
141 3714 166 3745 ee
176 3700 267 3760 diteris,
285 3699 445 3760 scriptamque,
462 3710 594 3760 quamtum
627 3699 724 3762 cepisse.

85 3763 170 3811 habuit
196 3765 253 3828 opud
279 3766 368 3828 judices
386 3765 520 3820 orationem,
539 3763 593 3811 reli·
653 3761 734 3839 ¹⁵⁵·Er
756 3759 786 3811 L.
810 3760 934 3838 Parnasius
952 3757 1043 3838 prator]
1068 3760 1133 3807 Anni

86 3842 207 3941 quilla..
227 3893 319 3940 aarum
336 3895 365 3940 aa
385 3893 461 3953 „aaa
480 3894 596 3940 rucuma
626 3827 1132 3956 lillisdioilltllllneluliailffllllllllill

78 3959 209 4022 judiciam]
225 3959 263 4006 lle
285 3961 328 4006 noe
345 3959 441 4022 judicio,
460 3974 505 4020 quo
524 3958 594 4006 salba
627 3969 791 4021 esser‚prsetor
802 3959 839 4004 hic
850 3958 962 4005 diceretur
979 3957 1017 4018 qui
1032 3971 1131 4020 proprae-

85 4023 204 4070 absolutus
215 4024 464 4088 est,*videi1rprim'u
474 4025 524 4072 Cic.
537 4037 553 4073 1.
566 4027 594 4071 de
627 4035 676 4070 tore
696 4036 753 4079 erar,
769 4037 798 4070 ex
820 4021 903 4070 usitato
921 4023 978 4084 apud
998 4021 1087 4069 Liuium
1107 4031 1131 4070 et

85 4087 155 4134 Orat.
167 4105 192 4135 n.
203 4091 257 4138 227.
268 4101 292 4136 et
303 4091 358 4138 228.
627 4099 715 4136 ceteros
726 4101 798 4135 more.

121 4153 143 4186 ⁵³
161 4153 217 4200 Tum
234 4153 382 4214 prensantem]
404 4153 454 4202 Hoc
469 4152 593 4217 lipsiode·
658 4151 679 4186 ⁵⁶
696 4151 743 4198 Ant
760 4152 822 4200 audes
839 4147 987 4216 umerum]
1008 4150 1056 4199 Aut
1072 4151 1131 4200 daris

85 4218 165 4276 betur,
175 4233 243 4280 quum
256 4219 279 4266 in
290 4219 376 4282 scriptis
387 4219 517 4279 quibusdam
529 4217 592 4278 lege·
623 4216 723 4274 vadibus,
734 4218 772 4278 qui
791 4218 928 4279 sponderent
947 4214 996 4263 illos
1007 4218 1035 4263 ad
1048 4217 1129 4282 judicii

86 4295 292 4342 returproercasem
302 4285 324 4330 io
336 4285 430 4342 vulgaris
439 4293 551 4345 petentem.
624 4283 685 4330 dlern
707 4284 833 4342 adfuturos,
856 4281 1004 4329 nihilominus
1016 4283 1129 4346 judicium

124 4349 146 4382 ⁵⁴
168 4348 251 4396 Prcter
268 4348 297 4396 1..
320 4347 434 4404 Flaccum,
453 4350 491 4410 qui
511 4349 592 4412 collega
624 4351 788 4396 deseruerant·

86 4415 113 4460 s'a
131 4415 245 4461 merdam
256 4413 349 4476 suaet]
373 4413 399 4460 le
418 4427 472 4460 asne
489 4413 593 4460 adversio
658 4413 679 4450 ⁵7
698 4414 712 4440 ⁹
729 4415 757 4459 Δ.
780 4409 809 4459 P.
829 4405 939 4470 Cornelio]
960 4407 1071 4468 Proetore,
1089 4413 1128 4474 qui

85 4479 203 4526 Catonem
219 4477 283 4525 eolre
301 4493 354 4524 oum
371 4478 453 4529 ceteris
468 4493 513 4526 nou
525 4478 593 4526 debs·
625 4479 779 4542 utramquein
797 4475 851 4542 urbe
867 4471 1046 4540 jurlsdlstlcuem
1058 4475 1129 4526 habs·

87 4539 138 4594 bes.
172 4543 248 4594 Docet
264 4543 326 4594 enlm
344 4541 481 4592 Plutarchus
499 4543 522 4592 in
541 4544 593 4592 Cat.
625 4543 672 4592 bat.
703 4565 710 4572 ·
