3044 5194
387 421 428 486 io
800 411 884 476 utut
904 411 1014 476 Ltvn‘
1061 423 1063 428 '
1114 413 1121 466 ἕ

222 573 256 624 U·
266 571 297 627 ⁰·
310 575 366 626 ³⁵⁴·
392 572 596 654 cretumfreri)
614 571 646 635 in
656 575 748 656 q'uem
760 571 838 634 adeo
852 587 992 634 exarsere
1003 569 1115 649 studia,
1130 580 1165 633 ut
1179 567 1230 632 viri
1242 570 1385 654 parentes
1399 569 1438 633 ab

222 639 294 692 Αὀ·
307 639 360 690 198·
391 661 492 725 liberis
507 660 751 744 temperaverint.
798 657 955 720 Rhisiasus
967 656 1163 737 (Pellenensis
1174 657 1254 738 erat)
1268 655 1365 720 lilium
1381 657 1436 720 da·

392 737 958 915 lmilmmtpllinfmiiid’
971 745 1135 892 litim
1150 741 1347 914 iiiiii
1373 763 1436 892 qli

697 877 707 910 r
1342 875 1350 892 ·
1424 877 1434 910 r

393 921 446 983 diu
457 922 626 984 obtestatus
635 919 742 996 tilium,
750 928 786 979 ut
800 917 955 980 consulere
964 916 1092 980 Achaeos
1107 919 1261 980 communi
1277 915 1369 979 saluti
1381 937 1434 1000 pa-

392 1019 518 1084 teretur,
532 1026 591 1068 neu
611 1005 780 1088 pertinacia
793 1025 848 1066 sua
868 1015 992 1086 gentem
1013 1005 1183 1066 universam
1198 1004 1352 1087 perditum
1369 1003 1433 1083 iret,

392 1105 555 1178 postquam
567 1111 674 1176 parum
687 1091 885 1173 proficiebant
897 1111 1011 1173 preces,
1023 1089 1142 1172 juratus
1153 1111 1186 1151 se
1195 1109 1265 1153 eum
1277 1109 1332 1152 sua
1343 1109 1433 1152 marm

392 1181 634 1257 interemtumm,
649 1197 776 1261 necpm
797 1177 870 1256 iiio,
889 1178 944 1238 sed
957 1197 1014 1259 pro
1030 1177 1128 1256 hoste,
1144 1178 1330 1254 habiturum,
1345 1177 1434 1238 minis

393 1266 530 1350 pervicit,
547 1277 583 1328 ut
599 1273 721 1347 postero
735 1263 786 1326 die
801 1261 1001 1346 conjungeret
1011 1263 1048 1324 iie
1064 1285 1107 1342 se,
1119 1263 1170 1346 qui
1186 1263 1366 1325 referebant.
1388 1263 1434 1346 qul

393 1352 602 1435 quamplures
617 1351 690 1414 iacti
706 1350 862 1430 referrent,
877 1350 1016 1421 omnibus
1031 1350 1094 1412 fere
1110 1350 1230 1432 populis
1246 1349 1328 1412 baud
1345 1349 1433 1411 dubie

393 1439 636 1522 adprobantibus
659 1436 849 1515 relationem,
863 1457 900 1499 ac
916 1457 976 1520 prae
991 1457 1023 1498 ae
1044 1436 1220 1514 ferentibus,
1243 1436 1316 1519 quid
1332 1436 1434 1498 decre·

394 1526 455 1588 turi
478 1539 603 1603 essent3
626 1522 744 1608 Dymaei
766 1545 801 1586 ac
825 1521 1090 1606 Megalopolitani,
1113 1534 1144 1585 et
1167 1522 1290 1605 quidam
1307 1523 1434 1604 Argivo·

391 1631 473 1691 rum,
489 1610 663 1694 priusquam
679 1609 834 1672 decretum
848 1609 945 1688 lieret,
965 1620 1228 1688 consurrexerunt,
1251 1627 1287 1672 aa
1304 1610 1434 1690 relique-

394 1697 657 1776 matronalium,
672 1716 768 1780 neque
783 1697 913 1759 mirante
928 1696 1001 1774 ullo,
1012 1717 1111 1778 neque
1125 1697 1319 1779 inprobante.
1357 1695 1434 1758 Nam

392 1785 422 1842 ,Ψ
432 1779 720 1866 Megalopolitanos,
747 1801 870 1846 avorum
895 1782 1043 1844 memoria
1061 1783 1162 1865 pulsos
1188 1783 1226 1844 ab
1241 1781 1434 1845 incedemu-

392 1871 466 1949 niis,
491 1870 663 1934 restituerat
686 1869 718 1931 irt
743 1869 875 1952 patriam
897 1867 1091 1951 Antigonus:
1116 1880 1148 1932 et
1170 1867 1314 1953 Dymaeis,
1340 1869 1435 1951 ceptis

392 1975 492 2040 nuper
506 1955 690 2038 direptisque
706 1956 745 2017 ab
756 1957 891 2018 exercitu
902 1953 1054 2035 Romano,
1067 1975 1160 2038 quum
1172 1955 1277 2019 redimi
1292 1975 1356 2033 eoa,
1370 1957 1436 2017 abi·

393 2061 525 2123 cumque
544 2043 699 2120 seruirent,
715 2039 871 2125 Philippus
889 2040 1038 2123 jussisset,
1053 2063 1116 2104 non
1139 2042 1312 2105 libertatem
1334 2041 1436 2119 modo,

393 2128 452 2190 sed
476 2129 569 2190 etiam
596 2128 737 2212 patriam,
763 2127 947 2191 reddiderat.
1003 2129 1073 2191 Jarn
1098 2127 1214 2211 Argivi,
1240 2139 1436 2211 praeterquam

393 2213 479 2298 quod
493 2211 701 2276 Macedonum
711 2235 797 2296 reges
809 2215 847 2277 ab
859 2235 891 2276 se
902 2215 1046 2277 oriundos
1055 2217 1193 2293 credunt,
1210 2215 1336 2298 privatis
1347 2215 1438 2278 etiam

397 2301 536 2382 hospitiis
547 2300 747 2383 familiarique
758 2302 894 2364 amicitia
904 2301 1038 2383 plerique
1054 2302 1173 2385 inligati
1189 2301 1331 2385 Philippo
1344 2313 1438 2364 erent.

396 2386 447 2447 Ob
462 2387 527 2448 haec
541 2387 683 2466 concilio,
699 2385 781 2470 quod
795 2388 991 2450 inclinaverat
1011 2389 1051 2450 ad
1065 2387 1238 2452 Romanam
1259 2389 1438 2451 societatem

393 2469 573 2552 iubendam,
597 2485 812 2535 excesseruntt
833 2475 980 2555 veniaque
1004 2475 1042 2536 iia
1064 2473 1154 2556 hujus
1179 2476 1358 2538 accessionis
1373 2473 1439 2552 fuit,

401 2568 433 2619 et
448 2557 611 2638 magnicat
624 2560 796 2621 recentibus
812 2559 954 2644 obligatis
968 2561 1134 2625 benefimis.

233 2657 398 2706 Panaima·
443 2641 564 2706 XXlll.
601 2643 702 2707 Ceteri
734 2647 839 2728 populi
867 2645 1059 2725 Aelimomm,
1091 2651 1216 2730 ⁸⁸quum
1249 2647 1443 2709 sententias·

233 2723 368 2834 primes
393 2742 643 2813 *perrogarentun
664 2732 842 2794 societatem
863 2753 934 2795 cum
954 2733 1063 2797 Attalo
1085 2756 1121 2797 ac
1147 2733 1271 2797 Rhodiis
1296 2732 1442 2815 presenti

235 2803 351 2904 „32⁰⁸
403 2815 525 2878 decreto
549 2818 785 2881 confirmamntt
816 2839 886 2881 cum
914 2818 1073 2900 Romanis,
1097 2823 1168 2906 quia
1192 2819 1304 2902 injussu
1331 2819 1441 2901 populi

402 2923 465 2964 non
480 2913 601 2985 poterat
620 2915 687 2970 rata
701 2926 776 2985 csse,
795 2906 832 2968 in
856 2907 887 2968 id
908 2916 1038 2988 tempus,
1054 2929 1115 2989 quo
1132 2907 1263 2970 Romam
1287 2905 1371 2968 mitti
1395 2904 1442 2968 le·

393 2989 466 3069 -gati
494 3001 628 3072 possent,
654 2991 749 3054 dilata
775 3003 833 3054 eat.
863 2993 1079 3077 inmerentia
1102 3005 1163 3056 tres
1192 2994 1309 3076 legatos
1340 2990 1381 3054 ad
1405 2987 1442 3052 L.

403 3075 579 3146 Quinctium
603 3077 684 3139 mitti
709 3079 836 3160 placuit,
862 3090 894 3142 et
920 3082 1088 3143 exercitum
1114 3101 1237 3143 omnem
1261 3077 1441 3140 Acbasomm

238 3158 364 3208 ⁰⁰⁶⁰th
395 3163 427 3202 ⁴⁸
440 3162 481 3226 ad
496 3161 676 3226 Corinthiun
701 3165 854 3226 admoveri
864 3187 874 3244 3
901 3167 1039 3248 ⁸⁰captis
1059 3166 1236 3246 Cenchreis,
1256 3161 1323 3248 jam
1338 3165 1442 3233 urbem

238 3225 389 3289 obpugnata
596 3281 730 3346 'demiarg
743 3279 816 3350 Grou.
828 3279 895 3328 Cret.
1043 3283 1176 3332 ‘munnio
1185 3279 1250 3330 unt.

394 3373 398 3380 ’
432 3365 456 3406 ⁸⁷
476 3365 668 3432 Megalopolitanos
685 3383 775 3417 oacrum
794 3369 907 3437 meio]
970 3371 992 3408 ὓ
1007 3370 1044 3419 Ad
1063 3371 1194 3420 Οοήπιῆυιι
1211 3369 1331 3434 dmm]
1348 3369 1406 3430 isso,
1419 3381 1444 3418 et

402 3430 541 3482 Cimmeaee
559 3433 747 3484 lacedemonius
763 3449 805 3483 rex
825 3435 906 3496 Megr-
938 3435 1036 3484 instead
1047 3434 1258 3486 &aarum
1270 3445 1357 3497 portat
1372 3433 1441 3492 arbi.

402 3495 496 3562 lopolim
520 3497 580 3560 cepit
601 3514 627 3548 ac
651 3499 729 3556 dimit,
749 3510 808 3548 teste
829 3499 908 3564 Polyb.
939 3501 1042 3565 plerique
1062 3502 1140 3566 scripti
1155 3503 1314 3550 omittuntod.
1347 3500 1443 3548 Serive-

403 3560 458 3608 libb.
480 3573 508 3610 tr.
532 3574 557 3610 et
578 3575 603 3610 v.
643 3563 771 3624 Antigonus
796 3564 908 3624 restituit,
939 3581 1017 3614 remur
1027 3581 1057 3614 ne
1068 3567 1120 3616 haee
1131 3569 1263 3627 contenere
1272 3565 1302 3614 sir
1313 3566 1445 3613 emendato·

405 3623 468 3673 brud
489 3639 543 3673 eane
567 3625 667 3676 numm
690 3641 811 3691 antequam
832 3640 907 3678 morte
938 3645 999 3690 rum,
1010 3631 1095 3679 liviani
1110 3630 1179 3680 morie
1189 3633 1329 3694 ignatorum,
1344 3628 1384 3694 qni
1394 3629 1444 3678 vel-

393 3700 550 3750 .maregnam
562 3691 670 3756 Phssippo
685 3695 793 3744 traderet.
825 3693 907 3758 Itaque
938 3695 1069 3746 ientnonri
1088 3698 1201 3761 euiprorir
1216 3695 1382 3746 medenenti
1393 3693 1442 3744 roi·

393 3754 535 3831 ,Philippum
552 3756 727 3818 quietiamnum
746 3760 769 3808 iu
785 3761 860 3808 medio
870 3776 908 3809 ro·
937 3777 1003 3824 garet
1010 3761 1272 3826 piebeieGrammatice
1279 3758 1447 3822 legreexigerc·

405 3820 460 3869 bore
471 3821 554 3883 utrium
565 3833 608 3878 eat,
622 3834 647 3872 et
657 3837 757 3872 ererum
774 3837 799 3872 et
816 3823 907 3874 restitu-
939 3825 1020 3874 Livius
1030 3829 1091 3876 enim
1103 3841 1164 3876 amat
1179 3827 1352 3892 praepositiones
1361 3825 1401 3882 ml,
1417 3823 1445 3872 ob

405 3897 454 3934 tam
470 3884 633 3949 Megalopolim
648 3887 741 3938 videret.
775 3889 845 3939 Unde
863 3905 911 3940 non
943 3889 1173 3942 urbiumoorninibtre
1183 3892 1352 3957 adjungerent
1365 3890 1448 3953 panim

403 3953 459 4002 tetis
476 3963 605 4001 mactatam
621 3953 711 4001 ridetur
726 3953 805 4002 Liviae
822 3967 911 4020 tempo·
941 3955 1060 4006 obtenere
1082 3959 1148 4008 boile
1176 3969 1219 4008 en.
1261 3955 1332 4010 Quod
1361 3965 1449 4019 'pm‘

405 4033 457 4068 mm
468 4018 580 4080 rationem
591 4017 686 4078 babere,
702 4035 773 4083 quam
791 4019 909 4071 iniectum
942 4023 971 4070 ed
987 4024 1031 4074 hor
1049 4023 1111 4074 iocor
1129 4025 1160 4072 de
1175 4023 1257 4088 quibua
1271 4037 1335 4072 nunc
1353 4021 1451 4080 agimus,

406 4083 461 4132 dicit
472 4100 562 4132 omnam
572 4085 683 4133 memoria
941 4086 966 4134 in
982 4088 1056 4154 primo
1074 4088 1182 4154 supprimi
1198 4087 1384 4154 praepositionem
1400 4099 1448 4132 oon

437 4147 460 4181 Β
489 4147 564 4200 tiaram
590 4151 699 4199 sententia
724 4149 905 4216 penogamttar]
942 4169 1001 4213 egre
1017 4163 1159 4218 pateremur,
1174 4153 1199 4202 in
1214 4155 1314 4204 oetundo
1331 4160 1448 4200 retentam

407 4210 675 4273 Adimamfiroooriur,
696 4227 776 4266 nanee
797 4216 909 4264 membra·
940 4220 1051 4282 rapimur.

408 4287 449 4321 aaa
470 4273 552 4350 babere
570 4295 621 4326 cutte
638 4283 751 4330 renuntiat
765 4297 909 4345 perrogatur·
973 4284 1020 4320 ⁹⁰¹
1034 4283 1109 4344 Copais
1125 4281 1394 4346 Cruciniajnmurim
1410 4282 1447 4342 ip·

408 4346 457 4402 tur,
476 4340 498 4385 ui
515 4351 559 4398 est,
575 4358 645 4402 quum
660 4347 784 4394 sententiar
802 4361 909 4406 rogaren·
941 4347 997 4410 ram]
1016 4347 1119 4407 intellige
1138 4345 1284 4406 Corinthum,
1301 4347 1368 4410 eujus
1386 4347 1450 4393 urbis

408 4403 535 4452 taurunttl
546 4405 681 4455 Aebeorum
699 4410 784 4474 populi.
816 4409 908 4460 illator.
941 4411 1070 4462 Cenchreae
1091 4415 1218 4478 emporium
1235 4425 1302 4462 enat
1321 4413 1346 4460 'et
1362 4412 1452 4470 natale,
1516 4411 1517 4418 ’

407 4467 459 4544 aod.
479 4477 553 4515 servat
573 4470 684 4530 migrem
704 4475 836 4538 lectionem,
856 4491 909 4542 qm
939 4475 964 4523 in
974 4477 1082 4530 Samnite
1092 4479 1152 4537 inu.
1167 4480 1194 4530 ad
1206 4493 1267 4531 mre
1284 4475 1385 4542 &eun
1395 4487 1449 4526 Μ·

410 4532 503 4595 quidem
514 4529 572 4582 nibil
581 4535 721 4586 babeteitil.
940 4557 987 4591 rue.
1515 4579 1516 4588 κ
