3044 5194
370 374 411 431 to
787 365 871 427 ’ῙῚΤΙ
891 363 991 426 mvn

175 601 179 606 .
207 541 239 590 U.
251 524 281 592 h,
293 543 349 594 553,
373 522 548 586 colonorum
569 525 711 584 numerus
732 535 902 603 cogeretur,
923 523 956 584 id
979 518 1091 583 Cosani
1115 527 1253 600 pete-ntes
1275 527 1339 578 non
1354 515 1413 577 im·

207 607 236 656 A.
246 608 275 658 C·
288 611 342 660 199.
371 620 575 693 petraverunt.
1103 601 1106 606 ¹

417 693 473 758 Ill.
496 693 608 774 Rebus,
632 715 697 778 quae
716 695 823 756 Roma
847 694 971 776 agenda
994 704 1090 769 erant,
1106 691 1258 775 perfectis,
1274 689 1413 752 consules

375 781 406 842 iu
433 782 601 864 prouincias
627 781 767 864 profecti.
816 779 849 842 P.
863 777 989 842 Villium
1019 782 1050 842 in
1076 777 1294 840 Macedoniam
1322 795 1413 859 quum

210 903 347 956 Seditiomt-
374 868 517 946 venisset,
541 879 629 930 atrox
649 867 759 929 seditio
781 867 923 942 militum,
940 866 1004 947 jam
1021 877 1092 928 ante
1113 867 1240 940 irritata,
1267 884 1326 925 neo
1341 862 1413 924 satis

210 968 307 1020 laumas
375 954 407 1016 in
422 955 571 1037 principio
591 974 773 1034 compressa,
797 955 927 1034 excepit.
951 957 973 991 ¹¹
989 954 1049 1014 duo
1075 952 1169 1014 millia
1197 959 1255 1012 eae
1281 949 1413 1011 militum

210 1032 354 1087 M¹⁶⁰<l⁰¹¹²·
375 1039 468 1119 fuere,
495 1041 545 1121 qui
569 1061 607 1100 ex
620 1039 725 1100 Africa
748 1049 818 1121 post
834 1040 985 1102 devictum
1001 1038 1208 1101 Hannibalern
1222 1038 1255 1097 in
1275 1035 1412 1098 Siciliam

375 1127 445 1188 inde
463 1129 487 1166 ¹¹
497 1147 578 1187 anno
593 1127 654 1186 scre
666 1125 757 1207 post¹
770 1126 801 1186 in
817 1124 1032 1188 Macedoniam
1049 1146 1104 1207 pro
1119 1125 1298 1186 voluntariis
1314 1135 1413 1184 trans-

374 1213 486 1296 portati
510 1223 606 1274 erant.
629 1211 661 1272 id
684 1212 839 1274 voluntate
861 1211 974 1273 lactum
998 1212 1173 1294 negabant:
1197 1209 1267 1270 ‘Ab
1286 1209 1412 1270 tribunis

374 1297 573 1362 ‘recusantes
588 1299 619 1359 in
634 1317 725 1359 naves
748 1298 906 1379 inpositos.
922 1299 975 1360 sed
991 1301 1165 1378 utcumque,
1192 1317 1245 1357 seu
1263 1294 1412 1376 injuncta,

375 1383 453 1446 ‘seu
467 1397 608 1466 suscepta
622 1383 701 1445 foret
716 1383 834 1461 militia,
849 1395 881 1445 et
896 1405 963 1446 eam
979 1385 1169 1460 exhaustam,
1189 1394 1221 1444 et
1242 1381 1337 1443 linem
1358 1381 1411 1441 ali·

374 1470 489 1550 ‘quem
505 1470 655 1533 militandi
667 1469 732 1531 fieri
743 1490 860 1551 aequum
872 1491 947 1530 esse.
984 1468 1092 1530 Multis
1106 1470 1192 1530 antris
1208 1489 1274 1529 sese
1291 1466 1412 1530 ltaliam

374 1555 461 1618 ‘non
474 1557 594 1618 vidisse.
611 1557 803 1618 consenuisse
819 1557 874 1617 sub
890 1557 981 1618 armis
997 1553 1285 1633 insinuantia,
1303 1553 1410 1614 blace-

374 1641 386 1679 ⁶
400 1641 501 1704 donia.
524 1641 689 1704 Confectus
699 1641 766 1723 jam
782 1663 815 1703 se
827 1642 940 1720 labore,
952 1662 1053 1724 opere,
1065 1661 1233 1722 exsangues
1244 1652 1292 1703 tot
1304 1661 1412 1722 accep·

374 1725 438 1787 ‘tis
453 1728 622 1790 vulneribus
637 1727 722 1789 esse!
746 1727 871 1805 Consul,
891 1729 1047 1790 ‘caussam
1059 1727 1248 1810 postulanda
1260 1726 1413 1788 missionis

375 1812 598 1894 ‘probabilem',
621 1814 645 1876 si
661 1815 799 1876 modeste
814 1825 976 1896 peteretur,
991 1815 1105 1892 videri,’
1122 1814 1211 1876 diirit.
1232 1811 1411 1874 ‘seditionis

290 1948 293 1955 .
375 1897 385 1933 ‘
400 1919 456 1964 uec
472 1921 550 1978 eam,
565 1921 622 1962 nec
633 1901 727 1962 ullam
742 1901 832 1963 aliam
844 1902 916 1962 satis
928 1901 1044 1983 justam
1057 1922 1194 1962 caussam
1206 1921 1282 1963 esse.
1305 1897 1412 1980 ltaque

375 1983 425 2045 ‘si
441 2007 562 2051 manere
584 1989 625 2049 ad
649 1988 746 2067 signa,
772 2001 804 2050 et
820 1988 903 2050 dicto
918 2009 1024 2070 parere
1038 1988 1143 2066 velint,
1167 1987 1253 2048 sede
1269 1985 1412 2047 missione

373 2068 502 2137 ‘cotum
526 2073 566 2136 ad
590 2087 728 2138 senatum
755 2073 945 2155 scripturum.
989 2071 1144 2136 Modestia
1168 2073 1296 2151 facilius,
1320 2091 1411 2153 quam

372 2155 572 2238 ‘pertinacia²
587 2161 669 2241 quod
683 2160 787 2238 velint,
803 2157 1037 2242 impetraturos?

205 2250 346 2300 autumnos
415 2238 469 2306 lv.
490 2243 686 2310 Thaumacos
710 2267 747 2308 eo
772 2259 911 2328 tempore
933 2245 1090 2329 Philippus
1111 2267 1230 2309 summa
1248 2245 1278 2306 vi
1293 2246 1412 2326 obpug-

206 2319 352 2430 f¹¹¹¹¹2e¹⁶¹f
372 2330 467 2393 nabat
490 2333 649 2414 aggeribus
675 2333 848 2413 vineisqne3
871 2345 902 2394 et
922 2331 989 2414 jam
1013 2331 1140 2396 arietem
1161 2333 1253 2394 muris
1269 2332 1413 2393 admotu-

124 2479 144 2494 „
207 2394 359 2517 {issffigpffm
372 2438 422 2480 rus
456 2431 531 2480 erat.
564 2429 698 2480 ceterum
730 2419 853 2500 incepto
887 2419 1034 2480 absistere
1070 2441 1139 2480 eum
1169 2419 1269 2500 coegit
1296 2418 1413 2479 subitus

373 2501 548 2575 AEtolorum
576 2504 732 2582 adrentus,
758 2506 820 2584 qui,
843 2505 1030 2568 Archidamo
1055 2506 1132 2567 duce
1157 2507 1236 2568 inter
1256 2504 1414 2566 custodias

374 2585 583 2652 Macedonum
598 2591 711 2652 moenia
733 2590 871 2670 ingressi,
895 2611 951 2654 nec
977 2592 1037 2670 die,
1060 2613 1117 2654 aec
1143 2603 1233 2654 nocte
1254 2591 1347 2652 linem
1365 2589 1415 2650 ul·

375 2672 437 2742 lum
451 2676 638 2758 erumpendi,
659 2697 741 2738 nunc
764 2677 967 2758 incitationes,
990 2699 1070 2740 nunc
1095 2679 1235 2761 inopem
1257 2673 1413 2738 Macedo-

374 2776 458 2836 num,
485 2760 646 2834 iaciebant.
671 2775 702 2825 et
718 2761 881 2845 adjurabat
902 2785 954 2827 eos
975 2777 1085 2826 natura
1107 2767 1173 2847 ipsa
1195 2763 1265 2824 loci.
1278 2782 1416 2844 namque

373 2841 543 2910 Thaumaci
572 2851 627 2912 ¹¹a
652 2848 732 2932 Pylis
762 2851 887 2932 sinuque
917 2850 1052 2912 Maliaco
1082 2873 1136 2935 per
1161 2849 1297 2912 Lamiam
1327 2847 1414 2909 eunti

375 2931 444 2998 loeo
459 2933 523 2997 alto
543 2935 592 2996 siti
614 2949 694 3014 sunt,
714 2937 788 3018 ipsis
808 2937 946 2999 faucibus
968 2937 1162 3015 inminentes,
1184 2940 1293 3020 ¹¹quas
1308 2933 1414 2996 Coetas

374 3031 505 3082 vocant:
527 3017 751 3103 Thessaliaque
778 3023 947 3085 transeunti
976 3025 1155 3104 confragosa
1185 3024 1253 3085 loca
1281 3021 1413 3106 inplica-

478 3157 492 3184 θ
507 3164 533 3200 ea
543 3151 588 3203 del.
599 3153 669 3202 Cres.
796 3151 805 3188 ¹
816 3163 863 3219 post
873 3155 918 3207 del.
931 3155 1005 3206 Gran.
1132 3163 1145 3199 ἰ
1163 3154 1237 3204 Calan
1248 3153 1305 3204 aad.

373 3243 415 3291 tim
427 3247 500 3295 redire
508 3249 612 3311 jubendo
628 3251 651 3298 in
671 3249 791 3310 coloniam,
806 3252 825 3300 si
836 3255 878 3316 qul
942 3249 962 3285 ¹⁴
978 3251 1039 3306 Quos
1062 3252 1120 3302 Cala
1136 3249 1225 3314 comat]
1250 3251 1319 3300 Hane
1335 3249 1414 3302 lectio·

373 3310 418 3357 alio
427 3311 526 3376 dissipati
543 3327 617 3374 arant,
635 3317 717 3378 partim
732 3318 878 3368 adscribendo
908 3331 962 3364 nem
974 3318 1071 3365 adstruit
1087 3334 1115 3364 ex
1127 3317 1198 3365 MSS.
1209 3319 1262 3366 dac.
1275 3319 1414 3365 Gronovius.

372 3389 452 3425 novos.
493 3379 530 3426 Sic
548 3395 623 3442 cogere
640 3381 738 3438 militam,
755 3386 878 3444 pesarrajam,
909 3381 985 3442 Vulgo
1003 3397 1066 3444 priam
1084 3382 1250 3430 Calenamnt·
1281 3382 1328 3429 Sed
1340 3397 1370 3428 ne
1382 3383 1421 3439 sic,

371 3440 508 3500 stipendium,
519 3455 553 3490 est
570 3447 679 3507 cuiusque
696 3446 730 3492 rei
745 3457 834 3494 certum
849 3465 877 3496 ac
910 3447 1001 3508 quidem
1017 3461 1084 3494 sanus
1100 3462 1150 3494 esse
1169 3447 1262 3492 omnino
1273 3447 1365 3493 videtur
1375 3447 1413 3493 hic

371 3505 491 3570 delinitum
504 3522 628 3557 numerum
636 3509 754 3557 conficere.
777 3511 804 3558 ln
815 3509 876 3560 huuc
909 3511 981 3566 laeua
1014 3512 1125 3561 Libenter
1133 3522 1159 3558 st
1170 3511 1238 3560 aliem
1246 3511 1283 3560 hic
1292 3511 1413 3560 leviculum

371 3569 464 3616 modum
486 3571 585 3632 explicat
602 3585 625 3620 et
644 3583 722 3620 tuetur
743 3576 877 3638 scripturam
909 3576 1059 3624 mutationem
1077 3593 1131 3626 cum
1148 3575 1415 3640 Dujstiointstpaueres

371 3643 427 3706 vett.
438 3633 550 3682 editorum
568 3650 590 3685 et
609 3636 679 3686 MSS.
697 3639 801 3688 codicum
817 3639 876 3689 Gro·
908 3655 968 3697 mus,
986 3652 1011 3686 ut
1025 3651 1086 3688 totus
1103 3641 1166 3688 locru
1184 3645 1228 3688 hoc
1245 3643 1313 3688 modo
1324 3643 1414 3702 legere.

370 3703 474 3746 noctua
492 3699 626 3764 Expeditior
634 3711 712 3750 tamen
724 3715 758 3751 est
769 3721 876 3768 quarum·
908 3715 947 3752 tur
968 3704 1204 3768 distinguereturque:
1231 3705 1288 3767 Ipsis
1305 3705 1415 3770 feticibus

371 3759 422 3808 dam
432 3761 559 3815 editionum
573 3764 650 3822 lectio,
663 3775 689 3813 ut
701 3769 822 3818 salmonea
833 3788 876 3818 na-
908 3770 1049 3827 iorminenlcs,
1067 3772 1204 3832 quantana
1226 3780 1300 3818 mcum
1324 3771 1415 3822 tumo-

370 3838 587 3904 nrcrusaagarstur3
603 3833 643 3886 sed
657 3831 709 3880 ideo
723 3833 818 3883 fortasse
828 3851 877 3884 sus·
909 3831 951 3891 lia,
969 3850 1015 3895 qna
1030 3837 1152 3883 transeunti
1168 3847 1213 3882 ete.
1248 3834 1315 3883 Libro
1331 3848 1416 3889 xxxt-

371 3901 466 3962 pectror.
908 3913 930 3948 c.
947 3899 987 3948 47.
1002 3900 1089 3949 mentio
1104 3901 1131 3948 lit
1150 3901 1213 3948 sinus
1231 3899 1337 3958 Esthuici,
1351 3917 1414 3962 quem

397 3952 424 4032 ⁸¹¹
444 3955 496 4005 Duo
516 3955 588 4006 millia
606 3957 713 4020 militina]
738 3957 813 4022 Vulgo
834 3965 878 4012 dno
911 3961 970 4009 Cau
993 3973 1076 4012 vocant.
1116 3963 1197 4027 ltaque
1223 3980 1270 4012 non
1297 3965 1416 4014 immerito

372 4021 479 4131 molliet'eo
491 4023 610 4099 militnm
630 4021 788 4088 Expuuximus
799 4043 878 4076 vocem
909 4027 1014 4090 suspicari
1026 4030 1076 4089 quis
1086 4031 1156 4093 possit
1173 4029 1213 4077 has
1231 4031 1307 4077 lauces
1325 4041 1417 4084 vocatas

375 4087 661 4218 Ta'liu'hhheofiiiduiibst]
685 4151 758 4200 Deest
783 4163 830 4216 post
855 4155 879 4204 in
911 4091 1417 4214 ggpgglglafflgpgrapdnpqtffirsspristi

378 4213 480 4274 utrisque
503 4217 613 4263 Gronorii
635 4216 778 4274 editionibus,
800 4230 878 4268 contra
910 4233 936 4268 ut
953 4237 1030 4268 sensru
1047 4224 1087 4283 sit,
1103 4223 1254 4282 Thessaliam,
1269 4225 1332 4274 velut
1348 4226 1418 4274 maria

377 4273 449 4324 MSS.
483 4280 621 4343 aliorumque
656 4284 769 4330 editorum
803 4283 879 4332 fidem.
912 4288 969 4333 vasti
981 4287 1058 4346 ingens
1068 4304 1153 4349 sequor,
1169 4289 1200 4336 sic
1211 4292 1344 4338 immensam
1359 4307 1416 4352 pan·

378 4339 527 4393 tirannos.
559 4345 641 4394 Exstat
658 4347 687 4394 sd
702 4345 880 4407 podiaVictor.
912 4351 934 4396 di
955 4353 1070 4413 planitiem
1093 4355 1121 4400 ob
1143 4355 1221 4402 oculos
1243 4353 1352 4417 ejusqui
1375 4371 1417 4418 pet

377 4404 442 4504 libgp.
530 4473 535 4484 Ι
748 4477 753 4488 ι
911 4413 989 4490 fruces
1007 4415 1055 4465 illas
1075 4422 1103 4468 orl
1117 4420 1197 4468 urbem
1209 4419 1353 4470 Thaumacos
1363 4436 1417 4482 per·

448 4472 467 4517 Α
480 4469 556 4536 Pyla]
572 4471 773 4542 ATherrnopyhs.
912 4491 1007 4530 renent.
