3026 5164
351 377 410 429 444
771 364 854 424 ΤΙΤΙ
874 363 974 424 LlVlI
1008 365 1015 376 ’

189 535 221 586 11.
233 535 327 586 (3.569.
352 525 391 587 ad
406 522 679 607 'preoccupandam
696 521 836 583 Coronen
860 516 1048 602 [profectus]
1068 539 1159 602 quam
1181 522 1288 582 hostes
1307 533 1389 601 pete-

188 603 219 651 A.
230 603 260 652 ⁰·
273 606 325 655 ¹⁸³·
352 614 436 690 bant,
452 613 483 672 in
498 611 575 672 valle
591 611 694 690 iniqua
709 629 777 669 cum
793 609 941 690 equitibus
957 610 1059 690 paucis
1074 610 1247 690 obpressus.
1293 605 1391 688 lpsum

351 699 486 782 potuisse
516 697 648 776 effugere
668 694 822 758 Thracum
846 694 1093 776 Cretensiumque
1118 695 1233 756 auxilio
1259 692 1392 754 tradunt.

297 803 301 812 ’
351 786 406 847 sed
428 785 526 867 pudor
548 783 736 863 relinquendi
761 782 888 862 equites,
911 781 1112 843 nobilissimos
1132 782 1244 862 gentis,
1269 780 1310 841 ab
1331 779 1394 861 ipso

351 891 447 953 nuper
472 870 576 946 lectos,
598 870 707 931 tenuit.
731 869 838 949 quibus
864 868 936 928 dum
961 868 1060 929 locum
1084 869 1123 928 ad
1145 867 1320 929 evadendas
1342 886 1396 927 an·

350 959 465 1038 gustias
487 955 626 1036 cogendo
649 957 713 1038 ipse
737 976 846 1036 agmen
866 956 988 1035 praebet,
1008 956 1157 1016 sustinens
1178 955 1302 1037 inpetus
1324 952 1395 1013 hos-

351 1046 446 1121 tium3
478 1042 618 1126 prolapso
640 1062 730 1123 equo,
747 1054 780 1103 et
799 1063 853 1106 suo
875 1043 939 1122 ipse
958 1061 1041 1118 casu,
1059 1053 1091 1102 et
1109 1062 1199 1104 onere
1218 1040 1291 1121 equi
1306 1061 1398 1122 super

352 1150 421 1192 eum
441 1131 565 1207 ruentis,
586 1129 667 1192 haud
692 1129 819 1190 multum
843 1127 949 1205 abluit,
973 1127 1044 1209 quin
1066 1129 1302 1204 exanimaretur,
1324 1147 1395 1208 sep-

351 1218 490 1298 tuaginta
510 1237 605 1277 annos
626 1214 691 1297 jam
713 1227 811 1292 natus,
833 1227 865 1276 et
890 1215 1009 1277 diutino
1034 1215 1152 1294 morbo,
1178 1236 1216 1276 ex
1241 1235 1306 1296 quo
1330 1226 1395 1274 tum

351 1305 482 1387 primum
503 1303 702 1380 reficiebatur,
717 1303 827 1364 viribus
848 1302 1013 1364 admodum
1036 1301 1217 1364 adtenuatis.
1236 1301 1397 1383 jacentem

351 1393 452 1453 hostes
476 1389 624 1473 superfusi
645 1390 873 1472 obpresserunt:
905 1389 1120 1469 cognitumque
1144 1388 1277 1470 primum
1301 1408 1322 1447 a
1342 1407 1395 1448 ve-

351 1477 495 1539 recundia
517 1467 723 1556 memoriaque
745 1477 931 1552 meritorum,
955 1475 1037 1536 baud
1057 1496 1141 1536 secus
1166 1495 1258 1556 quam
1283 1474 1396 1535 ducem

350 1585 449 1642 suurn,
464 1564 616 1626 adtollunt
637 1563 845 1644 reficiuntque,
866 1574 897 1624 et
916 1583 954 1623 ex
971 1561 1048 1622 valle
1071 1562 1159 1623 devia
1177 1561 1308 1622 inviam
1324 1582 1397 1643 por·

349 1664 429 1729 tant,
455 1651 505 1712 vix
534 1651 657 1712 sibimet
686 1649 744 1731 ipsi
773 1671 834 1731 prae
859 1649 1043 1731 necopinato
1071 1649 1183 1729 gaudio
1210 1649 1396 1724 credentem

350 1758 420 1820 pars
442 1736 568 1798 nuncios
584 1735 747 1799 Messenen
766 1736 963 1818 praemittunt,
980 1735 1162 1796 debellatum
1183 1757 1263 1812 esse,
1283 1736 1311 1774 ⁸⁶
1323 1733 1396 1795 Phi·

351 1825 552 1907 lopoemenem
564 1834 713 1904 captumu
729 1822 849 1884 adduci.
891 1821 1024 1883 Primum
1037 1821 1114 1884 adeo
1130 1822 1321 1884 incredibilis
1332 1822 1396 1883 visa

350 1931 409 1984 res,
433 1923 468 1974 ut
490 1931 551 1971 non
577 1932 632 1993 pro
651 1931 730 1972 vano
753 1910 856 1986 modo,
874 1909 927 1970 sed
950 1909 999 1970 vix
1019 1930 1074 1991 pro
1096 1930 1170 1970 sano
1190 1909 1322 1971 nuncius
1341 1929 1396 1970 au·

351 1998 475 2061 ditetur.
496 1997 616 2074 deinde,
636 2008 671 2058 ut
691 2017 780 2079 super
800 1997 895 2074 alium,
913 1996 989 2056 alins
1011 1995 1092 2057 idem
1107 2017 1213 2058 omnes
1229 1995 1395 2058 adfirman-

350 2096 397 2146 tes
415 2084 588 2162 veniebant,
609 2084 733 2145 tandem
754 2083 837 2146 lacta
851 2083 926 2144 fides
936 2107 945 2159 3
975 2095 1017 2160 et,
1028 2082 1210 2164 ,priusquam
1226 2083 1394 2165 adpropin-

351 2191 444 2252 quare
467 2171 531 2232 urbi
547 2171 621 2232 satis
643 2171 767 2247 scirent,
784 2171 822 2231 ad
838 2170 1042 2252 spectaculum
1062 2191 1178 2248 omnes,
1193 2171 1286 2232 simul
1310 2170 1394 2231 liberi

245 2315 248 2322 .
352 2278 388 2318 ac
418 2259 504 2335 servi,
535 2258 620 2340 pueri
649 2269 768 2338 quoque
799 2277 867 2318 eum
901 2255 1030 2334 feminis,
1053 2257 1261 2318 effunduntur.
1292 2255 1395 2338 itaque

352 2344 523 2406 clauserant
546 2355 666 2426 portam
691 2344 795 2422 turbae,
815 2344 922 2404 ⁰⁷dum
945 2364 1002 2426 pro
1028 2365 1060 2405 se
1081 2345 1218 2425 quisque,
1240 2344 1301 2404 nisi
1332 2345 1396 2424 ipse

351 2431 445 2492 oculis
469 2431 528 2491 suis
549 2431 736 2507 credidisset,
753 2430 805 2491 vix
823 2452 888 2513 pro·
902 2443 1059 2512 comperta
1079 2441 1196 2492 tantam
1219 2451 1285 2492 rem
1306 2430 1394 2492 babi-

352 2528 435 2578 turus
451 2518 611 2578 videretur.
655 2515 752 2598 AEgre
774 2519 985 2579 submoventes
1004 2518 1109 2579 obvios
1133 2519 1245 2580 intrare
1260 2530 1396 2600 portam,

352 2603 402 2683 qui
423 2603 615 2665 adducebant
629 2603 900 2686 Philopoemenem,
915 2603 1090 2686 potuerunt,
1105 2617 1195 2685 atque
1213 2605 1303 2667 turba
1316 2617 1394 2666 con-

351 2689 428 2750 ferta
452 2690 509 2750 iter
533 2691 681 2770 reliquum
711 2691 869 2752 clauserat.
896 2703 937 2768 et,
964 2711 1055 2774 quum
1082 2713 1152 2773 pars
1176 2692 1306 2752 maxima
1332 2711 1389 2752 ex·

351 2775 435 2836 clusa
457 2796 476 2836 a
497 2777 671 2857 spectaculo
694 2789 783 2853 esset,
807 2779 960 2839 theatrum
984 2790 1121 2860 repente,
1141 2777 1214 2858 qnod
1233 2777 1286 2838 viae
1312 2797 1385 2858 pro-

352 2863 496 2943 pinquum
513 2873 589 2940 erat,
605 2863 842 2945 compleverunt,
858 2877 900 2940 et,
916 2877 949 2925 ut
968 2885 1005 2925 eo
1027 2866 1058 2925 in
1072 2877 1265 2946 conspectum
1278 2863 1390 2946 populi

350 2948 562 3026 adduceretur,
576 2970 638 3011 una
651 2970 726 3012 voce
748 2971 853 3012 omnes
869 2952 1084 3033 exposcebant.
1139 2949 1337 3032 Magistratus
1359 2966 1395 3012 et

350 3036 514 3118 principes,
543 3037 641 3114 veriti,
669 3057 707 3097 ne
738 3057 827 3118 quem
859 3051 975 3098 motum
1006 3039 1213 3100 misericordia
1238 3038 1398 3120 praesentis

351 3123 428 3186 tanti
447 3122 501 3183 viri
522 3123 644 3200 faceret,
661 3143 753 3203 quum
778 3125 851 3185 alios
870 3125 1052 3186 verecundia
1071 3125 1205 3207 pristina
1225 3123 1397 3206 majestatis

350 3210 474 3272 conlata
495 3210 634 3291 praesenti
658 3209 796 3288 fortunae,
819 3211 894 3272 alios
917 3212 1085 3273 recordatio
1108 3212 1279 3292 ingentium
1301 3211 1396 3272 meri·

350 3307 449 3357 tonnn
476 3307 597 3357 motura
620 3309 709 3375 esset,
736 3298 839 3379 procul
867 3299 897 3358 in
925 3311 1092 3380 conspectu
1118 3320 1188 3361 eum
1212 3309 1396 3360 statuerunt.

351 3382 460 3443 deinde
482 3377 591 3465 raptim
612 3381 650 3445 eit
670 3383 765 3446 oculis
780 3383 937 3446 hominum
958 3386 1178 3462 abstraxerunt,
1193 3397 1322 3468 praetore
1337 3383 1396 3444 Di·

350 3469 473 3530 nocrate
489 3469 622 3546 dicente,
638 3491 714 3546 esse,
730 3492 795 3551 quae
810 3471 994 3553 pertinentia
1016 3472 1057 3532 ad
1070 3493 1219 3534 summam
1237 3471 1309 3534 belli
1325 3491 1396 3552 per-

350 3557 485 3616 cunctari
510 3577 578 3617 enm
604 3558 799 3637 magistratus
823 3558 945 3619 vellent.
1004 3557 1117 3620 ⁸⁸lnde
1143 3560 1276 3621 abducto
1300 3579 1337 3619 eo
1363 3559 1394 3618 in

350 3643 475 3716 curiam,
491 3655 522 3703 et
536 3657 642 3704 senatu
659 3655 776 3720 vocato,
792 3644 956 3706 consultari
973 3657 1118 3727 coeptum.

183 3741 342 3794 lornbrerra·¹
392 3727 427 3789 L.
449 3727 520 3790 Jnm
545 3730 815 3811 invesperascebat,
837 3743 869 3793 et
890 3752 953 3792 non
976 3733 1068 3792 modo
1090 3743 1202 3808 cetera,
1225 3734 1279 3794 sed
1301 3751 1340 3792 ne
1363 3731 1396 3792 in

185 3823 250 3854 Μ
262 3809 310 3885 “1;·
349 3815 520 3896 proximam
537 3817 659 3896 quidem
679 3829 801 3878 noctem
820 3819 870 3879 nbi
892 3819 965 3880 satis
981 3829 1047 3880 tuto
1063 3819 1276 3898 custodiretur,
1297 3839 1397 3900 expe-

182 3873 325 3988 iiffifi‘m'
350 3901 483 3966 diebant.
536 3903 764 3985 Obstupuerant
784 3904 823 3965 ad
845 3905 1087 3986 magnitudinem
1103 3906 1236 3988 pristinae
1251 3907 1317 3989 ejus
1332 3907 1398 3968 lor·

750 4037 760 4061 ¹¹
770 4039 857 4092 capnon
866 4031 911 4078 del.
924 4031 997 4080 Gron.
1009 4011 1010 4020 .

381 4114 595 4178 &Philopoemenem
609 4127 696 4177 coptum
705 4119 797 4179 adduci]
818 4120 855 4168 Sic
887 4121 919 4172 τὲ
930 4123 983 4168 dnm
993 4121 1113 4181 legendum
1125 4134 1159 4170 est
1169 4138 1246 4184 pum.

349 4179 493 4235 Opoaienser
505 4184 601 4230 Hsamii
612 4184 678 4230 codd.
690 4186 723 4230 sio
739 4197 763 4232 et
779 4197 856 4232 noster
919 4187 942 4220 ⁸³
954 4186 1009 4234 lnds
1022 4188 1113 4235 durneto
1123 4188 1159 4252 eo]
1180 4187 1290 4237 Testatur
1301 4189 1401 4238 Grano-

348 4245 412 4294 Vict.
430 4259 454 4293 et
469 4248 569 4295 Andreae
584 4249 660 4296 editio.
705 4248 855 4298 Gronorianae
887 4253 937 4298 vius
956 4252 1024 4300 nullia
1041 4253 1063 4299 in
1084 4255 1223 4300 membranis
1240 4270 1318 4318 ireque
1334 4269 1399 4306 vert.

349 4311 460 4358 editiones
472 4314 581 4360 omittunt
592 4313 621 4360 rb
633 4321 728 4374 coptum.
804 4349 809 4366 ,
886 4319 952 4365 editis
970 4329 1058 4365 exstare
1075 4327 1115 4366 snt
1132 4321 1243 4374 induent
1259 4337 1290 4371 ca.
1334 4323 1401 4374 Vter.

382 4376 403 4410 ⁸⁷
416 4373 477 4422 Dum
494 4393 533 4436 pro
549 4381 667 4440 reprrbqire
679 4411 686 4426 .
697 4413 702 4426 .
715 4413 721 4426 .
734 4381 854 4444 rideretur]
887 4398 976 4445 quoque
993 4383 1052 4432 liber
1069 4387 1125 4431 duas
1144 4384 1191 4430 illu
1210 4401 1280 4434 voces
1297 4387 1401 4452 ignorat,

348 4439 424 4500 Μαίη
439 4440 661 4518 pbcer'er,·ei‹lemr..·
683 4460 710 4492 ac
731 4460 768 4494 vnr
789 4447 854 4497 dubl·
887 4449 968 4511 quibus
978 4449 1109 4498 saraberto
1120 4463 1197 4511 carere
1207 4463 1284 4513 porcat
1295 4453 1380 4501 milo.

348 4517 423 4554 mmm
434 4519 467 4552 nc
478 4521 591 4570 scripture
605 4508 701 4560 Linum.
734 4510 787 4560 Nisi
803 4511 855 4560 loco
