3038 5200
1401 300 1414 340 b

373 379 431 438 tue
631 325 636 336 ι
797 371 881 470 'l'l'l'l
899 370 1002 432 nvn

204 541 350 595 thanet.
371 549 445 594 num
470 527 690 594 lacedaemone
712 537 789 606 erat,
811 527 914 610 pulsus
940 527 1040 590 iniens
1066 529 1105 589 sb
1125 525 1268 610 Lycurgo
1289 537 1421 610 tyranno

203 609 349 662 ΝΜ·
370 628 589 702 postmortem
612 614 796 693 Cleomenis,
820 615 871 695 qui
896 615 1010 698 primus
1032 627 1178 699 tyrannus
1201 612 1421 677 lacedaemone

372 704 442 768 huit.
1298 745 1300 755 ·

204 787 333 868 *levem
414 788 549 856 XXVll.
572 788 673 861 Quum
699 799 780 851 terrn
804 789 939 869 morique
963 797 1085 850 tontum
1112 787 1184 849 belli
1208 788 1420 850 circumstaret

202 863 304 919 ‘m'
371 889 546 962 tyrannum,¹
573 887 605 938 et
628 896 722 958 prope
749 876 832 938 nulls
856 895 927 957 spes
952 885 1123 936 esset'vere
1138 893 1208 936 suns
1224 874 1420 955 hostiumque

370 963 534 1027 estimanti
549 963 626 1024 vires
636 972 659 1040 ⁸,
675 981 736 1022 non
752 972 855 1024 temen
878 961 983 1023 omisit
1007 961 1139 1023 bellurn:
1164 960 1217 1021 sed
1244 971 1277 1021 et
1292 981 1312 1020 n
1327 959 1419 1022 Crete

370 1049 455 1114 mille
470 1049 605 1112 delectos
626 1047 793 1129 juventutis
809 1067 914 1110 eorum
929 1047 1051 1124 excivit,
1074 1067 1167 1128 quum
1186 1047 1271 1108 mille
1282 1044 1351 1128 jnm
1365 1047 1420 1108 hn-

370 1135 475 1198 beret:
498 1145 531 1196 et
556 1135 615 1196 trin
637 1133 734 1195 millia
756 1134 1010 1196 mercenariorum
1032 1133 1175 1212 militum,
1201 1133 1311 1194 decem
1326 1133 1420 1194 millis

370 1221 562 1304 popularium
586 1241 657 1283 curn
679 1221 704 1259 ⁸⁸
715 1221 887 1282 castellanis
903 1219 1071 1301 agrestibus
1087 1220 1119 1280 in
1135 1219 1227 1281 armis
1242 1219 1352 1280 habuit
1365 1229 1420 1280 :et

370 1307 452 1369 fossa
474 1307 614 1387 valloque
638 1307 744 1368 urbem
767 1307 975 1368 communivit.
997 1318 1039 1384 et,
1055 1326 1095 1368 ne
1110 1305 1185 1386 quid
1199 1305 1339 1366 intestini
1354 1325 1419 1366 mo·

370 1404 421 1454 tus
437 1393 575 1470 oriretur,
587 1403 682 1456 'metu
698 1404 730 1454 et
745 1395 911 1456 acerbitate
925 1413 1084 1475 poensrum
1110 1394 1135 1430 ⁸⁴
1149 1391 1277 1454 tenebat
1290 1391 1418 1468 animos,

371 1479 527 1560 quonism,
541 1489 577 1540 ut
591 1479 706 1540 salvum
727 1480 840 1542 vellent
862 1491 1035 1562 tyrannum,
1058 1498 1179 1561 sperare
1201 1497 1263 1538 non
1288 1488 1418 1560 poterat

372 1563 474 1635 Quum
490 1575 647 1647 suspectos
662 1565 810 1645 quosdam
825 1565 936 1627 civium
951 1565 1088 1641 haberet,
1103 1564 1222 1626 eductis
1232 1565 1266 1624 in
1275 1583 1416 1646 eampum

371 1650 514 1712 omnibus
538 1651 646 1734 copiis,
675 1649 938 1734 (⁸⁶Dromonipsi
962 1651 1086 1731 vocant)
1115 1651 1224 1733 positis
1249 1650 1354 1727 ermis,
1378 1649 1416 1712 nd

373 1737 552 1798 concionem
564 1737 665 1799 vocari
676 1735 768 1818 jussit
779 1735 1038 1816 Lacedaemonios‚
1051 1747 1141 1818 atque
1155 1757 1261 1798 eorum
1277 1736 1416 1798 concioni

373 1822 519 1884 satellites
534 1835 668 1886 armatos
683 1823 894 1886 circumdedit.
919 1834 951 1885 et
970 1844 1068 1905 pauca
1087 1822 1241 1907 praefatus,
1258 1823 1268 1856 ‘
1285 1821 1348 1901 Cur
1363 1821 1417 1884 sibi

372 1908 384 1940 ‘
398 1908 627 1972 omnistimenti
633 1910 1074 1992 caventiqueignoseendumin
1080 1910 1133 1972 toli
1141 1920 1282 1991 tempore
1289 1909 1417 1971 foretret

371 1993 384 2027 ‘
398 1995 531 2076 ipsomm
541 1996 693 2074 referre,si
702 2018 777 2078 quos
784 2007 941 2079 suspectos
948 2007 1044 2059 status
1053 2016 1183 2080 prmsens
1188 2015 1289 2057 rerum
1295 1996 1418 2073 iaceret,

371 2080 384 2113 ‘
397 2081 550 2162 prohiberi
561 2083 672 2165 potius,
681 2104 721 2144 ne
734 2085 808 2164 quid
820 2083 920 2145 moliri
932 2083 1060 2164 possint,
1071 2103 1163 2164 quem
1175 2082 1277 2164 puniri
1289 2082 1416 2143 molien-

371 2166 384 2199 ‘
397 2180 455 2230 tes.
478 2165 585 2249 Itaque
596 2169 744 2250 quosdam
756 2191 788 2230 se
797 2170 828 2229 in
840 2170 980 2231 custodis
988 2170 1172 2246 habiturum,
1185 2168 1285 2231 donec
1297 2189 1341 2245 en,
1352 2187 1418 2248 qute

370 2252 382 2285 ‘
397 2254 501 2331 instet,
513 2264 856 2338 tempestnspraetereat.
893 2253 1042 2318 Hostibus
1053 2255 1190 2337 repulsis,
1210 2255 1372 2336 (aquibus,
1386 2253 1413 2314 si

370 2337 383 2371 ‘
396 2340 490 2402 modo
498 2341 632 2422 proditio
641 2341 785 2402 intestino
794 2342 867 2405 satis
877 2352 1028 2420 caveatur,
1033 2341 1133 2403 minus
1142 2341 1269 2423 periculi
1276 2339 1354 2418 esse)
1363 2359 1416 2401 ex·

329 2472 336 2480 ,
370 2424 512 2507 ‘templo
535 2447 587 2488 eos
610 2425 810 2488 emissurum?
846 2425 910 2489 Sub
933 2429 996 2490 haec
1018 2428 1243 2490 citarinomins
1258 2427 1416 2508 octoginta

371 2510 466 2572 ferme
477 2511 647 2593 principum
652 2517 654 2522 ’
655 2510 822 2592 juventutis
827 2513 934 2595 jussit:
946 2526 1038 2595 utque
1047 2535 1110 2592 eos,
1121 2525 1155 2576 ut
1164 2515 1292 2595 quisque
1308 2513 1350 2574 sd
1361 2531 1417 2574 no·

525 2641 538 2671 ⁸
548 2642 597 2682 esset
608 2636 661 2683 niret
670 2650 719 2682 runs
729 2636 862 2700 hostiumque
871 2641 993 2694 estimanti,
1004 2653 1048 2686 non
1057 2649 1102 2686 ete.
1111 2635 1183 2684 Gron.
1196 2635 1264 2684 Cres.

371 2739 459 2788 ultimis
488 2740 628 2804 temporibus
657 2741 688 2804 Sp
768 2743 878 2790 dominnti
910 2743 963 2792 Post
975 2743 1107 2807 Lycurgum
1119 2742 1259 2808 tyrannidem
1271 2739 1356 2788 invasit
1364 2741 1420 2789 Mn-

370 2813 434 2853 sunt.
459 2803 583 2862 leonidas,
598 2814 623 2853 et
639 2805 695 2866 Agis
712 2821 719 2852 r
737 2823 750 2854 e
767 2811 833 2871 cujus
844 2807 878 2854 vi·
911 2807 1275 2870 obsnidus‚cuinPhilopoemene
1294 2807 1318 2852 io
1334 2806 1420 2869 proelio

370 2879 420 2918 tsm
434 2869 525 2932 scripsit
547 2869 695 2927 Plutarchus,
710 2871 780 2920 simul
798 2887 880 2933 regno·
911 2874 1008 2936 quodam
1029 2873 1107 2921 occiso
1126 2873 1231 2922 suecesn't
1247 2869 1329 2927 Nebis,
1350 2873 1420 2932 isque

369 2945 425 2983 runt
438 2937 498 2982 circs
512 2948 618 3000 tempora
635 2935 702 3000 primi
719 2937 800 2987 Punici
817 2937 879 2986 belli.
912 2937 1022 3002 Pelopem
1049 2938 1149 2988 sustulit.
1191 2936 1249 2984 litet
1279 2936 1364 2998 partim
1390 2949 1420 2982 ex

369 2999 472 3048 Leonida
493 3000 597 3048 obdicure
618 3011 698 3048 coneto
719 3001 881 3052 Cleombrotus
913 3002 1120 3063 PlutinAgideet
1130 3001 1264 3058 Cleomene,
1272 3011 1341 3062 atque
1349 2999 1419 3047 etiam

369 3079 442 3126 gener
452 3066 502 3128 eJus
514 3079 610 3128 regnum
629 3065 717 3113 inussit.
749 3066 807 3114 Mox
819 3069 878 3116 Leo·
912 3066 1091 3130 Philopoemene,
1110 3069 1192 3130 partim
1203 3082 1232 3113 ex
1244 3065 1326 3130 Polyb.
1337 3065 1418 3130 pertin

369 3130 434 3178 nidus
454 3131 574 3179 restitutus
594 3147 648 3180 curn
666 3129 763 3194 Ephori·
781 3132 805 3180 in
821 3133 879 3192 Agi·
911 3147 940 3180 er
950 3132 1055 3180 Diodoro
1064 3133 1158 3181 collecta
1170 3143 1232 3179 sunt.

369 3196 424 3244 dem
442 3196 577 3259 conjurnvit,
592 3197 632 3259 qui
651 3197 675 3244 in
693 3211 784 3245 eernere
804 3207 879 3245 nran-
943 3197 964 3232 ⁸¹
978 3197 1106 3246 mellonis
1122 3193 1254 3262 witin]
1285 3195 1368 3244 llotiss
1392 3204 1418 3244 nt

369 3261 461 3322 guintus
477 3273 528 3309 est:
553 3262 601 3326 ipse
618 3277 664 3309 non
683 3262 716 3310 ita
733 3261 807 3310 multo
827 3273 878 3324 post
910 3273 971 3324 putet
983 3279 1012 3309 ex
1023 3263 1050 3310 iis
1061 3279 1112 3326 quse
1123 3278 1177 3310 mox
1186 3273 1321 3324 sequentur.

368 3325 435 3384 obiit,
454 3339 478 3375 et
496 3315 617 3376 Cleomeni
633 3326 690 3387 lilio,
705 3325 737 3374 illi
756 3327 799 3392 ipsi
814 3327 879 3390 cujus
943 3328 965 3364 ‘⁴
978 3326 1069 3375 Tenebat
1085 3323 1298 3388 animonpuonicm]
1325 3326 1352 3373 ln
1371 3323 1418 3372 rul-

368 3392 417 3439 vitn
435 3391 534 3440 habetur
554 3393 614 3455 npod
634 3393 794 3449 Plutarchum,
808 3407 878 3454 quern
909 3393 966 3452 gatis
976 3405 1035 3440 nova
1045 3392 1153 3457 periodus
1161 3391 1268 3453 incipies
1283 3405 1350 3449 voce,
1366 3405 1418 3453 ςιν-

368 3456 470 3520 primurn
501 3456 726 3506 lacedaemoniorum
753 3471 878 3521 tyrannum
910 3459 979 3508 mian.
1011 3457 1175 3506 Sedmntsnds
1186 3455 1253 3504 nobis
1264 3453 1417 3519 interpunctio

368 3533 477 3568 numerat
506 3521 593 3579 Livius,
619 3535 715 3581 regnum
736 3537 777 3586 per
799 3538 879 3572 minus
910 3521 955 3570 visa
974 3533 1016 3570 est.
1051 3521 1143 3570 Tenebat
1162 3522 1246 3570 mutnus
1262 3533 1322 3570 metu
1339 3519 1419 3575 Nabis,

368 3585 471 3632 tradidit.
504 3585 527 3632 ls
537 3587 611 3634 dctus
622 3587 649 3632 nb
661 3587 777 3648 Antigono
788 3600 811 3635 et
823 3587 877 3635 Ma·
910 3591 1012 3649 ponium
1026 3586 1049 3633 id
1062 3601 1148 3648 sperum
1162 3601 1208 3636 sion
1222 3594 1319 3646 meent,
1335 3598 1418 3647 nempe

368 3649 503 3707 sedenibus,
524 3651 549 3696 in
568 3651 694 3714 AEgyptum
712 3652 779 3713 fugit,
800 3653 876 3715 ibique
909 3662 937 3698 ut
953 3651 1122 3700 Lacedtennonii
1137 3652 1222 3700 solemn
1239 3657 1362 3712 imaus
1374 3649 1418 3696 nel·

368 3724 421 3778 post
440 3715 567 3764 triennium
587 3717 664 3779 periit,
680 3718 748 3780 paulo
762 3728 815 3766 ante
832 3719 878 3767 inl·
912 3717 965 3767 bnt.
998 3717 1106 3767 Notanda
1117 3714 1225 3780 loquendi
1238 3715 1320 3771 forma,
1336 3727 1420 3775 apum

369 3779 428 3829 tium
440 3782 536 3830 secundi
557 3781 639 3830 Punici
656 3783 717 3830 belli.
748 3781 809 3832 Turn
828 3783 877 3832 Le·
912 3792 947 3833 ut.
980 3781 1032 3830 vSed
1052 3782 1226 3847 intelligendum
1248 3791 1292 3836 est,
1312 3779 1419 3841 wemed-

368 3845 505 3894 cedoemonii
521 3861 616 3908 regnum
633 3847 877 3908 detrdemntadhge·
913 3847 1005 3896 modum
1017 3847 1160 3910 interpretati
1179 3861 1270 3904 sumus,
1286 3843 1419 3907 particulam
1511 3881 1512 3886 ,

368 3911 458 4024 ii⁰¹¹¹¹¹
471 3911 877 4026 lfbttnt‘tttblttltt
911 3911 1420 4027 strennuissimus:

367 3993 600 4092 sxuhdneuudum
626 3993 711 4108 stiipee
737 3994 879 4106 etexliliycdr:
911 3995 1199 4097 HoratiiloeumipNan,
1215 4047 1243 4086 st
1252 4038 1338 4104 souin
1354 4039 1419 4086 min

369 4121 434 4167 gum,
448 4110 567 4156 hominem
586 4109 717 4170 ignobilem,
735 4108 773 4171 qui
784 4107 879 4172 pecunia
910 4109 1013 4156 mentum
1039 4109 1122 4168 enoiosa
1152 4107 1223 4154 subire
1251 4104 1351 4163 unbem,
1378 4117 1420 4150 rsus

370 4173 484 4236 corruptis
502 4175 607 4238 Ephoris,
623 4174 724 4222 obtinuit
742 4185 768 4222 ut
786 4173 879 4222 llercu-
911 4187 989 4222 uereen
1030 4169 1082 4220 Non
1102 4186 1175 4221 uereor
1195 4168 1262 4230 illud,
1289 4183 1375 4233 nempe
1395 4173 1421 4213 ut

369 4235 400 4282 lis
410 4240 529 4298 progenies
540 4253 564 4287 et
582 4240 670 4303 Sparten
689 4255 730 4288 rex
748 4239 880 4288 haberetur.
912 4235 1072 4298 ocdnssertslo.

369 4299 410 4347 nb
421 4301 466 4350 hoc
481 4303 504 4350 in
515 4305 619 4352 exsilium
631 4305 708 4368 pulsus
724 4317 760 4353 est
770 4304 880 4368 Agesipo-
945 4298 1085 4366 Urvinum]
1110 4299 1202 4364 Apdpor
1229 4297 1314 4348 Grmce
1339 4310 1422 4346 erm
1511 4311 1512 4314 ’

369 4365 457 4427 linqui
468 4367 513 4414 hoo
525 4370 574 4418 loco
592 4370 698 4434 princeps
713 4371 818 4418 exsulum
835 4383 879 4418 no·
911 4365 950 4415 Sic
968 4367 1085 4416 dieebntru
1102 4365 1139 4414 hic
1157 4379 1258 4429 campus.
1274 4365 1336 4427 quod
1352 4364 1378 4410 in
1394 4375 1421 4410 eo
1511 4419 1512 4432 χ

371 4430 480 4479 minatur.
514 4433 630 4496 Lycurgus
639 4450 711 4496 quum
728 4437 813 4498 aliquot
830 4449 881 4496 reg·
910 4435 1299 4494 juvenescursuseseexercerenr.
1324 4429 1423 4480 huram

370 4504 449 4551 met
460 4511 541 4556 annos,
555 4499 611 4548 obiit
620 4501 702 4550 relicto
716 4500 763 4550 filio
781 4501 876 4566 Pelope.
909 4497 1027 4550 inlatum
