3080 5196
422 397 501 456 LlB.
521 397 679 458 xxxvii.
700 398 783 460 CAP.
802 399 901 498 llXV.
1136 403 1200 466 Μ

49 625 53 631 ⁴
146 561 228 630 mat,
251 571 341 616 nares
364 554 405 616 sd
429 573 521 638 opem
550 555 708 618 ferendru'n
733 556 795 618 suris
821 555 1053 620 concurrissent.
1074 567 1141 620 tum
1161 569 1368 638 arram:

147 635 317 718 llsrraibel,
352 661 457 723 umque
477 642 559 704 circa
580 663 650 704 eum
668 655 755 706 crant
772 663 875 720 naves,
889 655 1053 725 capessunt
1066 643 1193 725 fugam
1206 647 1282 700 Aac.
1295 654 1351 702 1⁹⁰.

145 745 206 786 nec
221 726 336 808 insequi
352 727 477 807 Rhodii,
491 749 530 790 ex
551 749 665 810 magna
678 741 766 812 perte
779 730 876 812 egris,
896 739 929 790 et
949 731 991 790 ob
1012 731 1044 792 id
1065 730 1195 794 celerius

146 811 236 873 fessis
259 815 434 896 remigibus,
452 827 629 897 potuerunt.
686 816 788 886 Quum
815 818 846 878 in
872 817 947 895 alto,
969 817 1022 878 ubi
1047 817 1195 882 substite-

147 909 228 977 rant,
255 901 324 962 cibo
349 901 508 979 rebcerept
526 903 620 980 ¹vires,
649 903 871 986 contemplatus
894 901 1049 965 Eudemus
1077 905 1196 983 hostes,

146 984 274 1047 claudas
289 989 525 1072 mutilatasqueh
541 1009 631 1050 naves
647 990 760 1072 apertis
775 989 901 1050 travibus
916 990 1053 1052 remulco
1067 992 1195 1053 traben-

147 1081 206 1148 tes,
220 1073 328 1154 viginti
344 1076 446 1157 paullo
462 1075 591 1157 amplius
606 1077 740 1157 integras
757 1075 966 1154 abscedentes,
988 1097 1005 1137 e
1026 1077 1103 1139 turri
1118 1099 1204 1160 pru-¹

147 1159 235 1220 torius
256 1162 340 1222 navis
362 1162 482 1224 silentio
498 1162 591 1240 facto,
606 1163 616 1195 ‘
631 1159 814 1244 Exsurgite}
835 1161 944 1243 inquit,
960 1166 969 1195 ‘
985 1175 1019 1224 et
1039 1165 1197 1245 egregium

146 1243 159 1277 ‘
174 1246 384 1326 spectaculum
399 1249 546 1331 capessite
559 1246 688 1310 oculisl’
744 1248 968 1310 consurrexere
986 1270 1103 1326 omncs,
1120 1271 1205 1312 cou··

146 1332 349 1414 templatique
370 1337 396 1380 ⁷⁴
409 1335 644 1419 trepidationem
664 1335 827 1417 fugamque
849 1336 996 1412 hostium,
1016 1357 1113 1417 prope
1134 1357 1199 1398 uua

147 1437 226 1479 voce
248 1421 456 1485 exclamarers
477 1441 593 1500 ornnes,
619 1434 655 1483 ut
676 1433 883 1502 sequerentur.
939 1419 1037 1503 Ipsius
1063 1421 1198 1492 Eudemi

148 1505 256 1567 multis
271 1506 381 1569 ictibus
393 1509 550 1570 vulnerato
562 1509 648 1570 nevis
658 1519 734 1570 erot.
771 1506 993 1588 Pamphilidam
1005 1517 1038 1568 et
1046 1505 1199 1570 Charicli-

147 1601 217 1653 tum
234 1592 362 1674 insequi,
378 1595 479 1677 quoad
493 1607 638 1676 putarent
658 1605 770 1671 tutum,
788 1592 890 1675 jussit.
932 1593 1131 1674 Aliquamdiu
1145 1615 1197 1656 se-
1247 1669 1250 1674 Ι

149 1678 214 1738 cuti
235 1691 322 1741 sunt:
354 1693 516 1763 postquem
539 1693 625 1743 terrae
647 1681 911 1763 adpropinquabat
925 1677 1093 1758 Hannibal,
1108 1681 1197 1742 veriti

150 1783 192 1824 ne
218 1765 439 1829 includerentur
460 1778 553 1830 vento
575 1768 607 1830 in
633 1766 768 1828 hostium
793 1788 858 1844 ora,
884 1766 924 1828 ad
947 1765 1121 1828 Eudamum
1146 1787 1200 1828 re-

150 1850 242 1928 vecti,
264 1855 291 1898 ⁷⁵
304 1853 462 1936 hepterem
487 1866 620 1936 captam,
645 1873 709 1935 quae
735 1854 834 1934 primo
857 1873 1004 1914 conctusu
1029 1852 1093 1915 ictu
1120 1865 1200 1931 erat,

150 1955 231 2018 aegre
246 1937 433 2002 Phaselidem
448 1951 669 2023 pertraxerunt.
695 1940 767 2002 inde
787 1939 941 2017 Rhodum,
964 1959 1028 2000 nou
1047 1950 1113 2000 tam
1131 1939 1202 2000 uic··

152 2026 234 2088 toria
254 2024 324 2103 luti,
340 2047 430 2108 quam
454 2027 529 2088 alius
551 2027 643 2088 alium
662 2037 850 2103 accusantes,
865 2026 958 2106 quod,
973 2045 1065 2108 quum
1080 2026 1203 2107 potuis-³

149 2121 212 2188 set,
227 2131 288 2172 uon
308 2113 406 2174 omnia
433 2115 588 2176 submersa
603 2125 656 2176 aut
670 2125 762 2194 capta
775 2112 879 2172 classis
894 2112 1029 2173 boatium
1043 2111 1134 2188 soret,
1150 2133 1200 2172 re-

154 2197 286 2260 dierunt.
340 2201 367 2245 ⁷⁸
379 2197 546 2277 Hannibal,
571 2203 649 2262 ictus
675 2219 736 2260 uno
762 2197 870 2280 proelio
900 2198 1036 2274 adverso,
1064 2218 1104 2258 ne
1132 2207 1199 2258 tum

151 2284 279 2365 quidem
301 2286 477 2366 protervehi
498 2283 623 2370 Lyciam
646 2285 789 2362 audebat,
815 2304 908 2365 quum
933 2283 1077 2366 conjungi
1102 2283 1202 2346 veteri

151 2371 245 2451 regie
260 2371 348 2432 classi
363 2365 590 2456 quamprimum
603 2384 738 2454 cuperet.
795 2369 846 2447 Et,
861 2370 895 2431 id
909 2391 948 2431 ne
963 2371 991 2431 ei
1006 2367 1106 2431 lucere
1121 2370 1202 2432 libe·’

148 2477 222 2518 rum
243 2469 333 2534 esset,
348 2456 462 2520 Rhodii
483 2457 682 2520 Chariclitum
708 2479 778 2519 curn
800 2457 908 2538 viginti
932 2457 1058 2518 navibus
1082 2468 1200 2518 rostru-¹

150 2544 195 2604 tis
223 2543 262 2604 cd
288 2541 398 2605 Patara
422 2559 454 2606 et
476 2543 630 2626 Megisten
656 2555 778 2627 portum
809 2544 964 2604 misenmt
1027 2541 1201 2604 Eudumm

152 2647 226 2689 cum
251 2639 368 2711 septem
389 2631 514 2698 navibus
539 2631 679 2691 maximis
701 2651 739 2691 ex
764 2651 802 2690 ec
824 2631 933 2704 classe,
956 2629 1004 2690 cui
1029 2627 1201 2710 praefuerat,¹

150 2711 282 2776 Samum
297 2715 395 2776 redire
409 2717 448 2777 ad
463 2715 617 2778 Romanos
633 2716 806 2798 jusserunt3
835 2727 880 2794 ut,
896 2726 1046 2796 quantum
1058 2714 1201 2792 cunulis,

151 2811 302 2880 quantum
326 2802 505 2865 auctoritate
529 2803 652 2882 valeret,
676 2803 872 2885 compelleret
890 2801 1052 2864 Romanos
1077 2803 1120 2863 ad
1139 2799 1200 2862 Pa·¹

149 2897 221 2950 rara
235 2886 450 2969 obpugnanda.
1195 2911 1199 2922 ·

199 2971 300 3034 XXV.
322 2972 471 3057 Magnam
488 2975 625 3040 letitiam
640 2975 788 3038 Romanis
809 2973 875 3055 jam
891 2974 974 3055 prius
994 2974 1123 3036 nmrcius
1135 2972 1201 3036 vic-

156 3061 253 3138 toriae,
278 3060 388 3122 deinde
417 3062 562 3125 adventus
592 3063 704 3124 adtulit
729 3060 930 3122 Rhodiorum.
960 3074 993 3121 et
1022 3059 1202 3140 adparebat,

150 3147 180 3206 si
208 3167 245 3208 es
270 3167 343 3208 cura
354 3147 495 3210 -Rhodiis
515 3150 620 3211 demta
640 3144 729 3225 esset,
743 3167 854 3209 vacuos
868 3167 921 3207 eos
936 3157 1005 3208 tuta
1019 3144 1084 3227 ejus
1099 3146 1201 3226 regio-

154 3233 204 3294 nis
225 3234 321 3294 maria
334 3246 537 3318 praestaturos.
560 3235 624 3312 sed,
645 3233 794 3314 profectio
808 3233 955 3296 Antiochi
979 3232 1018 3294 ab
1044 3229 1201 3308 Sardibus,

154 3337 195 3380 ue
215 3320 458 3402 obprimerentur
476 3323 565 3384 urbes
585 3321 755 3397 maritimrs,
773 3322 799 3366 ⁷⁷
810 3319 972 3380 abscedere
992 3317 1136 3380 custodia
1148 3315 1201 3378 lo-

563 3454 576 3488 b
587 3449 715 3518 mutilusque
725 3453 794 3502 Creu.

158 3555 257 3594 xxxin.
273 3561 295 3595 e.
311 3549 335 3597 9.
344 3545 399 3597 Vnt.
411 3558 435 3596 er
445 3547 530 3596 notat
547 3546 565 3595 l.
576 3559 662 3596 xxvu.
693 3545 774 3594 musti
786 3542 992 3607 Lyciamaudstas]
1010 3543 1065 3593 Hoc
1076 3543 1198 3592 rhodus

153 3621 179 3656 c.
190 3610 231 3656 ts.
694 3623 742 3658 est:
757 3614 820 3672 quari
837 3623 891 3656 vero
911 3611 986 3657 eludes
1004 3623 1096 3672 accepta
1111 3610 1200 3658 auium·

188 3671 212 3708 ⁷⁴
224 3671 406 3740 respiraturus]
428 3676 520 3739 Aliquot
535 3675 608 3725 MSS.
624 3677 661 3724 in·
694 3676 801 3723 Annibali
819 3676 893 3723 lacere
909 3675 1023 3724 debuisset
1040 3677 1069 3722 sd
1086 3691 1199 3739 peregen-

155 3746 195 3849 ppr
214 3754 271 3851 Ραηοι
288 3740 427 3799 Victorinus,
446 3742 613 3820 dubitationem
632 3743 662 3855 qe
694 3743 753 3818 dum·
765 3741 890 3852 inceppum.
902 3740 1199 3853 pliliumffifflfnffii'

175 3818 203 3850 oc
249 3819 365 3856 cruorem
398 3817 456 3856 rotr
505 3818 661 3856 otwnsutsu-
693 3818 732 3855 tur
747 3821 771 3854 tn
787 3821 826 3853 ver
842 3822 856 3854 ο
872 3821 901 3852 ou
918 3820 973 3853 eo.
1032 3823 1045 3854 e
1076 3821 1124 3854 tune
1166 3821 1199 3856 ru

150 3868 280 3918 -ttitueutcs
301 3809 505 3936 epug’npnsmmd
533 3871 590 3921 lude
612 3873 661 3922 lac.
693 3871 879 3920 nihilccnamur.
907 3869 1053 3919 Henciuisse
1061 3869 1119 3918 livii
1130 3885 1199 3918 merr-

153 3931 290 3984 Gronovius
302 3937 347 3998 legi
360 3951 425 4000 paese
443 3947 508 4000 putet
523 3940 660 3986 ammutiu-
693 3949 742 3986 rem
756 3937 897 3990 arbitremur,
910 3947 937 3983 ut
951 3937 1037 3984 diceret
1051 3935 1202 3993 mut-tem,

156 4013 216 4048 m·
246 4001 320 4052 Nobis
338 4003 410 4064 mugit
430 4001 506 4067 placet
523 4002 548 4050 in
568 4003 665 4064 vulgato
693 4002 794 4065 quamvis
807 4001 885 4065 prelio
900 4002 994 4050 adverso
1010 4003 1092 4058 icum,
1105 4016 1135 4048 ne
1148 4012 1198 4049 tam

152 4063 308 4126 acquiescere.
507 4135 512 4146 Ι
693 4070 831 4131 improspere
836 4067 932 4145 'quidem
947 4083 1051 4142 ruccossu
1061 4066 1198 4146 deterritum

155 4129 661 4262 tl⁵ltt⁷u1·nt'“tttt;⁷t¹ttff
692 4147 887 4247 ttutttt?
903 4131 998 4196 Lim
1016 4133 1154 4196 lm
1172 4147 1198 4180 ”¹

152 4258 210 4319 ligo,
226 4275 295 4323 quum
315 4279 367 4326 que
383 4263 450 4310 initio
467 4263 539 4328 pretii
555 4265 659 4312 demorsa
722 4263 745 4300 ⁷⁷
759 4262 874 4312 dboesdm
895 4262 1199 4323 mutua...pm1rttse-

154 4325 256 4374 dicitur:
280 4328 316 4378 vel
333 4329 357 4376 in
372 4329 412 4377 illo
421 4331 494 4390 priore
505 4329 659 4378 locodmmo
690 4330 758 4392 runt]
790 4327 887 4376 Romani
909 4327 1070 4389 prohibuerunt
1092 4327 1196 4375 Rhodios

150 4391 214 4439 n'bil
230 4392 290 4442 eliud
306 4394 360 4454 erit,
372 4409 439 4456 quarn
455 4395 619 4460 imperiumn.
630 4407 657 4443 ur
688 4393 808 4442 ebxedere
829 4393 929 4440 cunodin
952 4393 1023 4440 lenite
1044 4405 1069 4441 er
1089 4392 1188 4441 AEolidis

148 4471 235 4521 aquam
246 4460 505 4523 resipueqetpsulem
517 4460 610 4512 uideret.
689 4457 800 4508 Ceterum
819 4457 893 4506 multo
907 4457 989 4506 melhu
1004 4470 1030 4505 et
1043 4457 1130 4522 planius
1142 4469 1194 4508 tota

184 4519 415 4575 wsmuu...m
432 4533 480 4574 trun
497 4527 656 4590 quidunpre·
687 4523 1215 4592 metamaucum&
