3080 5196
359 359 418 416 284
447 388 451 403 ·
778 351 862 414 ΤῙΤῙ
883 349 985 414 Ltvn
1017 371 1035 404 .·
1123 371 1132 380 ·

193 517 228 568 U.
239 517 267 568 C.
280 518 334 570 562.
361 511 373 546 ‘
387 510 536 575 exercitus
552 511 639 574 alunt
645 509 823 594 juvantque,
835 511 924 573 nobis
936 507 1153 593 suppeditabit.
1168 505 1194 569 si
1209 505 1235 570 is
1249 505 1412 585 destituat,

193 587 224 636 Α*
235 580 265 634 ⁰·
278 584 333 636 ¹⁹⁰·
361 599 372 632 ‘
386 599 463 660 nihil
479 619 534 681 per
547 595 713 660 Thraciam
728 599 802 660 satis
819 609 919 660 tutum
931 595 1066 658 habebis.
1112 594 1218 676 ltaque
1231 594 1315 676 prius
1329 595 1411 675 regis
1437 633 1441 642 ι

301 709 302 714 ’
361 685 523 746 ‘animum
544 684 693 766 explorari
715 684 827 768 placet.
849 685 966 766 optime
988 681 1205 764 explorabitur,
1227 681 1251 741 si
1271 680 1350 741 nihil
1372 699 1410 740 ex

360 771 555 854 ‘praeparato
581 782 722 851 agentern
743 774 771 810 ²⁴
784 771 947 852 obprimet,
971 769 1022 850 qui
1045 766 1204 830 mittetur!
1247 764 1298 827 Ti.
1318 763 1409 826 Sern-

359 857 484 938 pronius
499 853 666 934 Gracchus,
681 857 771 938 longe
788 869 853 919 turn
868 856 1032 918 acerrimus
1046 853 1191 936 juvenum
1206 853 1246 914 ad
1261 853 1293 914 id
1306 853 1410 914 delec-

360 953 422 1016 tus,
437 963 492 1024 per
507 942 668 1024 dispositos
683 964 776 1025 equos
797 964 893 1025 prope
916 941 1088 1004 incredibili
1103 940 1258 1001 celeritate
1278 940 1317 1000 ab
1332 937 1410 1000 Am·

359 1029 465 1110 phissa
482 1028 565 1105 (inde
580 1029 662 1090 enim
681 1042 729 1092 est
753 1027 905 1106 dimissus)
931 1029 981 1090 die
999 1028 1092 1090 tertio
1119 1024 1234 1088 Pellam
1261 1025 1410 1108 pervenit.

360 1113 397 1176 lrr
412 1113 551 1175 convivio
566 1125 710 1194 rexerat,
735 1127 766 1177 et
789 1117 821 1176 in
838 1115 967 1176 multum
981 1115 1042 1176 sini
1058 1123 1267 1196 processerat:
1290 1131 1329 1172 ea
1343 1111 1412 1194 ipsa

359 1200 496 1261 remissio
523 1201 615 1262 animi
639 1202 843 1284 suspicionem
867 1201 988 1278 demsit,
1019 1219 1129 1260 novare
1152 1219 1222 1261 eum
1243 1197 1410 1279 quidquam

358 1286 447 1348 velle.
490 1285 532 1348 Et
547 1297 612 1349 tum
628 1288 752 1369 quidem
768 1288 896 1350 comiter
915 1297 1060 1368 acceptus
1074 1287 1196 1369 hospes.
1210 1295 1336 1367 postero
1359 1283 1408 1344 die

191 1365 313 1446 Philippus
360 1383 548 1435 commeatus
570 1373 715 1435 exercitui
736 1385 856 1456 paratos
878 1373 1021 1454 benigne,
1046 1383 1156 1454 pontes
1179 1372 1213 1432 in
1236 1370 1409 1431 fluminibus

192 1443 306 1546 ffiffl
361 1458 793 1536 factos,vias,ubitransitus‘
813 1459 950 1521 difficiles
965 1469 1063 1537 erant,
1075 1458 1208 1519 munitas
1219 1457 1306 1518 vidit.
1333 1453 1411 1516 Hac

193 1563 348 1628 scarpam.
361 1545 493 1607 reserens
506 1545 624 1623 eadem,
640 1567 699 1628 qua
713 1547 800 1625 ierat,
817 1546 974 1608 celeritate
985 1544 1171 1606 Thaumacis
1186 1543 1322 1606 obcurrit
1333 1563 1409 1604 con·

362 1631 431 1692 suli.
475 1628 551 1692 Inde
567 1632 695 1694 certiore
711 1643 743 1694 et
757 1630 873 1714 majore
892 1645 945 1714 spe
969 1633 1053 1693 laetus
1068 1631 1219 1694 exercitus
1234 1630 1275 1690 ad
1290 1649 1408 1710 prrepa·

360 1728 427 1778 rata
442 1717 547 1778 omnia
560 1717 592 1779 in
608 1716 825 1780 Macedoniam
841 1718 988 1800 pervenit.
1032 1715 1198 1779 Venientes
1215 1716 1300 1797 regio
1312 1715 1408 1797 adpa-

359 1815 427 1864 ratu
452 1813 511 1864 etss
538 1805 668 1886 aceepit,
691 1816 723 1865 et
748 1815 925 1886 prosecutus
949 1816 996 1866 est
1020 1825 1084 1866 rex.
1137 1801 1240 1864 Multa
1261 1803 1294 1863 in
1314 1821 1353 1862 eo
1377 1812 1409 1862 et

360 1889 534 1967 dexteritas,
552 1901 584 1952 et
597 1891 771 1952 humanitas
782 1891 855 1968 visa,
868 1912 934 1973 quae
953 1889 1211 1952 commendabilia
1225 1889 1308 1970 apud
1323 1887 1408 1948 Afri-

359 1995 469 2036 canum
489 1987 596 2054 erant;
617 1979 713 2038 virum
726 1978 804 2039 sicut
815 1978 855 2038 ad
867 1988 968 2038 cetera
981 1977 1146 2059 egregium,
1162 1976 1207 2036 ita
1218 1997 1236 2035 a
1248 1975 1409 2052 comitate,

359 2081 426 2142 quae
441 2062 505 2122 sine
520 2062 638 2124 luxuria
652 2075 742 2142 esset,
755 2085 818 2126 non
833 2084 978 2126 aversum.
1023 2062 1098 2124 lnde
1113 2081 1174 2123 rrorr
1190 2083 1245 2145 per
1256 2059 1408 2122 Macedo-

357 2149 440 2209 niam
451 2149 554 2226 modo,
567 2148 621 2210 sed
635 2150 729 2212 etiam
743 2149 919 2227 thraciam,
942 2161 1143 2232 prosequente
1164 2161 1197 2211 et
1215 2157 1407 2230 praeparante

357 2234 462 2294 omnia
476 2232 630 2317 Philippo,
653 2236 693 2296 ad
711 2233 944 2319 Hellespontum
960 2246 1138 2318 perventum
1151 2245 1208 2296 est.

190 2317 293 2368 erarem
306 2334 344 2370 re-
399 2318 486 2381 Vlll.
508 2320 678 2384 Antiochus
694 2333 764 2405 post
778 2322 915 2384 navalem
931 2322 971 2384 ad
986 2321 1137 2406 Corycum
1153 2341 1299 2404 pugnarn,
1311 2312 1408 2402 'qumn

188 2397 253 2500 {5¹¹2}
265 2384 315 2496 ἑὼ
357 2416 456 2467 totam
472 2407 603 2468 hiemem
618 2408 745 2470 liberam
764 2409 798 2470 in
817 2409 978 2491 adparatus
1001 2419 1156 2471 terrestres
1176 2407 1409 2488 maritimosque

210 2464 267 2512 Μ
358 2491 523 2571 habuisset,
535 2494 624 2554 classi
636 2495 768 2558 maxime
779 2495 964 2578 reparanda,
975 2516 1015 2555 ne
1030 2505 1098 2557 tota
1111 2493 1202 2556 maris
1214 2494 1407 2576 possessione

357 2575 532 2657 pelleretur,
559 2578 692 2642 intentus
719 2580 828 2643 fuerat.
884 2579 1096 2658 Subcurrebat,
1124 2578 1338 2663 ‘Superatum
1363 2601 1408 2658 se,

358 2663 371 2694 ‘
385 2681 477 2742 quum
493 2664 598 2726 classis
614 2665 761 2728 abfuisset
777 2665 978 2729 Rhodiorum.
994 2667 1077 2748 quod
1095 2668 1118 2728 si
1141 2687 1179 2728 ea
1198 2687 1317 2748 quoque
1335 2665 1406 2744 (nec

359 2748 599 2812 ‘commissuros
630 2750 777 2830 Rhodios,
805 2764 840 2814 ut
869 2754 978 2816 iterum
1005 2751 1207 2832 morarentur)
1245 2751 1403 2814 certamini

358 2833 514 2914 ‘adesset
534 2856 648 2917 magno
669 2839 725 2900 sibi
746 2840 868 2901 aravium
888 2860 1013 2902 numero
1034 2860 1111 2922 opus
1135 2839 1214 2917 iore,
1235 2849 1270 2900 ut
1287 2837 1407 2899 viribus

358 2923 368 2953 ‘
384 2931 416 2982 et
430 2923 641 3003 magnitudine
655 2925 783 2988 classem
799 2926 932 2988 hostium
947 2924 1097 3008 aequaret!
1142 2923 1252 3006 ltaque
1267 2937 1301 2986 et
1314 2922 1407 2986 Han·

356 3006 489 3069 nibalem
505 3009 537 3070 in
555 3007 672 3094 Syriam
693 3011 818 3074 miserat
834 3012 875 3073 ad
895 3011 1072 3076 Phoenicum
1093 3011 1286 3074 arcessendas
1301 3031 1405 3089 naves,
1428 3052 1431 3060 ·

355 3102 388 3154 et
402 3091 630 3178 Polyxenidam,
647 3117 706 3178 quo
721 3099 820 3168 minus
833 3119 975 3181 prospere
985 3107 1073 3181 gesta
1084 3119 1131 3161 res
1149 3109 1225 3176 erat,
1240 3118 1278 3159 eo
1294 3097 1407 3176 euisius

354 3189 388 3240 et
402 3200 464 3259 eas,
481 3201 545 3262 quae
561 3193 657 3261 erant,
673 3183 806 3261 relicere,
822 3197 854 3246 et
873 3186 947 3254 alias
963 3206 1071 3268 parare
1086 3205 1177 3246 naves
1187 3185 1291 3267 jussit.
1336 3182 1407 3268 lpse
1428 3224 1431 3230 ‚

353 3264 385 3326 in
411 3265 541 3350 Phrygia
565 3269 744 3348 hibernavit,
768 3271 902 3351 undique
924 3271 1038 3333 auxilia
1059 3291 1236 3334 arcessens:
1263 3271 1359 3334 etiam
1374 3270 1431 3332 in.

354 3348 584 3434 Gallograeciam
607 3356 741 3420 miserat.
793 3354 1002 3426 Bellicosiores
1025 3377 1062 3420 ea
1090 3367 1278 3440 tempestate
1306 3367 1406 3434 erant,

354 3435 487 3501 Gallicos
515 3441 625 3519 adhuc,
658 3441 795 3504 nondum
811 3443 963 3505 rexsoleta
988 3444 1082 3526 stirpe
1110 3445 1222 3525 gentis,
1250 3455 1407 3508 servantes

353 3524 483 3586 animos.
528 3525 638 3589 Filium
650 3525 812 3590 Seleucum
828 3528 859 3590 in
874 3527 999 3592 AEolide
1012 3531 1171 3613 reliquerat
1181 3551 1253 3602 curn
1268 3529 1406 3592 exercitu

353 3609 394 3670 ed
410 3611 576 3674 maritimas
591 3615 792 3678 continendas
807 3616 917 3677 urbes:
942 3630 1016 3697 quas
1030 3615 1113 3678 illinc
1129 3637 1149 3678 a
1166 3615 1318 3698 Pergamo
1341 3614 1407 3677 Err-
1434 3647 1439 3658 ·

353 3715 468 3774 menes,
492 3698 563 3760 hinc
589 3720 608 3762 a
637 3697 765 3762 Phocaea
793 3699 989 3784 Erythrisque
1015 3701 1148 3764 Romani
1180 3701 1436 3766 sollicitabat.-

353 3779 468 3844 Classis
484 3782 635 3863 Romana,
656 3787 736 3850 sieut
751 3801 822 3850 ante
837 3787 955 3851 dictum
970 3800 1029 3868 est,
1044 3789 1085 3852 ad
1095 3787 1197 3852 Canas
1209 3788 1406 3854 hibernabat.
1433 3831 1439 3840 ·

350 3866 398 3930 llo
419 3870 522 3932 media
535 3871 630 3938 ferme
653 3873 754 3936 hieme
781 3895 835 3938 rex
856 3872 1008 3937 Eumenes
1029 3895 1100 3939 curn
1124 3875 1243 3938 duobus
1265 3875 1406 3937 millibus

350 3955 502 4036 peditum,
518 3958 668 4038 equitibus
683 3971 816 4039 eentum,
826 3959 919 4022 venit.
955 3959 995 4039 ls,
1006 3981 1099 4042 quum
1112 3981 1257 4044 magnam
1268 3961 1406 4043 praedam

350 4041 400 4124 agi
415 4061 505 4125 posse
520 4044 649 4107 dixisset
663 4067 702 4107 ex
722 4047 854 4108 hostium
875 4067 960 4130 agro,
982 4048 1033 4130 qui
1049 4047 1131 4111 circa
1144 4045 1297 4133 Thyatira
1310 4057 1407 4128 esset,

483 4287 493 4324 ¹
507 4294 602 4342 rmrrrr‘rrr
612 4293 689 4344 orca.
701 4293 771 4344 cro.
1085 4298 1098 4336 t
1112 4301 1134 4341 ct
1145 4289 1190 4342 uel.
1201 4291 1274 4344 Crev-

655 4466 677 4500 ³⁴
691 4465 708 4498 ⁸
726 4465 848 4534 Opprime]
865 4463 1004 4536 improvisus
1013 4465 1093 4520 adibit.
