3068 5186
357 355 416 412 sla
777 350 863 412 '1’1'1'1
881 351 983 412 mvn

218 531 268 582 ,α
279 529 334 585 562.
360 525 423 571 non
437 505 594 570 videbatur
610 525 697 589 egere
713 505 822 568 talibus
837 507 967 585 auxiliis,
990 507 1062 590 quia
1081 508 1193 571 flumen
1208 509 1248 570 ab
1263 519 1407 591 superte

217 596 334 649 .c.190.
360 596 489 678 ripaeque
505 595 639 676 deruptae
650 593 842 656 claudebant.
858 606 988 676 quatuor
998 607 1102 656 tamen
1112 596 1183 657 inde
1194 608 1304 659 turmae
1318 596 1408 676 equi·

358 693 425 744 turn
441 682 596 765 obpositae.
640 677 715 742 Haec
730 700 847 742 summa
862 681 1018 764 copiarum
1033 694 1099 744 erat
1113 681 1273 759 Romanis,
1296 692 1329 742 et
1343 681 1406 742 duo

252 849 254 852 Ι
358 769 456 831 millia
470 769 634 829 mixtorum
652 764 860 828 Macedonum
875 765 1100 850 Thracumque,
1116 769 1167 850 qui
1182 770 1341 831 voluntate
1357 787 1406 828 se·

356 855 423 916 cuti
450 863 573 916 erantss.
617 852 659 914 Hi
682 853 820 936 prasidio
847 854 945 916 relicti
975 867 1047 916 sunt
1075 856 1193 918 cestria
1239 851 1407 916 Sexdecira

356 941 539 1023 elephantos
553 951 624 1022 post
638 939 758 1002 triarios
774 939 804 1000 in
819 941 955 1002 subsidio
970 940 1154 1004 locaverunt
1172 963 1256 1019 nem,
1279 951 1406 1024 praeter·

356 1043 452 1108 quam
466 1027 548 1110 quod
562 1026 787 1088 multitudinem
803 1027 956 1108 regiorum
972 1028 1203 1110 elephantorum
1228 1027 1331 1108 (erant
1351 1047 1407 1088 au-

359 1124 423 1174 tem
440 1122 568 1194 quatuor
581 1124 613 1175 et
625 1113 855 1194 quinquaginta)
871 1114 1019 1176 sustinere
1033 1135 1095 1176 non
1108 1114 1287 1177 videbantur
1303 1134 1407 1196 pom,

359 1219 400 1261 ne
424 1200 489 1283 pari
516 1199 637 1281 quidem
661 1219 788 1260 numero
815 1198 926 1261 Indicis
941 1200 1036 1262 Africi
1058 1201 1219 1278 resistunt3
1248 1201 1310 1262 sive
1330 1200 1406 1281 quia

359 1287 580 1369 magnitudine,
599 1285 701 1368 (longe
717 1285 851 1350 enimilli
864 1285 1018 1370 prae'stant)
1037 1287 1099 1350 sive
1110 1289 1219 1350 robore
1231 1287 1404 1349 animorum

359 1373 530 1436 vincuntur.
1403 1371 1407 1378 ’

402 1459 471 1523 XL.
494 1459 591 1542 Regia
613 1460 692 1521 ecies
713 1462 796 1523 varia
816 1460 911 1544 magis
935 1461 1039 1525 multis
1066 1462 1219 1543 gentibus,
1247 1459 1406 1522 dissimili-

360 1544 638 1611 tudine'armorum
665 1548 905 1630 auxiliorumque
929 1561 1004 1611 erat.
1031 1548 1136 1610 decem
1162 1559 1194 1610 et
1223 1569 1277 1610 sex
1309 1545 1407 1608 millia

359 1627 497 1718 peditum
523 1653 608 1696 more
622 1631 843 1720 Macedonum
872 1636 980 1696 armati
1008 1635 1103 1712 hiere,
1134 1635 1185 1718 qui
1216 1632 1405 1716 phalangitae

360 1722 598 1804 adpellabantur.
623 1721 687 1782 haec
711 1720 812 1783 media
835 1721 916 1782 acies
943 1721 1000 1784 luit
1021 1725 1046 1761 ¹³
1059 1723 1090 1784 in
1109 1721 1222 1798 fronte,
1244 1721 1277 1780 in
1294 1719 1403 1780 decem

360 1819 460 1890 partes
477 1807 581 1868 divisa.
625 1803 727 1869 Partes
748 1829 799 1868 cas
819 1811 843 1845 ¹⁴
856 1808 1042 1892 interpositis
1058 1809 1136 1869 binis
1151 1807 1324 1890 elephantis
1342 1805 1404 1866 dis-

359 1894 541 1976 tinguebat:
577 1914 595 1953 a
620 1893 719 1955 fronte
745 1895 889 1956 introrsus
915 1895 946 1955 in
973 1895 1048 1956 duos
1074 1906 1107 1956 et
1129 1894 1254 1976 triginta
1280 1892 1402 1954 ordines

360 1991 545 2042 armatorum
568 1980 647 2041 acics
675 1981 811 2064 patebat.
837 1981 896 2042 hoc
927 1990 960 2042 et
990 1981 1106 2043 roboris
1129 1982 1161 2041 in
1187 1980 1278 2060 regiis
1305 1974 1402 2060 copiis

360 2077 436 2144 erat,
452 2077 492 2144 et,
509 2066 670 2149 ¹⁵perinde
693 2087 785 2148 quum
808 2067 868 2128 alia
889 2068 1000 2149 specie,
1023 2080 1089 2130 turn
1112 2067 1317 2128 eminentibus
1333 2079 1403 2127 ten·

360 2164 425 2214 turn
445 2153 523 2214 inter
545 2165 679 2215 armatos
700 2154 879 2235 elephantis,
900 2174 1044 2236 magnum
1069 2167 1215 2217 terrorem
1236 2153 1403 2235 praebebat.

360 2237 503 2320 Ingentes
528 2239 585 2322 ipsi
606 2251 702 2302 erant.
726 2239 880 2302 addebant
901 2242 1033 2326 speciem
1057 2235 1208 2316 frontalia,
1238 2251 1271 2300 et
1293 2239 1403 2314 cristae,

290 2395 291 2400 η
361 2336 394 2387 et
418 2337 505 2407 tergo
531 2325 667 2410 inpositae
691 2338 800 2404 turres,
821 2327 1014 2408 ,turribusque
1047 2337 1263 2409 superstantes,
1296 2337 1405 2409 preter

362 2423 524 2488 rectorem,
546 2414 684 2493 quaterni
701 2413 818 2474 armati.
862 2411 915 2474 Aa
930 2414 1010 2476 latus
1031 2413 1190 2475 dexterum
1207 2411 1406 2496 phalangita-

362 2518 430 2559 rurn
452 2497 569 2558 1“mille
585 2509 616 2560 et
634 2499 814 2580 quingentos
836 2500 950 2581 equites
974 2498 1230 2582 Gallograecorum
1251 2497 1406 2582 obposuit.

363 2584 411 2644 his
431 2583 490 2644 tria
503 2583 600 2645 millia
624 2586 648 2630 ¹⁷
660 2585 794 2665 equitum
811 2586 1005 2648 loricatorum
1023 2585 1247 2670 (cataphractos
1268 2585 1326 2668 ipsi
1348 2583 1407 2644 ad-

363 2669 491 2751 pellant)
506 2667 655 2751 edjunxit.
676 2670 781 2732 addita
799 2672 847 2733 his
863 2673 912 2734 ala
932 2673 1014 2734 mille
1034 2673 1129 2736 ferme
1150 2673 1302 2754 equitum:
1326 2689 1405 2752 agc-

363 2775 417 2816 ma
431 2775 499 2816 eam
514 2757 675 2819 vocabant.
719 2755 804 2819 Medi
826 2771 912 2822 erant
927 2759 999 2821 lecti
1013 2760 1078 2838 viri,
1098 2771 1130 2822 et
1152 2759 1280 2842 ejusdem
1296 2757 1403 2838 regio-

364 2842 413 2902 nis
436 2840 523 2903 mixti
550 2839 712 2905 multarum
740 2845 877 2926 gentium
910 2847 1036 2928 equites.
1064 2847 1220 2908 continens
1249 2845 1296 2906 his
1322 2863 1404 2924 grex

365 2927 499 2988 sedecim
516 2927 746 3010 elephantonrm
767 2941 813 2992 est
830 2933 985 3014 obpositus
1007 2933 1039 2993 in
1056 2932 1215 2994 subsidiis:
1238 2931 1275 2992 ab
1290 2928 1402 2990 eadem

365 3023 462 3096 parte,
486 3014 652 3096 paullulum
678 3017 828 3099 producto
848 3038 953 3096 comu,
977 3019 1060 3100 regia
1075 3019 1183 3080 cohors
1198 3029 1282 3079 erat:
1307 3013 1403 3076 ¹⁸Ar·

652 3207 664 3240 ,
680 3180 754 3230 erant,
764 3173 864 3234 predalia
874 3173 945 3220 relicti
956 3174 1029 3220 Groa.
1041 3174 1111 3222 Crer.

401 3308 422 3346 ¹³
433 3311 448 3342 ὓ
460 3307 579 3373 [asmata]
599 3310 667 3358 inane
679 3311 869 3360 additamentum:
887 3297 1012 3363 'terrorem
1023 3313 1148 3379 prebebat.

367 3373 412 3421 nisi
426 3373 489 3421 forts
506 3375 588 3422 excidit
605 3391 715 3423 numerus
731 3375 870 3438 phalangits·
935 3377 955 3412 ¹⁶
972 3379 1036 3428 Mille
1052 3388 1074 3426 et
1090 3382 1217 3444 quisrgmtas
1231 3380 1312 3441 equites
1330 3377 1404 3426 Galla-

367 3453 419 3486 rum
433 3440 456 3486 in
474 3439 550 3486 fronte
566 3452 714 3498 structorum,
729 3443 768 3503 qui
786 3443 870 3491 debeat
894 3445 1030 3508 -gscmruasi
1049 3443 1113 3492 Olim
1124 3444 1171 3502 hic,
1185 3457 1210 3493 et
1227 3445 1284 3492 iafrs
1296 3443 1335 3490 ubi
1345 3457 1404 3490 auae

367 3503 438 3551 fuisse
449 3503 573 3566 quingenti.
601 3505 692 3552 Etenim
703 3521 731 3553 es
743 3508 871 3570 quingentis
900 3509 996 3570 legimus
1014 3509 1048 3556 Ab
1065 3509 1116 3556 lem
1131 3525 1198 3557 carrus
1215 3509 1351 3572 phalangitis
1363 3509 1404 3555 ad·

368 3569 393 3614 in
404 3568 496 3625 lincam,
513 3582 536 3617 et
549 3571 636 3618 duobus
647 3586 673 3618 sc
683 3570 773 3632 trigiam
785 3571 807 3618 in
819 3571 871 3620 alti·
894 3575 973 3634 juncti
990 3583 1053 3622 siant
1072 3573 1202 3638 Gallogrcci
1219 3575 1300 3636 equitas
1317 3573 1405 3620 nitlsae

368 3632 481 3690 tudinem,
501 3635 600 3682 efficitur
624 3651 733 3683 numerus
758 3638 870 3686 sexdecim
902 3640 1024 3704 qrrtrrgenti,
1032 3650 1084 3686 ente
1096 3638 1211 3700 Sigonium
1223 3639 1279 3686 editi
1293 3639 1404 3686 habebant

370 3698 474 3746 millium.
507 3699 531 3746 Sl
558 3698 687 3762 conjectura
714 3703 768 3750 haec
788 3714 872 3760 nostra,
900 3705 981 3763 pedites
991 3719 1036 3752 non
1044 3704 1138 3767 equites:
1153 3705 1211 3752 eriis
1220 3705 1335 3753 coasemit
1345 3701 1406 3753 Vsct.

370 3777 437 3825 quarn
448 3765 521 3812 firmat
532 3763 655 3828 Appianas,
664 3767 804 3823 admittatur,
816 3778 871 3816 tunc
902 3768 980 3815 codex.
1019 3769 1119 3817 Mutavit
1148 3769 1263 3830 Sigonius,
1286 3769 1348 3818 nulls
1375 3785 1406 3817 ex

368 3833 415 3875 noh
426 3825 553 3877 redundans
563 3830 606 3879 hoc
617 3830 676 3892 loco,
691 3833 730 3879 sed
744 3832 817 3880 imnis
827 3833 871 3880 eris
902 3833 978 3895 scripsi
989 3834 1071 3881 codicis
1081 3835 1227 3891 sactoritste,
1240 3836 1280 3882 sed
1297 3849 1344 3883 noa
1355 3835 1406 3882 sisse

368 3894 449 3951 oratio,
464 3909 489 3942 et
507 3895 538 3943 its
559 3897 667 3960 explenda
688 3897 744 3957 erit,
762 3910 789 3944 ut
809 3897 871 3946 frans
901 3898 1054 3960 probabilibus
1067 3897 1180 3946 rationum
1191 3901 1328 3948 reomensis:
1346 3901 1407 3962 quos

367 3957 438 4022 hojru
448 3960 530 4008 mediae
540 3961 595 4008 aciei
611 3962 681 4010 tuisse
697 3963 871 4025 quingentorum
901 3976 986 4028 nempe
1004 3976 1027 4011 et
1046 3965 1076 4012 its
1094 3963 1176 4013 scribat
1186 3965 1312 4028 Appianas,
1321 3975 1345 4012 et
1357 3976 1407 4012 tots

368 4038 505 4073 armatorum
518 4027 663 4086 intelligstur.
710 4053 713 4056 -
902 4029 960 4076 sciei
971 4030 1090 4092 descriptio
1101 4029 1210 4094 perhanc
1221 4032 1407 4079 emendationem

404 4089 424 4123 ¹⁴
439 4089 572 4151 Interpositis
588 4091 643 4140 llinis
659 4092 777 4154 elephantis
791 4094 871 4141 disia-
901 4093 987 4157 planior
996 4095 1035 4153 sit,
1044 4107 1067 4142 er
1081 4094 1161 4142 melius
1170 4095 1212 4142 sibi
1223 4107 1323 4144 constet.

366 4155 458 4218 grsebm]
472 4155 527 4204 Non
543 4157 597 4204 rasis
613 4170 716 4222 apparet,
727 4173 773 4220 quo
791 4158 871 4206 referri
937 4159 956 4196 ¹7
968 4157 1084 4222 iberitam]
1099 4159 1129 4206 Et
1139 4159 1178 4210 hic
1188 4175 1279 4224 quoque
1288 4159 1409 4221 legebatur

367 4218 449 4267 debeat
470 4221 563 4270 verbum
584 4223 738 4286 distinguebat.
784 4221 871 4272 Melius
898 4225 1006 4284 peditrsas.
1033 4225 1078 4272 Sed
1091 4241 1161 4288 quum
1174 4225 1235 4273 nulls
1246 4227 1305 4288 apud
1317 4239 1409 4273 veteres

368 4282 439 4329 oratio
457 4287 598 4345 procederet,
610 4288 630 4334 si
639 4287 781 4347 legeremus:
799 4289 869 4336 iuter·
902 4289 989 4336 mantio
1013 4289 1051 4337 fiat
1073 4289 1175 4354 pediturn
1194 4290 1412 4356 &aphractorum

365 4346 783 4480 rqprqquqqqpffi
796 4418 870 4479 aar
901 4354 1248 4481 ⁵¹⁸i¹²³l⁵r‘¹¹l‘„l‘·li‚‘t“⁵‘¹‘'”·
1284 4418 1411 4488 m]

367 4473 454 4525 roboris
465 4488 513 4527 erat
524 4479 560 4528 ills
571 4479 680 4546 phslsrrx,
688 4482 719 4530 its
730 4494 755 4532 et
763 4498 869 4545 magnum
900 4483 924 4534 Α
935 4435 1148 4551 elypetiirgeatets.
1187 4435 1266 4486 gem

615 4743 623 4778 l
