<?xml version="1.0" encoding="UTF-8"?>
<!DOCTYPE html PUBLIC "-//W3C//DTD XHTML 1.0 Transitional//EN"
    "http://www.w3.org/TR/xhtml1/DTD/xhtml1-transitional.dtd">
<html xmlns="http://www.w3.org/1999/xhtml" xml:lang="en" lang="en">
 <head>
  <title>
</title>
<meta http-equiv="Content-Type" content="text/html;charset=utf-8" />
  <meta name='ocr-system' content='tesseract 3.04.00' />
  <meta name='ocr-capabilities' content='ocr_page ocr_carea ocr_par ocr_line ocrx_word'/>
</head>
<body>
  <div class='ocr_page' id='page_1' title='image "./tliviipatavinih00grongoog_0329.png"; bbox 0 0 3068 5186; ppageno 0'>
   <div class='ocr_carea' id='block_1_1' title="bbox 383 379 1153 460">
    <p class='ocr_par' dir='ltr' id='par_1_1' title="bbox 383 379 1153 460">
     <span class='ocr_line' id='line_1_1' title="bbox 383 379 1153 460; baseline 0.004 -4"><span class='ocrx_word' id='word_1_1' title='bbox 383 379 893 458; x_wconf 77' lang='lat' dir='ltr'>LIB.xxxv11.cnP.xl.v1t</span> <span class='ocrx_word' id='word_1_2' title='bbox 1091 394 1153 460; x_wconf 76' lang='lat' dir='ltr'>sas·</span> 
     </span>
    </p>
   </div>
   <div class='ocr_carea' id='block_1_2' title="bbox 98 531 1305 722">
    <p class='ocr_par' dir='ltr' id='par_1_2' title="bbox 98 531 1305 722">
     <span class='ocr_line' id='line_1_2' title="bbox 99 531 1305 636; baseline -0.002 -22"><span class='ocrx_word' id='word_1_3' title='bbox 99 549 167 614; x_wconf 79' lang='lat' dir='ltr'>nit.</span> <span class='ocrx_word' id='word_1_4' title='bbox 214 547 314 632; x_wconf 88' lang='lat' dir='ltr'>Hujus</span> <span class='ocrx_word' id='word_1_5' title='bbox 329 531 476 636; x_wconf 86' lang='lat' dir='ltr'>triumphi</span> <span class='ocrx_word' id='word_1_6' title='bbox 497 553 609 615; x_wconf 86' lang='lat' dir='ltr'>minuit</span> <span class='ocrx_word' id='word_1_7' title='bbox 628 553 765 616; x_wconf 74' lang='lat' dir='ltr'>laetitiam</span> <span class='ocrx_word' id='word_1_8' title='bbox 787 554 914 616; x_wconf 91' lang='lat' dir='ltr'>nuncius</span> <span class='ocrx_word' id='word_1_9' title='bbox 937 573 975 614; x_wconf 92' lang='lat' dir='ltr'>ex</span> <span class='ocrx_word' id='word_1_10' title='bbox 997 549 1305 634; x_wconf 70' lang='lat' dir='ltr'>Hispaniau,c‚552‚</span> 
     </span>
     <span class='ocr_line' id='line_1_3' title="bbox 98 636 1303 722; baseline 0 -24"><span class='ocrx_word' id='word_1_11' title='bbox 98 636 208 714; x_wconf 79' lang='lat' dir='ltr'>tristis,</span> <span class='ocrx_word' id='word_1_12' title='bbox 230 637 356 700; x_wconf 80' lang='lat' dir='ltr'>adversa</span> <span class='ocrx_word' id='word_1_13' title='bbox 372 657 476 720; x_wconf 78' lang='lat' dir='ltr'>pugna</span> <span class='ocrx_word' id='word_1_14' title='bbox 488 639 521 700; x_wconf 90' lang='lat' dir='ltr'>in</span> <span class='ocrx_word' id='word_1_15' title='bbox 537 638 724 717; x_wconf 88' lang='lat' dir='ltr'>Vastetanis,</span> <span class='ocrx_word' id='word_1_16' title='bbox 745 644 770 679; x_wconf 81' lang='lat'>⁴¹</span> <span class='ocrx_word' id='word_1_17' title='bbox 785 639 879 702; x_wconf 89' lang='lat' dir='ltr'>ductu</span> <span class='ocrx_word' id='word_1_18' title='bbox 894 638 928 702; x_wconf 95' lang='lat' dir='ltr'><strong>L.</strong></span> <span class='ocrx_word' id='word_1_19' title='bbox 943 637 1061 701; x_wconf 82' lang='lat' dir='ltr'>AEmilii</span> <span class='ocrx_word' id='word_1_20' title='bbox 1076 657 1150 722; x_wconf 89' lang='lat' dir='ltr'>pro-</span> <span class='ocrx_word' id='word_1_21' title='bbox 1162 636 1233 688; x_wconf 78' lang='lat' dir='ltr'><strong>A·0·</strong></span> <span class='ocrx_word' id='word_1_22' title='bbox 1246 639 1303 690; x_wconf 73' lang='grc'><strong>190-</strong></span> 
     </span>
    </p>
   </div>
   <div class='ocr_carea' id='block_1_3' title="bbox 91 704 1318 832">
    <p class='ocr_par' dir='ltr' id='par_1_3' title="bbox 91 704 1318 832">
     <span class='ocr_line' id='line_1_4' title="bbox 91 704 1318 832; baseline 0.006 -47"><span class='ocrx_word' id='word_1_23' title='bbox 91 723 247 802; x_wconf 75' lang='lat' dir='ltr'>consulis,</span> <span class='ocrx_word' id='word_1_24' title='bbox 274 725 356 806; x_wconf 84' lang='lat' dir='ltr'>apud</span> <span class='ocrx_word' id='word_1_25' title='bbox 377 725 524 807; x_wconf 87' lang='lat' dir='ltr'>oppidum</span> <span class='ocrx_word' id='word_1_26' title='bbox 548 724 701 810; x_wconf 84' lang='lat' dir='ltr'>Lyconem</span> <span class='ocrx_word' id='word_1_27' title='bbox 728 747 797 788; x_wconf 85' lang='lat' dir='ltr'>cam</span> <span class='ocrx_word' id='word_1_28' title='bbox 818 725 971 789; x_wconf 90' lang='lat' dir='ltr'>Lusitanis</span> <span class='ocrx_word' id='word_1_29' title='bbox 984 747 1039 788; x_wconf 86' lang='lat' dir='ltr'>sex</span> <span class='ocrx_word' id='word_1_30' title='bbox 1053 725 1150 788; x_wconf 90' lang='lat' dir='ltr'>millia</span> <span class='ocrx_word' id='word_1_31' title='bbox 1161 704 1272 832; x_wconf 44' lang='lat'>32³2</span> <span class='ocrx_word' id='word_1_32' title='bbox 1295 783 1318 792; x_wconf 88' lang='grc'>..</span> 
     </span>
    </p>
   </div>
   <div class='ocr_carea' id='block_1_4' title="bbox 99 809 1310 898">
    <p class='ocr_par' dir='ltr' id='par_1_4' title="bbox 99 809 1310 898">
     <span class='ocr_line' id='line_1_5' title="bbox 99 809 1310 898; baseline 0.002 -27"><span class='ocrx_word' id='word_1_33' title='bbox 99 810 140 873; x_wconf 90' lang='lat' dir='ltr'>de</span> <span class='ocrx_word' id='word_1_34' title='bbox 154 811 293 872; x_wconf 86' lang='lat' dir='ltr'>exercitu</span> <span class='ocrx_word' id='word_1_35' title='bbox 309 809 449 872; x_wconf 86' lang='lat' dir='ltr'>Romano</span> <span class='ocrx_word' id='word_1_36' title='bbox 463 809 619 874; x_wconf 88' lang='lat' dir='ltr'>cecidisse.</span> <span class='ocrx_word' id='word_1_37' title='bbox 665 812 803 892; x_wconf 87' lang='lat' dir='ltr'>Ceteros,</span> <span class='ocrx_word' id='word_1_38' title='bbox 827 827 970 896; x_wconf 86' lang='lat' dir='ltr'>paventes</span> <span class='ocrx_word' id='word_1_39' title='bbox 990 813 1071 876; x_wconf 89' lang='lat' dir='ltr'>intra</span> <span class='ocrx_word' id='word_1_40' title='bbox 1084 811 1149 874; x_wconf 83' lang='lat' dir='ltr'>val·</span> <span class='ocrx_word' id='word_1_41' title='bbox 1163 831 1284 898; x_wconf 51' lang='lat' dir='ltr'>uma.</span> <span class='ocrx_word' id='word_1_42' title='bbox 1308 823 1310 830; x_wconf 90' lang='lat'>&#39;</span> 
     </span>
    </p>
   </div>
   <div class='ocr_carea' id='block_1_5' title="bbox 98 895 1318 1672">
    <p class='ocr_par' dir='ltr' id='par_1_5' title="bbox 100 895 1150 981">
     <span class='ocr_line' id='line_1_6' title="bbox 100 895 1150 981; baseline 0.005 -24"><span class='ocrx_word' id='word_1_43' title='bbox 100 895 163 958; x_wconf 84' lang='lat' dir='ltr'>lum</span> <span class='ocrx_word' id='word_1_44' title='bbox 190 895 374 979; x_wconf 89' lang='lat' dir='ltr'>compulsos,</span> <span class='ocrx_word' id='word_1_45' title='bbox 398 917 475 978; x_wconf 81' lang='lat' dir='ltr'>agre</span> <span class='ocrx_word' id='word_1_46' title='bbox 495 910 596 960; x_wconf 82' lang='lat' dir='ltr'>castra</span> <span class='ocrx_word' id='word_1_47' title='bbox 618 897 799 978; x_wconf 80' lang='lat' dir='ltr'>defendisse,</span> <span class='ocrx_word' id='word_1_48' title='bbox 815 911 848 962; x_wconf 91' lang='lat' dir='ltr'>et</span> <span class='ocrx_word' id='word_1_49' title='bbox 863 901 915 961; x_wconf 73' lang='lat' dir='ltr'>int</span> <span class='ocrx_word' id='word_1_50' title='bbox 930 899 1054 962; x_wconf 86' lang='lat' dir='ltr'>modum</span> <span class='ocrx_word' id='word_1_51' title='bbox 1068 898 1150 981; x_wconf 79' lang='lat' dir='ltr'>fugi-</span> 
     </span>
    </p>

    <p class='ocr_par' dir='ltr' id='par_1_6' title="bbox 99 983 1150 1068">
     <span class='ocr_line' id='line_1_7' title="bbox 99 983 1150 1068; baseline 0.004 -24"><span class='ocrx_word' id='word_1_52' title='bbox 99 983 220 1044; x_wconf 80' lang='lat' dir='ltr'>entium</span> <span class='ocrx_word' id='word_1_53' title='bbox 236 984 354 1065; x_wconf 81' lang='lat' dir='ltr'>magnis</span> <span class='ocrx_word' id='word_1_54' title='bbox 370 983 528 1046; x_wconf 80' lang='lat' dir='ltr'>itineribus</span> <span class='ocrx_word' id='word_1_55' title='bbox 544 985 576 1046; x_wconf 93' lang='lat' dir='ltr'>in</span> <span class='ocrx_word' id='word_1_56' title='bbox 592 1005 699 1068; x_wconf 86' lang='lat' dir='ltr'>agrum</span> <span class='ocrx_word' id='word_1_57' title='bbox 713 997 858 1068; x_wconf 88' lang='lat' dir='ltr'>pacatum</span> <span class='ocrx_word' id='word_1_58' title='bbox 877 987 1032 1050; x_wconf 87' lang='lat' dir='ltr'>reductos.</span> <span class='ocrx_word' id='word_1_59' title='bbox 1075 984 1150 1048; x_wconf 79' lang='lat' dir='ltr'>Hac</span> 
     </span>
    </p>

    <p class='ocr_par' dir='ltr' id='par_1_7' title="bbox 99 1065 1186 1241">
     <span class='ocr_line' id='line_1_8' title="bbox 99 1065 1151 1154; baseline 0.003 -23"><span class='ocrx_word' id='word_1_60' title='bbox 99 1081 140 1131; x_wconf 88' lang='lat' dir='ltr'>ex</span> <span class='ocrx_word' id='word_1_61' title='bbox 155 1065 310 1152; x_wconf 76' lang='lat' dir='ltr'>Hispania</span> <span class='ocrx_word' id='word_1_62' title='bbox 322 1069 478 1132; x_wconf 89' lang='lat' dir='ltr'>nunciata.</span> <span class='ocrx_word' id='word_1_63' title='bbox 521 1070 568 1132; x_wconf 83' lang='lat' dir='ltr'>Ex</span> <span class='ocrx_word' id='word_1_64' title='bbox 592 1069 693 1134; x_wconf 87' lang='lat' dir='ltr'>Gallia</span> <span class='ocrx_word' id='word_1_65' title='bbox 716 1071 833 1154; x_wconf 82' lang='lat' dir='ltr'>legatos</span> <span class='ocrx_word' id='word_1_66' title='bbox 854 1071 1097 1136; x_wconf 75' lang='lat' dir='ltr'>Placentinorum</span> <span class='ocrx_word' id='word_1_67' title='bbox 1118 1083 1151 1135; x_wconf 91' lang='lat' dir='ltr'>et</span> 
     </span>
     <span class='ocr_line' id='line_1_9' title="bbox 99 1153 1186 1241; baseline 0.006 -25"><span class='ocrx_word' id='word_1_68' title='bbox 99 1153 355 1218; x_wconf 80' lang='lat' dir='ltr'>Cremonensium</span> <span class='ocrx_word' id='word_1_69' title='bbox 371 1153 407 1217; x_wconf 98' lang='lat' dir='ltr'><strong>L.</strong></span> <span class='ocrx_word' id='word_1_70' title='bbox 418 1155 637 1220; x_wconf 78' lang='lat' dir='ltr'>Aurunculeius</span> <span class='ocrx_word' id='word_1_71' title='bbox 647 1171 758 1241; x_wconf 86' lang='lat' dir='ltr'>praetor</span> <span class='ocrx_word' id='word_1_72' title='bbox 769 1159 801 1220; x_wconf 91' lang='lat' dir='ltr'>in</span> <span class='ocrx_word' id='word_1_73' title='bbox 817 1173 958 1222; x_wconf 89' lang='lat' dir='ltr'>senatum</span> <span class='ocrx_word' id='word_1_74' title='bbox 973 1158 1152 1222; x_wconf 83' lang='lat' dir='ltr'>introduxit.</span> <span class='ocrx_word' id='word_1_75' title='bbox 1183 1163 1186 1170; x_wconf 90' lang='lat'>&#39;</span> 
     </span>
    </p>

    <p class='ocr_par' dir='ltr' id='par_1_8' title="bbox 98 1243 1152 1325">
     <span class='ocr_line' id='line_1_10' title="bbox 98 1243 1152 1325; baseline 0.003 -22"><span class='ocrx_word' id='word_1_76' title='bbox 98 1243 136 1304; x_wconf 87' lang='lat' dir='ltr'>iis</span> <span class='ocrx_word' id='word_1_77' title='bbox 162 1243 358 1325; x_wconf 80' lang='lat' dir='ltr'>qrrerentibus</span> <span class='ocrx_word' id='word_1_78' title='bbox 384 1243 520 1325; x_wconf 90' lang='lat' dir='ltr'>inopiam</span> <span class='ocrx_word' id='word_1_79' title='bbox 545 1244 732 1324; x_wconf 89' lang='lat' dir='ltr'>colonorum,</span> <span class='ocrx_word' id='word_1_80' title='bbox 755 1245 821 1306; x_wconf 90' lang='lat' dir='ltr'>aliis</span> <span class='ocrx_word' id='word_1_81' title='bbox 846 1245 917 1308; x_wconf 92' lang='lat' dir='ltr'>belli</span> <span class='ocrx_word' id='word_1_82' title='bbox 932 1248 1062 1323; x_wconf 88' lang='lat' dir='ltr'>casibus,</span> <span class='ocrx_word' id='word_1_83' title='bbox 1084 1243 1152 1306; x_wconf 88' lang='lat' dir='ltr'>aliis</span> 
     </span>
    </p>

    <p class='ocr_par' dir='ltr' id='par_1_9' title="bbox 98 1329 1318 1498">
     <span class='ocr_line' id='line_1_11' title="bbox 98 1329 1318 1411; baseline 0.002 -21"><span class='ocrx_word' id='word_1_84' title='bbox 98 1329 212 1390; x_wconf 86' lang='lat' dir='ltr'>morbo</span> <span class='ocrx_word' id='word_1_85' title='bbox 238 1329 395 1408; x_wconf 90' lang='lat' dir='ltr'>absumtis,</span> <span class='ocrx_word' id='word_1_86' title='bbox 417 1331 566 1411; x_wconf 89' lang='lat' dir='ltr'>quosdam</span> <span class='ocrx_word' id='word_1_87' title='bbox 590 1331 680 1394; x_wconf 73' lang='lat' dir='ltr'>tedio</span> <span class='ocrx_word' id='word_1_88' title='bbox 705 1331 880 1393; x_wconf 78' lang='lat' dir='ltr'>adcolarum</span> <span class='ocrx_word' id='word_1_89' title='bbox 903 1329 1059 1394; x_wconf 83' lang='lat' dir='ltr'>Gallonrm</span> <span class='ocrx_word' id='word_1_90' title='bbox 1081 1331 1152 1393; x_wconf 91' lang='lat' dir='ltr'>reli-</span> <span class='ocrx_word' id='word_1_91' title='bbox 1271 1357 1274 1368; x_wconf 94' lang='lat'>·</span> <span class='ocrx_word' id='word_1_92' title='bbox 1316 1355 1318 1362; x_wconf 64' lang='grc'>’</span> 
     </span>
     <span class='ocr_line' id='line_1_12' title="bbox 99 1415 1152 1498; baseline 0.003 -23"><span class='ocrx_word' id='word_1_93' title='bbox 99 1415 205 1498; x_wconf 88' lang='lat' dir='ltr'>quisse</span> <span class='ocrx_word' id='word_1_94' title='bbox 228 1416 373 1493; x_wconf 91' lang='lat' dir='ltr'>colonias,</span> <span class='ocrx_word' id='word_1_95' title='bbox 399 1415 532 1478; x_wconf 88' lang='lat' dir='ltr'>decrevit</span> <span class='ocrx_word' id='word_1_96' title='bbox 554 1429 688 1495; x_wconf 87' lang='lat' dir='ltr'>senatus,</span> <span class='ocrx_word' id='word_1_97' title='bbox 711 1415 793 1480; x_wconf 90' lang='lat' dir='ltr'>‘Uti</span> <span class='ocrx_word' id='word_1_98' title='bbox 809 1415 846 1478; x_wconf 92' lang='lat' dir='ltr'><strong>C.</strong></span> <span class='ocrx_word' id='word_1_99' title='bbox 860 1415 970 1480; x_wconf 83' lang='lat' dir='ltr'>Lalius</span> <span class='ocrx_word' id='word_1_100' title='bbox 987 1417 1103 1495; x_wconf 84' lang='lat' dir='ltr'>consul,</span> <span class='ocrx_word' id='word_1_101' title='bbox 1126 1415 1152 1478; x_wconf 87' lang='lat' dir='ltr'>si</span> 
     </span>
    </p>

    <p class='ocr_par' dir='ltr' id='par_1_10' title="bbox 98 1499 1153 1585">
     <span class='ocr_line' id='line_1_13' title="bbox 98 1499 1153 1585; baseline 0.002 -23"><span class='ocrx_word' id='word_1_102' title='bbox 98 1501 155 1562; x_wconf 80' lang='lat' dir='ltr'>‘ei</span> <span class='ocrx_word' id='word_1_103' title='bbox 171 1502 337 1581; x_wconf 77' lang='lat' dir='ltr'>videretur,</span> <span class='ocrx_word' id='word_1_104' title='bbox 350 1521 405 1564; x_wconf 88' lang='lat' dir='ltr'>sex</span> <span class='ocrx_word' id='word_1_105' title='bbox 419 1503 516 1564; x_wconf 91' lang='lat' dir='ltr'>millia</span> <span class='ocrx_word' id='word_1_106' title='bbox 530 1502 711 1580; x_wconf 77' lang='lat' dir='ltr'>familiarum</span> <span class='ocrx_word' id='word_1_107' title='bbox 732 1503 947 1581; x_wconf 87' lang='lat' dir='ltr'>conscriberet,</span> <span class='ocrx_word' id='word_1_108' title='bbox 974 1523 1039 1585; x_wconf 87' lang='lat' dir='ltr'>quse</span> <span class='ocrx_word' id='word_1_109' title='bbox 1050 1499 1084 1564; x_wconf 86' lang='lat' dir='ltr'>¹in</span> <span class='ocrx_word' id='word_1_110' title='bbox 1100 1521 1153 1564; x_wconf 90' lang='lat' dir='ltr'>eas</span> 
     </span>
    </p>

    <p class='ocr_par' dir='ltr' id='par_1_11' title="bbox 102 1586 1152 1672">
     <span class='ocr_line' id='line_1_14' title="bbox 102 1586 1152 1672; baseline -0.001 -23"><span class='ocrx_word' id='word_1_111' title='bbox 102 1587 113 1622; x_wconf 87' lang='lat'>‘</span> <span class='ocrx_word' id='word_1_112' title='bbox 127 1588 266 1649; x_wconf 90' lang='lat' dir='ltr'>colonias</span> <span class='ocrx_word' id='word_1_113' title='bbox 282 1589 505 1651; x_wconf 79' lang='lat' dir='ltr'>dividerentur:</span> <span class='ocrx_word' id='word_1_114' title='bbox 529 1606 561 1651; x_wconf 85' lang='lat' dir='ltr'>et</span> <span class='ocrx_word' id='word_1_115' title='bbox 575 1601 610 1651; x_wconf 90' lang='lat' dir='ltr'>ut</span> <span class='ocrx_word' id='word_1_116' title='bbox 624 1587 659 1650; x_wconf 94' lang='lat' dir='ltr'><strong>L.</strong></span> <span class='ocrx_word' id='word_1_117' title='bbox 674 1588 877 1651; x_wconf 86' lang='lat' dir='ltr'>Aurunculeis</span> <span class='ocrx_word' id='word_1_118' title='bbox 892 1599 1002 1672; x_wconf 74' lang='lat' dir='ltr'>praetor</span> <span class='ocrx_word' id='word_1_119' title='bbox 1016 1586 1152 1651; x_wconf 82' lang='lat' dir='ltr'>triumvi-</span> 
     </span>
    </p>
   </div>
   <div class='ocr_carea' id='block_1_6' title="bbox 100 1672 1153 1840">
    <p class='ocr_par' dir='ltr' id='par_1_12' title="bbox 100 1672 1153 1840">
     <span class='ocr_line' id='line_1_15' title="bbox 100 1672 1153 1738; baseline 0.001 -3"><span class='ocrx_word' id='word_1_120' title='bbox 100 1674 178 1736; x_wconf 91' lang='lat' dir='ltr'>‘ros</span> <span class='ocrx_word' id='word_1_121' title='bbox 195 1685 312 1737; x_wconf 87' lang='lat' dir='ltr'>crearet</span> <span class='ocrx_word' id='word_1_122' title='bbox 327 1675 366 1737; x_wconf 95' lang='lat' dir='ltr'>ad</span> <span class='ocrx_word' id='word_1_123' title='bbox 380 1693 433 1736; x_wconf 91' lang='lat' dir='ltr'>eos</span> <span class='ocrx_word' id='word_1_124' title='bbox 449 1674 572 1737; x_wconf 91' lang='lat' dir='ltr'>colonos</span> <span class='ocrx_word' id='word_1_125' title='bbox 587 1673 801 1738; x_wconf 70' lang='lat' dir='ltr'>deducendos!</span> <span class='ocrx_word' id='word_1_126' title='bbox 847 1673 948 1736; x_wconf 88' lang='lat' dir='ltr'>Creati</span> <span class='ocrx_word' id='word_1_127' title='bbox 972 1672 1021 1736; x_wconf 91' lang='lat' dir='ltr'>M.</span> <span class='ocrx_word' id='word_1_128' title='bbox 1041 1673 1153 1736; x_wconf 87' lang='lat' dir='ltr'>Atilius</span> 
     </span>
     <span class='ocr_line' id='line_1_16' title="bbox 102 1756 1152 1840; baseline 0.002 -18"><span class='ocrx_word' id='word_1_129' title='bbox 102 1757 264 1840; x_wconf 86' lang='lat' dir='ltr'>Serranos,</span> <span class='ocrx_word' id='word_1_130' title='bbox 301 1759 335 1822; x_wconf 94' lang='lat' dir='ltr'><strong>L.</strong></span> <span class='ocrx_word' id='word_1_131' title='bbox 364 1757 502 1822; x_wconf 86' lang='lat' dir='ltr'>Valerius</span> <span class='ocrx_word' id='word_1_132' title='bbox 533 1760 567 1823; x_wconf 91' lang='lat' dir='ltr'>P.</span> <span class='ocrx_word' id='word_1_133' title='bbox 597 1759 631 1824; x_wconf 86' lang='lat' dir='ltr'><strong>F.</strong></span> <span class='ocrx_word' id='word_1_134' title='bbox 651 1759 799 1838; x_wconf 72' lang='lat' dir='ltr'>Flaccus,</span> <span class='ocrx_word' id='word_1_135' title='bbox 829 1759 864 1823; x_wconf 91' lang='lat' dir='ltr'>L.</span> <span class='ocrx_word' id='word_1_136' title='bbox 891 1757 1028 1824; x_wconf 88' lang='lat' dir='ltr'>Valerius</span> <span class='ocrx_word' id='word_1_137' title='bbox 1053 1759 1091 1824; x_wconf 84' lang='lat' dir='ltr'><strong>C.</strong></span> <span class='ocrx_word' id='word_1_138' title='bbox 1118 1756 1152 1824; x_wconf 68' lang='lat' dir='ltr'>ll.</span> 
     </span>
    </p>
   </div>
   <div class='ocr_carea' id='block_1_7' title="bbox 23 1845 1278 3742">
    <p class='ocr_par' dir='ltr' id='par_1_13' title="bbox 23 1845 1278 3742">
     <span class='ocr_line' id='line_1_17' title="bbox 102 1845 254 1910; baseline -0.013 0"><span class='ocrx_word' id='word_1_139' title='bbox 102 1845 153 1910; x_wconf 73' lang='lat' dir='ltr'>Ta</span> <span class='ocrx_word' id='word_1_140' title='bbox 198 1857 254 1908; x_wconf 83' lang='lat'><strong>0¹¹.</strong></span> 
     </span>
     <span class='ocr_line' id='line_1_18' title="bbox 145 1867 1154 2017; baseline 0.002 -21"><span class='ocrx_word' id='word_1_141' title='bbox 145 1867 280 1996; x_wconf 69' lang='lat' dir='ltr'>lllNll.</span> <span class='ocrx_word' id='word_1_142' title='bbox 303 1930 396 1994; x_wconf 86' lang='lat' dir='ltr'>Haud</span> <span class='ocrx_word' id='word_1_143' title='bbox 411 1933 456 1996; x_wconf 89' lang='lat' dir='ltr'>ita</span> <span class='ocrx_word' id='word_1_144' title='bbox 470 1933 567 1994; x_wconf 88' lang='lat' dir='ltr'>multo</span> <span class='ocrx_word' id='word_1_145' title='bbox 581 1943 662 2016; x_wconf 89' lang='lat' dir='ltr'>post,</span> <span class='ocrx_word' id='word_1_146' title='bbox 684 1953 777 2017; x_wconf 89' lang='lat' dir='ltr'>quum</span> <span class='ocrx_word' id='word_1_147' title='bbox 788 1932 853 2015; x_wconf 88' lang='lat' dir='ltr'>jam</span> <span class='ocrx_word' id='word_1_148' title='bbox 875 1933 1077 1996; x_wconf 86' lang='lat' dir='ltr'>consularium</span> <span class='ocrx_word' id='word_1_149' title='bbox 1098 1955 1154 1998; x_wconf 78' lang='lat' dir='ltr'>co·</span> 
     </span>
     <span class='ocr_line' id='line_1_19' title="bbox 104 2017 1154 2102; baseline 0.003 -20"><span class='ocrx_word' id='word_1_150' title='bbox 104 2020 262 2082; x_wconf 90' lang='lat' dir='ltr'>mitiorum</span> <span class='ocrx_word' id='word_1_151' title='bbox 279 2019 439 2102; x_wconf 80' lang='lat' dir='ltr'>adpeteret</span> <span class='ocrx_word' id='word_1_152' title='bbox 454 2029 584 2102; x_wconf 85' lang='lat' dir='ltr'>tempus,</span> <span class='ocrx_word' id='word_1_153' title='bbox 606 2017 642 2080; x_wconf 93' lang='lat' dir='ltr'>C.</span> <span class='ocrx_word' id='word_1_154' title='bbox 659 2018 765 2081; x_wconf 68' lang='lat' dir='ltr'>laelius</span> <span class='ocrx_word' id='word_1_155' title='bbox 787 2019 892 2082; x_wconf 88' lang='lat' dir='ltr'>consul</span> <span class='ocrx_word' id='word_1_156' title='bbox 913 2039 952 2081; x_wconf 91' lang='lat' dir='ltr'>ex</span> <span class='ocrx_word' id='word_1_157' title='bbox 972 2017 1075 2082; x_wconf 89' lang='lat' dir='ltr'>Gallia</span> <span class='ocrx_word' id='word_1_158' title='bbox 1088 2019 1154 2084; x_wconf 87' lang='lat' dir='ltr'>Ro·</span> 
     </span>
     <span class='ocr_line' id='line_1_20' title="bbox 105 2104 1154 2185; baseline 0 -16"><span class='ocrx_word' id='word_1_159' title='bbox 105 2125 190 2169; x_wconf 88' lang='lat' dir='ltr'>mam</span> <span class='ocrx_word' id='word_1_160' title='bbox 205 2106 304 2168; x_wconf 83' lang='lat' dir='ltr'>rediit.</span> <span class='ocrx_word' id='word_1_161' title='bbox 316 2107 341 2167; x_wconf 91' lang='lat' dir='ltr'>is</span> <span class='ocrx_word' id='word_1_162' title='bbox 353 2125 414 2167; x_wconf 91' lang='lat' dir='ltr'>uon</span> <span class='ocrx_word' id='word_1_163' title='bbox 426 2106 535 2183; x_wconf 87' lang='lat' dir='ltr'>solum,</span> <span class='ocrx_word' id='word_1_164' title='bbox 547 2104 680 2168; x_wconf 85' lang='lat' dir='ltr'>exsecto</span> <span class='ocrx_word' id='word_1_165' title='bbox 694 2109 819 2168; x_wconf 85' lang='lat' dir='ltr'>absente</span> <span class='ocrx_word' id='word_1_166' title='bbox 834 2127 866 2168; x_wconf 89' lang='lat' dir='ltr'>se</span> <span class='ocrx_word' id='word_1_167' title='bbox 881 2106 1154 2185; x_wconf 83' lang='lat' dir='ltr'>senatusconsulto,</span> 
     </span>
     <span class='ocr_line' id='line_1_21' title="bbox 105 2191 1155 2278; baseline 0.002 -24"><span class='ocrx_word' id='word_1_168' title='bbox 105 2194 137 2254; x_wconf 91' lang='lat' dir='ltr'>iu</span> <span class='ocrx_word' id='word_1_169' title='bbox 164 2193 409 2276; x_wconf 86' lang='lat' dir='ltr'>supplementum</span> <span class='ocrx_word' id='word_1_170' title='bbox 435 2191 592 2254; x_wconf 77' lang='lat' dir='ltr'>Cremonae</span> <span class='ocrx_word' id='word_1_171' title='bbox 621 2203 654 2254; x_wconf 85' lang='lat' dir='ltr'>et</span> <span class='ocrx_word' id='word_1_172' title='bbox 678 2191 838 2254; x_wconf 78' lang='lat' dir='ltr'>Placentia</span> <span class='ocrx_word' id='word_1_173' title='bbox 863 2192 988 2254; x_wconf 89' lang='lat' dir='ltr'>colonos</span> <span class='ocrx_word' id='word_1_174' title='bbox 1014 2193 1155 2278; x_wconf 81' lang='lat' dir='ltr'>scripsit3</span> 
     </span>
     <span class='ocr_line' id='line_1_22' title="bbox 105 2275 1156 2359; baseline -0.001 -18"><span class='ocrx_word' id='word_1_175' title='bbox 105 2279 173 2356; x_wconf 84' lang='lat' dir='ltr'>aed,</span> <span class='ocrx_word' id='word_1_176' title='bbox 201 2291 236 2341; x_wconf 89' lang='lat' dir='ltr'>ut</span> <span class='ocrx_word' id='word_1_177' title='bbox 261 2278 487 2340; x_wconf 81' lang='lat' dir='ltr'>novacoloniae</span> <span class='ocrx_word' id='word_1_178' title='bbox 513 2276 579 2339; x_wconf 82' lang='lat' dir='ltr'>duae</span> <span class='ocrx_word' id='word_1_179' title='bbox 599 2278 631 2338; x_wconf 91' lang='lat' dir='ltr'>in</span> <span class='ocrx_word' id='word_1_180' title='bbox 656 2297 774 2359; x_wconf 74' lang='lat' dir='ltr'>agnam,</span> <span class='ocrx_word' id='word_1_181' title='bbox 796 2277 847 2359; x_wconf 80' lang='lat' dir='ltr'>qui</span> <span class='ocrx_word' id='word_1_182' title='bbox 870 2275 1015 2340; x_wconf 89' lang='lat' dir='ltr'>Boiorum</span> <span class='ocrx_word' id='word_1_183' title='bbox 1040 2278 1156 2358; x_wconf 85' lang='lat' dir='ltr'>fuisset,</span> 
     </span>
     <span class='ocr_line' id='line_1_23' title="bbox 105 2361 1155 2443; baseline 0 -17"><span class='ocrx_word' id='word_1_184' title='bbox 105 2365 342 2443; x_wconf 88' lang='lat' dir='ltr'>deducerentur,</span> <span class='ocrx_word' id='word_1_185' title='bbox 365 2376 397 2427; x_wconf 90' lang='lat' dir='ltr'>et</span> <span class='ocrx_word' id='word_1_186' title='bbox 421 2365 533 2442; x_wconf 86' lang='lat' dir='ltr'>retulit,</span> <span class='ocrx_word' id='word_1_187' title='bbox 555 2375 587 2426; x_wconf 89' lang='lat' dir='ltr'>et</span> <span class='ocrx_word' id='word_1_188' title='bbox 611 2377 735 2426; x_wconf 87' lang='lat' dir='ltr'>auctore</span> <span class='ocrx_word' id='word_1_189' title='bbox 762 2385 799 2426; x_wconf 91' lang='lat' dir='ltr'>eo</span> <span class='ocrx_word' id='word_1_190' title='bbox 828 2361 932 2427; x_wconf 89' lang='lat' dir='ltr'>Patres</span> <span class='ocrx_word' id='word_1_191' title='bbox 963 2375 1155 2426; x_wconf 86' lang='lat' dir='ltr'>censuerunt.</span> 
     </span>
     <span class='ocr_line' id='line_1_24' title="bbox 108 2449 1158 2534; baseline 0 -20"><span class='ocrx_word' id='word_1_192' title='bbox 108 2450 232 2514; x_wconf 74' lang='lat' dir='ltr'>Fodem</span> <span class='ocrx_word' id='word_1_193' title='bbox 253 2463 390 2534; x_wconf 89' lang='lat' dir='ltr'>tempore</span> <span class='ocrx_word' id='word_1_194' title='bbox 413 2449 447 2513; x_wconf 89' lang='lat' dir='ltr'>L.</span> <span class='ocrx_word' id='word_1_195' title='bbox 468 2449 586 2512; x_wconf 85' lang='lat' dir='ltr'>AEmilii</span> <span class='ocrx_word' id='word_1_196' title='bbox 607 2450 857 2534; x_wconf 78' lang='lat' dir='ltr'>praetorialiteroe</span> <span class='ocrx_word' id='word_1_197' title='bbox 877 2451 984 2512; x_wconf 78' lang='lat' dir='ltr'>adlata</span> <span class='ocrx_word' id='word_1_198' title='bbox 999 2450 1037 2512; x_wconf 89' lang='lat' dir='ltr'>de</span> <span class='ocrx_word' id='word_1_199' title='bbox 1057 2450 1158 2514; x_wconf 73' lang='lat' dir='ltr'>navali</span> 
     </span>
     <span class='ocr_line' id='line_1_25' title="bbox 23 2535 1156 2621; baseline -0.002 -21"><span class='ocrx_word' id='word_1_200' title='bbox 23 2537 28 2548; x_wconf 66' lang='lat'><strong>⁴</strong></span> <span class='ocrx_word' id='word_1_201' title='bbox 106 2557 214 2621; x_wconf 81' lang='lat' dir='ltr'>pugna</span> <span class='ocrx_word' id='word_1_202' title='bbox 230 2538 269 2607; x_wconf 86' lang='lat' dir='ltr'>ad</span> <span class='ocrx_word' id='word_1_203' title='bbox 282 2537 487 2620; x_wconf 87' lang='lat' dir='ltr'>Myonnesum</span> <span class='ocrx_word' id='word_1_204' title='bbox 503 2537 594 2616; x_wconf 87' lang='lat' dir='ltr'>facta,</span> <span class='ocrx_word' id='word_1_205' title='bbox 617 2547 649 2599; x_wconf 90' lang='lat' dir='ltr'>et</span> <span class='ocrx_word' id='word_1_206' title='bbox 663 2538 695 2599; x_wconf 92' lang='lat' dir='ltr'>L.</span> <span class='ocrx_word' id='word_1_207' title='bbox 712 2535 886 2619; x_wconf 87' lang='lat' dir='ltr'>Scipionem</span> <span class='ocrx_word' id='word_1_208' title='bbox 898 2537 1053 2599; x_wconf 90' lang='lat' dir='ltr'>consulem</span> <span class='ocrx_word' id='word_1_209' title='bbox 1068 2557 1156 2600; x_wconf 86' lang='lat' dir='ltr'>exer·</span> 
     </span>
     <span class='ocr_line' id='line_1_26' title="bbox 107 2619 1156 2706; baseline 0 -20"><span class='ocrx_word' id='word_1_210' title='bbox 107 2625 207 2686; x_wconf 71' lang='lat' dir='ltr'>dmm</span> <span class='ocrx_word' id='word_1_211' title='bbox 232 2625 263 2684; x_wconf 96' lang='lat' dir='ltr'>in</span> <span class='ocrx_word' id='word_1_212' title='bbox 283 2624 388 2686; x_wconf 85' lang='lat' dir='ltr'>Asiam</span> <span class='ocrx_word' id='word_1_213' title='bbox 412 2623 575 2706; x_wconf 84' lang='lat' dir='ltr'>trajecisse.</span> <span class='ocrx_word' id='word_1_214' title='bbox 620 2619 762 2685; x_wconf 75' lang='lat' dir='ltr'>Victoria</span> <span class='ocrx_word' id='word_1_215' title='bbox 782 2623 896 2684; x_wconf 80' lang='lat' dir='ltr'>navalis</span> <span class='ocrx_word' id='word_1_216' title='bbox 917 2643 990 2705; x_wconf 85' lang='lat' dir='ltr'>ergo</span> <span class='ocrx_word' id='word_1_217' title='bbox 1011 2623 1044 2685; x_wconf 93' lang='lat' dir='ltr'>in</span> <span class='ocrx_word' id='word_1_218' title='bbox 1060 2643 1156 2686; x_wconf 91' lang='lat' dir='ltr'>unum</span> 
     </span>
     <span class='ocr_line' id='line_1_27' title="bbox 109 2709 1266 2792; baseline 0.002 -20"><span class='ocrx_word' id='word_1_219' title='bbox 109 2710 191 2772; x_wconf 88' lang='lat' dir='ltr'>diem</span> <span class='ocrx_word' id='word_1_220' title='bbox 212 2709 395 2792; x_wconf 86' lang='lat' dir='ltr'>supplicatio</span> <span class='ocrx_word' id='word_1_221' title='bbox 418 2709 540 2771; x_wconf 86' lang='lat' dir='ltr'>decreta</span> <span class='ocrx_word' id='word_1_222' title='bbox 559 2721 629 2786; x_wconf 84' lang='lat' dir='ltr'>est3</span> <span class='ocrx_word' id='word_1_223' title='bbox 664 2710 695 2771; x_wconf 92' lang='lat' dir='ltr'>in</span> <span class='ocrx_word' id='word_1_224' title='bbox 720 2709 846 2770; x_wconf 85' lang='lat' dir='ltr'>alterurn</span> <span class='ocrx_word' id='word_1_225' title='bbox 873 2709 966 2787; x_wconf 90' lang='lat' dir='ltr'>diem,</span> <span class='ocrx_word' id='word_1_226' title='bbox 992 2710 1073 2790; x_wconf 89' lang='lat' dir='ltr'>quod</span> <span class='ocrx_word' id='word_1_227' title='bbox 1101 2731 1157 2774; x_wconf 85' lang='lat' dir='ltr'>ex·</span> <span class='ocrx_word' id='word_1_228' title='bbox 1232 2749 1237 2762; x_wconf 86' lang='lat'><strong>·</strong></span> <span class='ocrx_word' id='word_1_229' title='bbox 1263 2757 1266 2764; x_wconf 82' lang='lat'>·</span> 
     </span>
     <span class='ocr_line' id='line_1_28' title="bbox 108 2793 1157 2877; baseline 0.002 -19"><span class='ocrx_word' id='word_1_230' title='bbox 108 2797 221 2858; x_wconf 85' lang='lat' dir='ltr'>ercitus</span> <span class='ocrx_word' id='word_1_231' title='bbox 239 2793 396 2857; x_wconf 88' lang='lat' dir='ltr'>Romanus</span> <span class='ocrx_word' id='word_1_232' title='bbox 412 2805 476 2857; x_wconf 91' lang='lat' dir='ltr'>turn</span> <span class='ocrx_word' id='word_1_233' title='bbox 493 2795 623 2877; x_wconf 91' lang='lat' dir='ltr'>primum</span> <span class='ocrx_word' id='word_1_234' title='bbox 638 2795 669 2856; x_wconf 91' lang='lat' dir='ltr'>in</span> <span class='ocrx_word' id='word_1_235' title='bbox 685 2793 760 2856; x_wconf 90' lang='lat' dir='ltr'>Asia</span> <span class='ocrx_word' id='word_1_236' title='bbox 775 2795 925 2877; x_wconf 85' lang='lat' dir='ltr'>posuisset</span> <span class='ocrx_word' id='word_1_237' title='bbox 939 2807 1049 2876; x_wconf 89' lang='lat' dir='ltr'>castra,</span> <span class='ocrx_word' id='word_1_238' title='bbox 1065 2807 1105 2859; x_wconf 83' lang='lat' dir='ltr'>ut</span> <span class='ocrx_word' id='word_1_239' title='bbox 1115 2817 1157 2860; x_wconf 85' lang='lat' dir='ltr'>ea</span> 
     </span>
     <span class='ocr_line' id='line_1_29' title="bbox 109 2879 1156 2965; baseline 0 -21"><span class='ocrx_word' id='word_1_240' title='bbox 109 2903 157 2944; x_wconf 89' lang='lat' dir='ltr'>res</span> <span class='ocrx_word' id='word_1_241' title='bbox 180 2903 326 2965; x_wconf 89' lang='lat' dir='ltr'>prospera</span> <span class='ocrx_word' id='word_1_242' title='bbox 347 2890 381 2943; x_wconf 90' lang='lat' dir='ltr'>et</span> <span class='ocrx_word' id='word_1_243' title='bbox 406 2882 475 2944; x_wconf 84' lang='lat' dir='ltr'>laeta</span> <span class='ocrx_word' id='word_1_244' title='bbox 498 2881 641 2942; x_wconf 85' lang='lat' dir='ltr'>eveniret.</span> <span class='ocrx_word' id='word_1_245' title='bbox 663 2881 776 2943; x_wconf 84' lang='lat' dir='ltr'>vicenis</span> <span class='ocrx_word' id='word_1_246' title='bbox 801 2879 965 2963; x_wconf 89' lang='lat' dir='ltr'>majoribus</span> <span class='ocrx_word' id='word_1_247' title='bbox 993 2883 1100 2945; x_wconf 90' lang='lat' dir='ltr'>hostiis</span> <span class='ocrx_word' id='word_1_248' title='bbox 1121 2883 1156 2944; x_wconf 83' lang='lat' dir='ltr'>in</span> 
     </span>
     <span class='ocr_line' id='line_1_30' title="bbox 50 2966 1156 3051; baseline -0.001 -21"><span class='ocrx_word' id='word_1_249' title='bbox 50 3043 51 3048; x_wconf 8' lang='grc' dir='ltr'>γ</span> <span class='ocrx_word' id='word_1_250' title='bbox 109 2969 245 3051; x_wconf 79' lang='lat' dir='ltr'>singulas</span> <span class='ocrx_word' id='word_1_251' title='bbox 271 2967 508 3050; x_wconf 86' lang='lat' dir='ltr'>supplicationes</span> <span class='ocrx_word' id='word_1_252' title='bbox 534 2966 703 3030; x_wconf 84' lang='lat' dir='ltr'>sacrificare</span> <span class='ocrx_word' id='word_1_253' title='bbox 727 2968 832 3029; x_wconf 91' lang='lat' dir='ltr'>consul</span> <span class='ocrx_word' id='word_1_254' title='bbox 858 2979 905 3028; x_wconf 86' lang='lat' dir='ltr'>est</span> <span class='ocrx_word' id='word_1_255' title='bbox 926 2966 1037 3049; x_wconf 88' lang='lat' dir='ltr'>jussus.</span> <span class='ocrx_word' id='word_1_256' title='bbox 1083 2966 1156 3029; x_wconf 91' lang='lat' dir='ltr'>lnde</span> 
     </span>
     <span class='ocr_line' id='line_1_31' title="bbox 108 3051 1278 3135; baseline 0.004 -19"><span class='ocrx_word' id='word_1_257' title='bbox 108 3055 283 3117; x_wconf 87' lang='lat' dir='ltr'>consularia</span> <span class='ocrx_word' id='word_1_258' title='bbox 294 3053 420 3116; x_wconf 85' lang='lat' dir='ltr'>comitia</span> <span class='ocrx_word' id='word_1_259' title='bbox 434 3073 546 3135; x_wconf 80' lang='lat' dir='ltr'>magna</span> <span class='ocrx_word' id='word_1_260' title='bbox 560 3054 759 3116; x_wconf 89' lang='lat' dir='ltr'>contentione</span> <span class='ocrx_word' id='word_1_261' title='bbox 782 3053 897 3116; x_wconf 88' lang='lat' dir='ltr'>habita.</span> <span class='ocrx_word' id='word_1_262' title='bbox 943 3051 989 3114; x_wconf 91' lang='lat' dir='ltr'>M.</span> <span class='ocrx_word' id='word_1_263' title='bbox 1015 3051 1158 3120; x_wconf 84' lang='lat' dir='ltr'>AEmilius</span> <span class='ocrx_word' id='word_1_264' title='bbox 1171 3065 1278 3120; x_wconf 66' lang='lat' dir='ltr'>(adm.</span> 
     </span>
     <span class='ocr_line' id='line_1_32' title="bbox 110 3139 1157 3226; baseline -0.001 -23"><span class='ocrx_word' id='word_1_265' title='bbox 110 3139 245 3226; x_wconf 86' lang='lat' dir='ltr'>Lepidus</span> <span class='ocrx_word' id='word_1_266' title='bbox 265 3141 390 3224; x_wconf 87' lang='lat' dir='ltr'>petebat</span> <span class='ocrx_word' id='word_1_267' title='bbox 414 3140 539 3202; x_wconf 85' lang='lat' dir='ltr'>adversa</span> <span class='ocrx_word' id='word_1_268' title='bbox 558 3139 641 3200; x_wconf 86' lang='lat' dir='ltr'>lama</span> <span class='ocrx_word' id='word_1_269' title='bbox 666 3141 835 3217; x_wconf 88' lang='lat' dir='ltr'>bominum,</span> <span class='ocrx_word' id='word_1_270' title='bbox 864 3139 946 3220; x_wconf 89' lang='lat' dir='ltr'>quod</span> <span class='ocrx_word' id='word_1_271' title='bbox 970 3139 1157 3222; x_wconf 87' lang='lat' dir='ltr'>provinciam</span> 
     </span>
     <span class='ocr_line' id='line_1_33' title="bbox 111 3225 1159 3310; baseline 0.001 -21"><span class='ocrx_word' id='word_1_272' title='bbox 111 3225 248 3290; x_wconf 86' lang='lat' dir='ltr'>Siciliam</span> <span class='ocrx_word' id='word_1_273' title='bbox 261 3226 386 3310; x_wconf 91' lang='lat' dir='ltr'>petendi</span> <span class='ocrx_word' id='word_1_274' title='bbox 401 3247 518 3303; x_wconf 87' lang='lat' dir='ltr'>caussa,</span> <span class='ocrx_word' id='word_1_275' title='bbox 530 3246 591 3286; x_wconf 93' lang='lat' dir='ltr'>non</span> <span class='ocrx_word' id='word_1_276' title='bbox 604 3225 742 3287; x_wconf 85' lang='lat' dir='ltr'>consulto</span> <span class='ocrx_word' id='word_1_277' title='bbox 754 3239 871 3302; x_wconf 87' lang='lat' dir='ltr'>senatu,</span> <span class='ocrx_word' id='word_1_278' title='bbox 886 3238 921 3288; x_wconf 89' lang='lat' dir='ltr'>ut</span> <span class='ocrx_word' id='word_1_279' title='bbox 936 3226 993 3288; x_wconf 89' lang='lat' dir='ltr'>sibi</span> <span class='ocrx_word' id='word_1_280' title='bbox 1011 3225 1042 3287; x_wconf 94' lang='lat' dir='ltr'>id</span> <span class='ocrx_word' id='word_1_281' title='bbox 1058 3225 1159 3290; x_wconf 82' lang='lat' dir='ltr'>lacere</span> 
     </span>
     <span class='ocr_line' id='line_1_34' title="bbox 111 3309 1159 3395; baseline 0.001 -20"><span class='ocrx_word' id='word_1_282' title='bbox 111 3313 229 3392; x_wconf 88' lang='lat' dir='ltr'>liceret,</span> <span class='ocrx_word' id='word_1_283' title='bbox 249 3314 426 3395; x_wconf 85' lang='lat' dir='ltr'>reliquisset.</span> <span class='ocrx_word' id='word_1_284' title='bbox 441 3314 588 3395; x_wconf 87' lang='lat' dir='ltr'>petebant</span> <span class='ocrx_word' id='word_1_285' title='bbox 601 3331 671 3374; x_wconf 87' lang='lat' dir='ltr'>curn</span> <span class='ocrx_word' id='word_1_286' title='bbox 686 3333 723 3373; x_wconf 92' lang='lat' dir='ltr'>eo</span> <span class='ocrx_word' id='word_1_287' title='bbox 738 3309 785 3372; x_wconf 91' lang='lat' dir='ltr'><strong>M.</strong></span> <span class='ocrx_word' id='word_1_288' title='bbox 800 3309 921 3373; x_wconf 86' lang='lat' dir='ltr'>Fulvius</span> <span class='ocrx_word' id='word_1_289' title='bbox 936 3309 1086 3390; x_wconf 86' lang='lat' dir='ltr'>Nobilior,</span> <span class='ocrx_word' id='word_1_290' title='bbox 1101 3310 1159 3376; x_wconf 88' lang='lat' dir='ltr'>Cn.</span> 
     </span>
     <span class='ocr_line' id='line_1_35' title="bbox 104 3395 1159 3478; baseline -0.002 -16"><span class='ocrx_word' id='word_1_291' title='bbox 104 3397 249 3464; x_wconf 87' lang='lat' dir='ltr'>&#39;Manlius</span> <span class='ocrx_word' id='word_1_292' title='bbox 264 3397 372 3478; x_wconf 89' lang='lat' dir='ltr'>Vulso,</span> <span class='ocrx_word' id='word_1_293' title='bbox 387 3397 433 3461; x_wconf 93' lang='lat' dir='ltr'><strong>M.</strong></span> <span class='ocrx_word' id='word_1_294' title='bbox 448 3397 583 3462; x_wconf 85' lang='lat' dir='ltr'>Valerius</span> <span class='ocrx_word' id='word_1_295' title='bbox 598 3395 743 3460; x_wconf 87' lang='lat' dir='ltr'>Messalla</span> <span class='ocrx_word' id='word_1_296' title='bbox 751 3408 776 3459; x_wconf 88' lang='lat'><strong>¹.</strong></span> <span class='ocrx_word' id='word_1_297' title='bbox 820 3395 940 3460; x_wconf 85' lang='lat' dir='ltr'>Fulvius</span> <span class='ocrx_word' id='word_1_298' title='bbox 959 3398 1064 3459; x_wconf 89' lang='lat' dir='ltr'>consul</span> <span class='ocrx_word' id='word_1_299' title='bbox 1083 3419 1159 3460; x_wconf 90' lang='lat' dir='ltr'>unus</span> 
     </span>
     <span class='ocr_line' id='line_1_36' title="bbox 111 3483 1160 3570; baseline -0.001 -22"><span class='ocrx_word' id='word_1_300' title='bbox 111 3499 244 3566; x_wconf 86' lang='lat' dir='ltr'>creatur,</span> <span class='ocrx_word' id='word_1_301' title='bbox 252 3488 279 3526; x_wconf 86' lang='lat'>⁴¹</span> <span class='ocrx_word' id='word_1_302' title='bbox 288 3505 380 3570; x_wconf 91' lang='lat' dir='ltr'>quum</span> <span class='ocrx_word' id='word_1_303' title='bbox 391 3486 483 3548; x_wconf 91' lang='lat' dir='ltr'>ceteri</span> <span class='ocrx_word' id='word_1_304' title='bbox 496 3485 647 3548; x_wconf 89' lang='lat' dir='ltr'>centurias</span> <span class='ocrx_word' id='word_1_305' title='bbox 657 3503 717 3546; x_wconf 92' lang='lat' dir='ltr'>non</span> <span class='ocrx_word' id='word_1_306' title='bbox 727 3484 916 3566; x_wconf 81' lang='lat' dir='ltr'>explessent:</span> <span class='ocrx_word' id='word_1_307' title='bbox 931 3486 958 3522; x_wconf 81' lang='lat'>⁴³</span> <span class='ocrx_word' id='word_1_308' title='bbox 970 3483 1160 3568; x_wconf 64' lang='lat' dir='ltr'>inques-pos-</span> 
     </span>
     <span class='ocr_line' id='line_1_37' title="bbox 110 3567 1161 3654; baseline -0.004 -18"><span class='ocrx_word' id='word_1_309' title='bbox 110 3579 177 3635; x_wconf 79' lang='lat' dir='ltr'>tero</span> <span class='ocrx_word' id='word_1_310' title='bbox 192 3573 244 3636; x_wconf 86' lang='lat' dir='ltr'>die</span> <span class='ocrx_word' id='word_1_311' title='bbox 260 3570 318 3634; x_wconf 88' lang='lat' dir='ltr'>Cn.</span> <span class='ocrx_word' id='word_1_312' title='bbox 335 3571 497 3649; x_wconf 85' lang='lat' dir='ltr'>Manlium,</span> <span class='ocrx_word' id='word_1_313' title='bbox 511 3569 629 3654; x_wconf 86' lang='lat' dir='ltr'>Lepido</span> <span class='ocrx_word' id='word_1_314' title='bbox 644 3569 775 3652; x_wconf 90' lang='lat' dir='ltr'>dejecto,</span> <span class='ocrx_word' id='word_1_315' title='bbox 790 3569 874 3650; x_wconf 90' lang='lat' dir='ltr'>(nam</span> <span class='ocrx_word' id='word_1_316' title='bbox 890 3567 1036 3632; x_wconf 86' lang='lat' dir='ltr'>Messalla</span> <span class='ocrx_word' id='word_1_317' title='bbox 1050 3571 1161 3651; x_wconf 86' lang='lat' dir='ltr'>tacuit)</span> 
     </span>
     <span class='ocr_line' id='line_1_38' title="bbox 113 3655 1162 3742; baseline 0 -22"><span class='ocrx_word' id='word_1_318' title='bbox 113 3659 264 3742; x_wconf 75' lang='lat' dir='ltr'>collegam</span> <span class='ocrx_word' id='word_1_319' title='bbox 279 3659 367 3721; x_wconf 81' lang='lat' dir='ltr'>dixit.</span> <span class='ocrx_word' id='word_1_320' title='bbox 410 3655 557 3721; x_wconf 79' lang='lat' dir='ltr'>Praetores</span> <span class='ocrx_word' id='word_1_321' title='bbox 571 3657 682 3720; x_wconf 82' lang='lat' dir='ltr'>exinde</span> <span class='ocrx_word' id='word_1_322' title='bbox 707 3657 791 3737; x_wconf 85' lang='lat' dir='ltr'>lacti,</span> <span class='ocrx_word' id='word_1_323' title='bbox 812 3657 873 3719; x_wconf 89' lang='lat' dir='ltr'>duo</span> <span class='ocrx_word' id='word_1_324' title='bbox 888 3655 926 3728; x_wconf 89' lang='lat' dir='ltr'><strong>Q.</strong></span> <span class='ocrx_word' id='word_1_325' title='bbox 942 3655 1037 3736; x_wconf 87' lang='lat' dir='ltr'>Fabii,</span> <span class='ocrx_word' id='word_1_326' title='bbox 1058 3655 1162 3720; x_wconf 87' lang='lat' dir='ltr'>Labeo</span> 
     </span>
    </p>
   </div>
   <div class='ocr_carea' id='block_1_8' title="bbox 128 3815 1149 3880">
    <p class='ocr_par' dir='ltr' id='par_1_14' title="bbox 128 3815 1149 3880">
     <span class='ocr_line' id='line_1_39' title="bbox 128 3815 1149 3880; baseline 0 -14"><span class='ocrx_word' id='word_1_327' title='bbox 128 3817 258 3870; x_wconf 73' lang='lat' dir='ltr'>tatem.</span> <span class='ocrx_word' id='word_1_328' title='bbox 325 3815 599 3880; x_wconf 57' lang='lat' dir='ltr'>wmaroaua.</span> <span class='ocrx_word' id='word_1_329' title='bbox 670 3815 866 3866; x_wconf 60' lang='lat' dir='ltr'>ulmam,</span> <span class='ocrx_word' id='word_1_330' title='bbox 930 3815 1149 3878; x_wconf 64' lang='lat' dir='ltr'>remora.</span> 
     </span>
    </p>
   </div>
   <div class='ocr_carea' id='block_1_9' title="bbox 112 3937 1166 4594">
    <p class='ocr_par' dir='ltr' id='par_1_15' title="bbox 141 3937 1164 4002">
     <span class='ocr_line' id='line_1_40' title="bbox 141 3937 1164 4002; baseline -0.003 -15"><span class='ocrx_word' id='word_1_331' title='bbox 141 3939 163 3974; x_wconf 68' lang='grc' dir='ltr'>*Ι</span> <span class='ocrx_word' id='word_1_332' title='bbox 176 3937 293 3990; x_wconf 83' lang='lat' dir='ltr'>Ductul..</span> <span class='ocrx_word' id='word_1_333' title='bbox 304 3937 401 3990; x_wconf 78' lang='lat' dir='ltr'>AEnils&#39;i</span> <span class='ocrx_word' id='word_1_334' title='bbox 413 3937 556 4002; x_wconf 70' lang='lat' dir='ltr'>paenale]</span> <span class='ocrx_word' id='word_1_335' title='bbox 571 3940 621 3990; x_wconf 89' lang='lat' dir='ltr'>Hic</span> <span class='ocrx_word' id='word_1_336' title='bbox 680 3937 709 3974; x_wconf 54' lang='lat'>*⁴⁴</span> <span class='ocrx_word' id='word_1_337' title='bbox 727 3937 802 3992; x_wconf 77' lang='lat' dir='ltr'>Quam</span> <span class='ocrx_word' id='word_1_338' title='bbox 813 3941 879 3987; x_wconf 69' lang='lat' dir='ltr'>artai</span> <span class='ocrx_word' id='word_1_339' title='bbox 897 3939 1007 3986; x_wconf 79' lang='lat' dir='ltr'>centurias</span> <span class='ocrx_word' id='word_1_340' title='bbox 1024 3953 1069 3985; x_wconf 80' lang='lat' dir='ltr'>non</span> <span class='ocrx_word' id='word_1_341' title='bbox 1085 3938 1164 4000; x_wconf 72' lang='lat' dir='ltr'>aples-</span> 
     </span>
    </p>

    <p class='ocr_par' dir='ltr' id='par_1_16' title="bbox 112 4001 1166 4594">
     <span class='ocr_line' id='line_1_41' title="bbox 113 4001 1165 4070; baseline -0.004 -16"><span class='ocrx_word' id='word_1_342' title='bbox 113 4011 149 4054; x_wconf 73' lang='lat' dir='ltr'>aa</span> <span class='ocrx_word' id='word_1_343' title='bbox 160 4004 267 4056; x_wconf 77' lang='lat' dir='ltr'>AEmllius</span> <span class='ocrx_word' id='word_1_344' title='bbox 284 4006 323 4054; x_wconf 86' lang='lat' dir='ltr'>illa</span> <span class='ocrx_word' id='word_1_345' title='bbox 343 4005 446 4063; x_wconf 81' lang='lat' dir='ltr'>Paullus,</span> <span class='ocrx_word' id='word_1_346' title='bbox 458 4021 528 4070; x_wconf 77' lang='lat' dir='ltr'>qaeu</span> <span class='ocrx_word' id='word_1_347' title='bbox 544 4017 622 4068; x_wconf 80' lang='lat' dir='ltr'>postas</span> <span class='ocrx_word' id='word_1_348' title='bbox 653 4003 712 4066; x_wconf 75' lang='lat' dir='ltr'>aar]</span> <span class='ocrx_word' id='word_1_349' title='bbox 731 4001 811 4056; x_wconf 79' lang='lat' dir='ltr'>Quum</span> <span class='ocrx_word' id='word_1_350' title='bbox 823 4002 896 4051; x_wconf 81' lang='lat' dir='ltr'>aeteri</span> <span class='ocrx_word' id='word_1_351' title='bbox 907 4017 953 4052; x_wconf 85' lang='lat' dir='ltr'>acu</span> <span class='ocrx_word' id='word_1_352' title='bbox 964 4001 1098 4050; x_wconf 64' lang='lat' dir='ltr'>babuimus</span> <span class='ocrx_word' id='word_1_353' title='bbox 1108 4003 1165 4064; x_wconf 64' lang='lat' dir='ltr'>lari-</span> 
     </span>
     <span class='ocr_line' id='line_1_42' title="bbox 114 4067 1165 4132; baseline -0.005 -12"><span class='ocrx_word' id='word_1_354' title='bbox 114 4069 515 4132; x_wconf 73' lang='lat' dir='ltr'>olrnbirrlcssriadel‘erssoreae</span> <span class='ocrx_word' id='word_1_355' title='bbox 531 4069 622 4120; x_wconf 74' lang='lat' dir='ltr'>stMs·</span> <span class='ocrx_word' id='word_1_356' title='bbox 655 4071 739 4118; x_wconf 78' lang='grc' dir='ltr'>ιίιιιιιιιι</span> <span class='ocrx_word' id='word_1_357' title='bbox 757 4069 916 4128; x_wconf 66' lang='lat' dir='ltr'>roffndm</span> <span class='ocrx_word' id='word_1_358' title='bbox 935 4067 1104 4124; x_wconf 68' lang='lat' dir='ltr'>amramid</span> <span class='ocrx_word' id='word_1_359' title='bbox 1121 4077 1165 4126; x_wconf 67' lang='lat' dir='ltr'>aa,</span> 
     </span>
     <span class='ocr_line' id='line_1_43' title="bbox 117 4131 1165 4200; baseline -0.005 -16"><span class='ocrx_word' id='word_1_360' title='bbox 117 4135 250 4188; x_wconf 71' lang='lat' dir='ltr'>sedenibus.</span> <span class='ocrx_word' id='word_1_361' title='bbox 294 4136 350 4186; x_wconf 81' lang='lat' dir='ltr'>ldeo</span> <span class='ocrx_word' id='word_1_362' title='bbox 370 4147 451 4186; x_wconf 71' lang='lat' dir='ltr'>auum</span> <span class='ocrx_word' id='word_1_363' title='bbox 472 4137 511 4184; x_wconf 82' lang='lat' dir='ltr'>bic</span> <span class='ocrx_word' id='word_1_364' title='bbox 532 4147 625 4186; x_wconf 66' lang='lat' dir='ltr'>autur</span> <span class='ocrx_word' id='word_1_365' title='bbox 655 4131 1165 4200; x_wconf 77' lang='lat' dir='ltr'>plusparterlimidiaceonrriansmioaull&#39;ra-</span> 
     </span>
     <span class='ocr_line' id='line_1_44' title="bbox 112 4197 1164 4266; baseline -0.005 -14"><span class='ocrx_word' id='word_1_366' title='bbox 112 4203 244 4264; x_wconf 66' lang='lat' dir='ltr'>maol,</span> <span class='ocrx_word' id='word_1_367' title='bbox 260 4203 321 4265; x_wconf 80' lang='lat' dir='ltr'>qaia,</span> <span class='ocrx_word' id='word_1_368' title='bbox 338 4201 393 4250; x_wconf 82' lang='lat' dir='ltr'>licet</span> <span class='ocrx_word' id='word_1_369' title='bbox 405 4211 489 4265; x_wconf 77' lang='lat' dir='ltr'>prator</span> <span class='ocrx_word' id='word_1_370' title='bbox 503 4201 527 4249; x_wconf 87' lang='lat' dir='ltr'>ia</span> <span class='ocrx_word' id='word_1_371' title='bbox 538 4199 625 4266; x_wconf 79' lang='lat' dir='ltr'>H&#39;upa·</span> <span class='ocrx_word' id='word_1_372' title='bbox 657 4201 693 4262; x_wconf 75' lang='lat' dir='ltr'>gia</span> <span class='ocrx_word' id='word_1_373' title='bbox 710 4199 824 4248; x_wconf 74' lang='lat' dir='ltr'>eundum.</span> <span class='ocrx_word' id='word_1_374' title='bbox 858 4197 896 4250; x_wconf 75' lang='lat' dir='ltr'>Sic</span> <span class='ocrx_word' id='word_1_375' title='bbox 915 4197 933 4248; x_wconf 92' lang='lat' dir='ltr'>l.</span> <span class='ocrx_word' id='word_1_376' title='bbox 945 4211 986 4248; x_wconf 91' lang='grc' dir='ltr'>ιιι.</span> <span class='ocrx_word' id='word_1_377' title='bbox 1004 4214 1026 4247; x_wconf 83' lang='lat' dir='ltr'>c.</span> <span class='ocrx_word' id='word_1_378' title='bbox 1038 4199 1078 4247; x_wconf 78' lang='lat'><strong>64.</strong></span> <span class='ocrx_word' id='word_1_379' title='bbox 1094 4197 1164 4248; x_wconf 76' lang='lat' dir='ltr'>trilm</span> 
     </span>
     <span class='ocr_line' id='line_1_45' title="bbox 119 4265 829 4334; baseline -0.011 -16"><span class='ocrx_word' id='word_1_380' title='bbox 119 4266 178 4317; x_wconf 64' lang='lat' dir='ltr'>flam</span> <span class='ocrx_word' id='word_1_381' title='bbox 189 4269 304 4334; x_wconf 67' lang='lat' dir='ltr'>prdsetus</span> <span class='ocrx_word' id='word_1_382' title='bbox 315 4279 385 4324; x_wconf 68' lang='lat' dir='ltr'>usar,</span> <span class='ocrx_word' id='word_1_383' title='bbox 398 4275 426 4315; x_wconf 85' lang='lat' dir='ltr'>ut</span> <span class='ocrx_word' id='word_1_384' title='bbox 436 4275 526 4314; x_wconf 77' lang='grc' dir='ltr'>οοιιιιιι</span> <span class='ocrx_word' id='word_1_385' title='bbox 535 4281 563 4314; x_wconf 83' lang='lat' dir='ltr'>ax</span> <span class='ocrx_word' id='word_1_386' title='bbox 575 4281 596 4314; x_wconf 88' lang='lat' dir='ltr'>e.</span> <span class='ocrx_word' id='word_1_387' title='bbox 603 4265 627 4314; x_wconf 76' lang='lat'><em>2</em></span> <span class='ocrx_word' id='word_1_388' title='bbox 657 4280 702 4314; x_wconf 80' lang='grc' dir='ltr'>ιιοιι</span> <span class='ocrx_word' id='word_1_389' title='bbox 711 4267 829 4326; x_wconf 70' lang='lat' dir='ltr'>explerent.</span> 
     </span>
     <span class='ocr_line' id='line_1_46' title="bbox 115 4327 1166 4398; baseline -0.009 -15"><span class='ocrx_word' id='word_1_390' title='bbox 115 4329 241 4383; x_wconf 77' lang='lat' dir='ltr'>lxxxvi.</span> <span class='ocrx_word' id='word_1_391' title='bbox 261 4349 339 4398; x_wconf 83' lang='lat' dir='ltr'>supra,</span> <span class='ocrx_word' id='word_1_392' title='bbox 358 4347 418 4386; x_wconf 79' lang='lat' dir='ltr'>cura</span> <span class='ocrx_word' id='word_1_393' title='bbox 437 4331 533 4397; x_wconf 88' lang='lat' dir='ltr'>imperio</span> <span class='ocrx_word' id='word_1_394' title='bbox 549 4343 628 4380; x_wconf 83' lang='lat' dir='ltr'>tamen</span> <span class='ocrx_word' id='word_1_395' title='bbox 691 4328 714 4364; x_wconf 59' lang='grc' dir='ltr'><strong>θ</strong></span> <span class='ocrx_word' id='word_1_396' title='bbox 730 4327 804 4392; x_wconf 68' lang='lat' dir='ltr'>lapus]</span> <span class='ocrx_word' id='word_1_397' title='bbox 821 4327 927 4390; x_wconf 73' lang='lat' dir='ltr'>Volgos&#39;s</span> <span class='ocrx_word' id='word_1_398' title='bbox 942 4343 1029 4392; x_wconf 73' lang='lat' dir='ltr'>quaqua</span> <span class='ocrx_word' id='word_1_399' title='bbox 1062 4327 1166 4376; x_wconf 81' lang='lat' dir='ltr'>Mutari·</span> 
     </span>
     <span class='ocr_line' id='line_1_47' title="bbox 119 4391 1166 4456; baseline -0.006 -11"><span class='ocrx_word' id='word_1_400' title='bbox 119 4397 226 4446; x_wconf 68' lang='lat' dir='ltr'>mirri</span> <span class='ocrx_word' id='word_1_401' title='bbox 248 4403 328 4448; x_wconf 71' lang='lat' dir='ltr'>misnia</span> <span class='ocrx_word' id='word_1_402' title='bbox 351 4409 395 4456; x_wconf 83' lang='lat' dir='ltr'>est,</span> <span class='ocrx_word' id='word_1_403' title='bbox 420 4395 452 4446; x_wconf 83' lang='lat' dir='ltr'>ira</span> <span class='ocrx_word' id='word_1_404' title='bbox 472 4408 498 4445; x_wconf 80' lang='lat' dir='ltr'>ut</span> <span class='ocrx_word' id='word_1_405' title='bbox 518 4411 567 4445; x_wconf 83' lang='lat' dir='ltr'>uon</span> <span class='ocrx_word' id='word_1_406' title='bbox 588 4411 628 4446; x_wconf 82' lang='lat' dir='ltr'>aaa</span> <span class='ocrx_word' id='word_1_407' title='bbox 660 4407 711 4442; x_wconf 81' lang='grc' dir='ltr'>ιιιιιι</span> <span class='ocrx_word' id='word_1_408' title='bbox 726 4409 756 4444; x_wconf 80' lang='lat' dir='ltr'>ea</span> <span class='ocrx_word' id='word_1_409' title='bbox 772 4393 838 4444; x_wconf 78' lang='lat' dir='ltr'>vra.</span> <span class='ocrx_word' id='word_1_410' title='bbox 857 4393 935 4444; x_wconf 83' lang='lat' dir='ltr'>codice</span> <span class='ocrx_word' id='word_1_411' title='bbox 953 4401 980 4445; x_wconf 86' lang='lat' dir='ltr'>et</span> <span class='ocrx_word' id='word_1_412' title='bbox 998 4392 1098 4443; x_wconf 73' lang='lat' dir='ltr'>Andraa</span> <span class='ocrx_word' id='word_1_413' title='bbox 1116 4391 1166 4442; x_wconf 79' lang='lat' dir='ltr'>adi-</span> 
     </span>
     <span class='ocr_line' id='line_1_48' title="bbox 119 4456 1151 4524; baseline -0.003 -16"><span class='ocrx_word' id='word_1_414' title='bbox 119 4456 197 4517; x_wconf 75' lang='lat' dir='ltr'>fiases,</span> <span class='ocrx_word' id='word_1_415' title='bbox 217 4464 258 4511; x_wconf 77' lang='lat' dir='ltr'>sed</span> <span class='ocrx_word' id='word_1_416' title='bbox 286 4463 413 4514; x_wconf 78' lang='lat' dir='ltr'>duodecim</span> <span class='ocrx_word' id='word_1_417' title='bbox 437 4461 542 4524; x_wconf 77' lang='lat' dir='ltr'>baberet,</span> <span class='ocrx_word' id='word_1_418' title='bbox 567 4471 628 4512; x_wconf 80' lang='lat' dir='ltr'>teste</span> <span class='ocrx_word' id='word_1_419' title='bbox 659 4460 733 4509; x_wconf 80' lang='lat' dir='ltr'>tione.</span> <span class='ocrx_word' id='word_1_420' title='bbox 1148 4465 1151 4470; x_wconf 88' lang='grc'><em>“</em></span> 
     </span>
     <span class='ocr_line' id='line_1_49' title="bbox 120 4518 509 4594; baseline -0.01 -18"><span class='ocrx_word' id='word_1_421' title='bbox 120 4518 335 4594; x_wconf 69' lang='lat' dir='ltr'>Plutarcbcinejas</span> <span class='ocrx_word' id='word_1_422' title='bbox 345 4529 409 4578; x_wconf 79' lang='lat' dir='ltr'>sita.</span> <span class='ocrx_word' id='word_1_423' title='bbox 506 4567 509 4572; x_wconf 93' lang='lat'><strong>.</strong></span> 
     </span>
    </p>
   </div>
   <div class='ocr_carea' id='block_1_10' title="bbox 0 0 1560 5186">
    <p class='ocr_par' dir='ltr' id='par_1_17' title="bbox 0 0 1560 5186">
     <span class='ocr_line' id='line_1_50' title="bbox 0 0 1560 5186; baseline 0 0"><span class='ocrx_word' id='word_1_424' title='bbox 0 0 1560 5186; x_wconf 95' lang='lat' dir='ltr'> </span> 
     </span>
    </p>
   </div>
  </div>
 </body>
</html>
