3080 5196
315 341 374 398 294
734 329 819 394 ‘sm
838 331 939 395 alvu
1050 377 1051 382 η
1503 269 1514 521 ι

150 501 296 552 (testa.
318 501 440 569 essent3
464 500 582 573 tempus
597 485 719 550 venisse
734 499 827 566 ratas,
848 489 941 572 prius,
964 509 1053 571 quam
1074 497 1156 550 terra
1170 486 1309 568 marique
1324 486 1369 547 si·

153 570 187 618 Α·
197 565 227 645 0,·
238 567 293 679 ξω·
319 579 381 641 mul
397 591 584 658 urgueretur,
598 573 710 658 agendi
723 574 763 636 de
777 595 863 658 pace,
879 576 1029 638 tumulum
1044 574 1208 658 quemdam
1223 575 1368 635 adversus

150 634 285 762 fam
320 665 434 728 Elaeam
459 664 567 725 castris
592 662 683 744 cepit.
712 661 754 723 ibi
779 661 917 743 peditum
947 662 1087 724 omnibus
1117 661 1213 744 copiis
1239 660 1367 738 relictis,

152 763 213 824 egit.
322 771 392 814 cum
407 751 542 833 equitatu
570 749 670 829 (erant
693 757 795 808 autem
817 768 872 809 sex
893 747 989 810 millia
1010 748 1158 834 equitnm)
1186 747 1219 808 in
1241 765 1369 828 campos

322 839 379 900 sub
407 838 474 920 ipsa
497 833 584 897 Elaeoe
623 835 738 896 moenia
775 834 941 913 descendit,
972 835 1067 896 misso
1095 833 1297 896 caduceatore
1328 832 1371 893 ad

322 921 494 1000 AEmilium,
508 921 585 983 velle
601 942 633 982 se
648 920 686 982 de
701 940 778 1005 pace
793 933 892 1003 agere.

366 1007 453 1071 xlx.
474 1005 629 1087 AEmilius,
652 1005 789 1068 Eumene
812 1029 831 1068 a
847 1006 994 1088 Pergamo
1020 1007 1135 1086 adeito,
1160 1005 1309 1068 adhibitis
1336 1015 1373 1066 et

323 1095 463 1173 Rhodiis,
479 1095 638 1156 consilium
653 1093 770 1156 habuit
818 1093 932 1156 Rhodii
947 1093 1030 1154 haud
1051 1093 1223 1175 adspernari
1238 1111 1373 1174 pacem:

241 1187 245 1198 '
324 1177 1373 1262 Eumenes,‘nechonestumesse’dicere,‘eotemporedepaceagi;

273 1273 277 1280 '
314 1269 337 1301 '‘
351 1289 408 1330 nec
418 1267 533 1330 exitum
543 1267 586 1329 rei
599 1267 703 1349 inponi
715 1286 815 1347 posse.
837 1265 897 1336 Qui
908 1264 1010 1343 enim,’
1024 1265 1132 1346 inquit,
1147 1265 1222 1328 ‘aut
1231 1266 1374 1342 honeste,

326 1355 337 1387 ‘
352 1354 459 1416 inclusi
479 1353 630 1415 moenibus
646 1365 678 1414 et
692 1353 805 1436 obsessi
820 1354 937 1431 velatu,
960 1353 1042 1434 leges
1062 1353 1146 1434 pacis
1161 1352 1370 1434 accipiemus?

326 1440 338 1474 ‘
354 1454 406 1503 aut
421 1441 469 1501 cui
482 1453 550 1502 rata
560 1441 620 1501 ista
634 1459 695 1521 pax
710 1439 778 1517 erit,
788 1459 878 1522 quarn
889 1439 955 1502 aine
964 1438 1098 1516 consule,
1114 1459 1175 1500 non
1185 1459 1224 1500 ex
1234 1438 1372 1499 auctori-

327 1526 417 1589 ‘tate
438 1538 571 1605 senatus,
592 1545 655 1588 non
674 1523 782 1607 jussu²¹
803 1525 909 1608 populi
931 1524 1062 1586 Romani
1078 1523 1369 1607 ⁸⁷pepigerimus1?

327 1612 338 1646 ‘
353 1613 461 1683 Quaero
470 1613 552 1674 enim
561 1624 636 1694 pace
648 1622 740 1694 perte
749 1611 842 1689 facta,
847 1611 1036 1673 rediturusne
1048 1612 1201 1694 extemplo
1207 1613 1238 1672 in
1247 1609 1369 1672 ltaliam

328 1701 337 1733 ‘
353 1699 538 1777 ais,classem
547 1698 775 1778 exercitumque
786 1697 988 1759 deducturus?
1001 1718 1041 1758 an
1052 1707 1291 1780 exspectaturus,
1297 1695 1373 1777 quid

329 1786 339 1817 ‘
355 1787 393 1847 de
405 1807 440 1847 ea
452 1807 485 1847 re
494 1785 609 1847 consuli
620 1785 752 1866 placeat,
761 1783 834 1865 quid
844 1795 966 1845 senams
976 1796 1109 1858 censeat,
1119 1794 1173 1846 aut
1182 1784 1312 1868 populus
1319 1783 1373 1864 ju·

328 1872 340 1906 ‘
354 1871 444 1933 beat?
463 1869 569 1933 Restat
579 1891 663 1951 ergo,
671 1881 707 1932 ut
716 1891 838 1931 maneas
848 1871 879 1932 in
890 1869 974 1947 Asia,
986 1881 1018 1931 et
1027 1890 1128 1930 rursus
1138 1871 1170 1930 in
1181 1869 1310 1931 hibema
1317 1891 1372 1931 co-

330 1959 340 1990 ‘
355 1959 412 2039 piae
423 1958 563 2035 reductae,
575 1957 687 2018 omisso
698 1956 788 2034 bello,
801 1957 981 2036 exhauriant
996 1956 1216 2018 commeatibus
1232 1957 1372 2038 praeben-

330 2043 341 2077 ‘
356 2044 403 2105 dis
418 2045 537 2105 socios:
553 2043 664 2104 deinde
682 2040 720 2124 (si
735 2043 780 2104 ita
793 2044 890 2104 visum
912 2043 952 2105 sit
968 2043 1018 2120 iis,
1030 2061 1123 2124 penes
1145 2063 1220 2123 quos
1235 2052 1372 2124 potestas

329 2130 341 2162 ‘
355 2129 457 2208 fauerit)
465 2131 665 2191 instauremus
673 2149 784 2190 novum
794 2127 832 2190 de
843 2129 1083 2210 integrohellum
1091 2147 1103 2188 ε’
1110 2128 1193 2209 quod
1201 2147 1372 2209 possumus,

330 2216 341 2248 ‘
355 2217 380 2277 si
392 2237 430 2278 ex
444 2216 502 2278 hoc
514 2217 621 2298 inpetu
635 2235 735 2277 rerum
746 2215 823 2276 nihil
834 2214 1015 2298 prolatando
1024 2215 1196 2294 remittitur,
1219 2227 1291 2276 ante
1302 2215 1371 2276 hie-

330 2303 341 2335 ‘
356 2323 449 2380 mem,
463 2301 531 2363 Diis
540 2303 723 2380 volentibus,
732 2297 912 2384 perfecisse!
957 2299 1032 2362 Haec
1042 2302 1195 2364 sententia
1205 2301 1289 2379 vicit,
1304 2321 1371 2362 rea·

332 2407 519 2470 ponsumque
527 2387 685 2451 Antiocho
694 2400 752 2466 est,
768 2399 839 2451 ante
854 2387 985 2449 consulis
1000 2386 1163 2449 adventum
1176 2388 1214 2449 de
1229 2407 1304 2470 pace
1321 2388 1384 2468 agi·

332 2496 394 2538 non
410 2475 521 2557 posse(
552 2474 732 2552 Antiochus,
752 2494 828 2556 pace
842 2473 1045 2554 nequidquam
1058 2483 1186 2552 tentata,
1208 2473 1375 2535 evastatis¹

333 2560 512 2622 Elaeensium
528 2561 669 2642 primum,
689 2560 804 2622 deinde
819 2557 1071 2641 Pergamenorum
1094 2559 1185 2642 agris,
1207 2560 1312 2622 relicto
1329 2560 1375 2621 ibi

335 2645 462 2708 Seleuco
486 2645 560 2724 lilio,
586 2647 613 2686 ³⁸
621 2643 854 2730 Adramytteum
877 2646 1029 2707 hostiliter
1048 2646 1157 2708 itinere
1179 2645 1268 2723 laeto,
1289 2647 1375 2728 petit

335 2753 440 2814 agrum
455 2732 646 2814 opulentum,¹
662 2751 752 2812 quem
766 2744 877 2794 meant
896 2731 1050 2807 ⁵⁰'l'hebes
1070 2753 1217 2814 campum,
1232 2733 1375 2793 carmine

335 2817 462 2880 Homeri
471 2817 673 2880 nobilitatum.
682 2839 780 2900 neque
792 2819 852 2881 alio
861 2819 923 2880 ullo
934 2818 1004 2880 loco
1015 2819 1094 2881 Asiae
1105 2816 1199 2901 major
1210 2818 1374 2898 regiismi-

335 2905 437 2966 litibus
446 2916 534 2987 parta
542 2915 588 2966 est
597 2904 709 2988 prada.
729 2903 1374 2989 ⁶⁰FodemAdramytteum,²uturbipraesi-

336 2991 387 3052 dio
399 3001 512 3068 essent,
521 2991 645 3053 navibus
656 2990 1006 3070 circumvecti,AEmilius
1016 3004 1047 3053 et
1055 2991 1204 3053 Eumenes
1214 2997 1382 3052 venerunt·

170 3077 315 3154 acherres·
377 3075 449 3138 XX.
472 3075 529 3140 Per
551 3077 673 3139 eoadem
696 3077 772 3140 forte
796 3078 860 3139 dies
882 3075 995 3138 Elaeam
1019 3097 1057 3138 ex
1071 3076 1190 3138 Achaia
1212 3077 1295 3138 mille
1318 3097 1373 3158 pe-

73 3173 78 3182 '
168 3156 307 3258 {ssffim'
337 3163 414 3226 dites
428 3183 496 3225 cum
519 3175 642 3226 centum
665 3165 827 3247 equitibus,
849 3161 1011 3245 Diophane
1038 3163 1178 3225 omnibus
1204 3164 1252 3224 his
1277 3163 1374 3244 copiis

270 3241 277 3256 ⁸
336 3251 507 3334 preposito,
534 3261 735 3314 accesserunt.
760 3270 835 3334 quos
857 3269 992 3331 egressos
1006 3250 1131 3311 navibus
1153 3249 1273 3311 obviam
1289 3250 1383 3310 nrissi'

336 3340 374 3400 ab
399 3336 506 3398 Attalo
528 3349 619 3398 nocte
643 3335 821 3418 Pergamum
846 3335 1045 3398 deduxerunt.
1098 3333 1242 3398 Veterani
1269 3353 1382 3396 omnes·

367 3451 667 3501 *aelutdehGromCrau
729 3451 1066 3514 ¹mjaau1.tnjmmssaeu.
1126 3455 1292 3516 ’peregerimus
1302 3451 1375 3501 ΟΜ.

336 3526 347 3550 ¹
362 3519 449 3565 meotis
460 3517 532 3564 Gron.
544 3517 614 3567 Crev.
678 3524 690 3550 ⁸
705 3517 872 3580 Mmmytteme
882 3517 927 3565 del.
938 3517 1011 3566 Doer.

336 3647 397 3694 opus,
413 3646 480 3693 quana
496 3630 636 3681 desiderabat
647 3630 750 3694 Sigonius
767 3631 791 3680 iu
807 3631 838 3678 li·
868 3631 925 3694 gatis
936 3630 1015 3680 vitiose
1026 3642 1084 3680 erat.
1379 3683 1384 3690 ,

335 3697 446 3756 belamin,
465 3697 668 3763 eenat'hmlren,
683 3705 709 3745 et
718 3695 781 3746 ilict.
799 3712 837 3745 co·
900 3699 922 3734 θ
939 3696 1016 3746 taeta
1038 3711 1147 3758 carpum,
1170 3697 1265 3744 armine
1285 3691 1377 3744 Hortari

335 3760 388 3809 der.
868 3761 1016 3823 nobilitatem]
1031 3761 1310 3824 Saepemeutiooemlacit
1319 3760 1375 3807 Ho-

367 3827 388 3864 ⁶⁷
405 3823 564 3890 Pepigerious]
581 3825 684 3876 Verbum
702 3827 796 3877 solenne
811 3835 837 3875 et
869 3841 947 3874 merua
966 3827 1063 3876 Thebes
1080 3827 1223 3886 Batinum
1244 3827 1273 3872 ds
1291 3839 1384 3892 campo«

334 3892 451 3956 proprium
468 3893 492 3938 ia
503 3892 546 3938 hac
559 3906 604 3952 re;
622 3891 682 3954 quod
698 3907 768 3954 quum
780 3893 835 3939 Mo-
866 3891 963 3940 Thebes
973 3889 1030 3940 nihil
1039 3892 1116 3948 habet,
1134 3907 1202 3954 quem
1221 3903 1245 3938 et
1261 3901 1311 3954 post
1322 3889 1374 3952 ejus

334 3956 621 4020 duereperiritesteturiu
631 3955 837 4016 MS.Mogontino,
852 3958 960 4005 'demum
981 3968 1083 4019 tempora
1103 3955 1136 4004 sic
1154 3955 1295 4030 nominatam
1321 3959 1384 4002 αι’

333 4032 766 4152 :emrppbffimcrpzpeepppmffi
773 4021 837 4149 beliat:
867 4021 948 4134 iiii&
957 4019 1373 4149 ppevwffl.qplffi.nlppffi

332 4153 435 4215 gerimus.
868 4153 957 4208 arbem,
965 4167 1011 4200 uon
1022 4153 1050 4199 ad
1061 4166 1176 4216 campum.

366 4215 387 4249 ⁵⁰
403 4215 569 4280 rumperem
579 4215 769 4266 haoilitrritinm
776 4215 835 4280 soc·
899 4215 923 4250 ⁶⁰
940 4213 1021 4264 Mem
1028 4215 1206 4280 Adramytteum]
1217 4213 1374 4263 Delenomen

331 4287 363 4334 to,
369 4281 422 4339 petit
431 4278 522 4356 qiam]
538 4281 618 4330 Quam
629 4283 656 4329 ad
668 4282 749 4331 orbern
760 4283 833 4329 Adra·
868 4282 939 4339 urbis,
946 4281 1005 4344 quod
1016 4283 1056 4330 hic
1064 4281 1261 4344 interpretameotl
1268 4279 1320 4328 loco
1331 4281 1375 4326 ad-

330 4356 447 4406 myneum
464 4344 575 4394 hostiliter
590 4347 672 4396 itinere
692 4349 756 4395 facto
773 4347 836 4404 isset,
866 4347 951 4406 ditum,
962 4359 1039 4410 postea
1049 4361 1098 4394 sese
1109 4347 1131 4393 iu
1143 4357 1276 4394 contextum
1292 4345 1374 4410 inepte

331 4410 391 4472 petit
406 4424 486 4470 aprum
510 4411 652 4474 opulentum.
694 4413 836 4460 Mutarimua
866 4413 996 4459 insinuavit.
1027 4411 1084 4461 lllud
1094 4411 1181 4460 omittit
1191 4411 1307 4475 sigonius,
1314 4421 1376 4460 testa

330 4472 401 4538 hujus
411 4473 456 4523 loci
465 4473 684 4540 interpunctionem,
691 4476 836 4540 queinvul·
867 4477 981 4526 lleeroio.
1316 4481 1320 4486 ’
1378 4475 1382 4484 ’
