3068 5186
375 367 434 428 848
754 389 759 405 ι
795 362 879 428 'rm
898 363 1000 424 leu

208 534 352 586 neam.
375 522 450 605 pati.
493 519 613 584 Eadem
627 531 660 582 et
680 519 856 597 Athenaeus,
871 517 1017 582 Eumenis
1043 530 1077 582 et
1097 516 1196 582 Attali
1219 517 1326 594 irater,
1351 535 1422 578 cum

207 599 279 672 hc·
294 602 346 652 ¹⁸⁹·
376 609 512 672 Cretensi
536 606 635 670 Leuso
661 619 693 668 et
717 605 852 688 Corrago
877 605 1050 670 Macedone
1069 606 1164 668 venit.
1190 605 1275 666 mille
1302 602 1421 686 perlitas

375 697 540 758 mixtarum
562 694 698 775 gentium
717 707 750 756 ct
773 703 926 756 trecentos
947 694 1065 774 equites
1087 712 1192 754 secum
1214 691 1419 766 adduxerunt.

376 781 501 858 Consul,
517 781 638 842 tribuno
654 779 784 842 militum
807 780 900 842 misso
915 801 985 842 cnm
1005 779 1127 844 modica
1142 798 1246 858 manu,
1261 776 1421 839 castellum

375 870 405 931 vi
421 879 544 950 captum
554 877 568 906 ¹
591 866 854 928 Alabandensibus
869 867 979 929 reddit.
1002 866 1077 949 ipse,
1091 865 1168 927 nihil
1182 866 1232 927 via
1256 864 1419 946 digressu,

211 951 364 1033 Mmssdfflt
377 956 416 1016 ad
446 953 643 1016 Antiochiam
678 973 767 1034 super
797 951 987 1016 Maeandrum
1024 971 1144 1018 amnem
1174 951 1296 1034 posuit·
1309 960 1418 1012 castra.

214 1018 322 1068 (ἀπ’
376 1039 477 1122 Hujus
503 1039 599 1102 amnis
623 1039 723 1102 sontes
745 1038 873 1102 Celaenis
893 1040 1040 1102 oriuntur.
1084 1037 1210 1100 Celaenae
1232 1037 1306 1100 urbs
1330 1049 1420 1118 caput

309 1121 313 1130 '
376 1127 530 1208 qnondam
545 1125 680 1210 Phrygias
705 1126 772 1190 fuit.
797 1126 959 1208 migratum
982 1125 1054 1188 inde
1074 1125 1155 1188 haud
1178 1123 1286 1208 procul
1311 1123 1419 1184 veteri·

376 1215 431 1280 bus
458 1211 596 1290 Celaenis,
620 1233 762 1294 novaque
787 1214 854 1274 urbi
880 1211 1024 1296 Apameae
1049 1233 1161 1274 nomen
1186 1211 1319 1273 inditum
1341 1209 1418 1270 “nh

212 1299 317 1376 ΜΨ·
376 1301 527 1383 Apamea,
553 1321 655 1362 sorore
683 1299 802 1362 Seleuci
818 1299 906 1381 regis.
967 1297 1009 1360 Et
1037 1297 1175 1383 Marsyas
1205 1297 1316 1374 amnis,
1336 1295 1421 1358 haud

211 1378 290 1414 amns.
377 1386 483 1470 procul
513 1407 533 1448 a
562 1384 712 1448 Maeandri
743 1386 876 1448 sontibus
906 1386 1017 1463 oriens,
1047 1387 1079 1450 in
1105 1383 1299 1447 Maeandrum
1327 1381 1421 1446 eadit

103 1465 109 1478 ’
336 1526 341 1534 .
377 1473 530 1555 Famaque
544 1472 589 1534 ita
604 1485 697 1550 tenet,
718 1471 845 1535 Celaenis
861 1471 1016 1556 Marsyam
1032 1493 1100 1534 cum
1115 1471 1259 1554 Apolline
1275 1469 1417 1532 tibiarum

378 1553 470 1622 ciantu
486 1573 626 1624 certasse.
648 1557 814 1637 Maeander,
829 1581 867 1622 ex
889 1581 959 1622 arce
974 1580 1094 1622 summa
1115 1557 1305 1622 Celaenarum
1326 1567 1419 1634 ortu,
1530 1625 1531 1636 χ

377 1646 481 1708 media
503 1648 577 1708 urbe
592 1648 762 1724 decurrens,
789 1667 843 1728 per
866 1645 960 1708 Caras
974 1647 1117 1730 primum,
1141 1645 1251 1709 deinde
1267 1643 1370 1722 lonas,
1389 1643 1418 1704 in

323 1736 328 1745 '
378 1735 476 1796 sinum
492 1732 584 1794 maris
599 1733 709 1810 editur,
725 1733 775 1813 qui
791 1733 870 1795 inter
885 1732 1036 1796 Prieneny
1058 1745 1090 1795 et
1104 1729 1248 1794 Miletum
1272 1742 1330 1793 eet.
1371 1729 1418 1792 Ad

377 1820 575 1883 Antiochiam
600 1820 631 1880 in
658 1831 757 1880 castra
781 1819 911 1882 consulis
926 1817 1081 1898 Seleucus,
1103 1818 1248 1880 Antiochi
1268 1817 1360 1896 lilius,
1381 1836 1417 1878 ss

378 1907 492 1970 foedere
507 1907 569 1968 icto
584 1926 654 1967 cum
680 1903 833 1989 Scipione,
848 1907 889 1968 ad
909 1906 1097 1969 frumentum
1120 1905 1266 1968 exercitui
1283 1904 1417 1966 dandum

377 1993 470 2055 venit.
516 1991 610 2054 Parva
633 1992 815 2075 disceptatio
845 1992 883 2054 de
911 1993 1007 2055 Attali
1032 1992 1228 2054 auxiliaribus
1254 2001 1324 2052 orta
1348 2002 1394 2052 est
1406 2011 1416 2066 ς

378 2080 473 2160 quod,
498 2078 638 2142 Romano
653 2090 772 2142 tanturn
797 2078 898 2156 militi,
913 2090 1035 2160 pactum
1056 2079 1256 2155 Antiochum,
1280 2089 1314 2139 ut
1329 2077 1416 2138 dare-

378 2177 428 2230 tur
453 2165 648 2245 frumentum,
673 2162 817 2228 Seleucus
844 2165 975 2228 dicebat.
1028 2163 1211 2228 “Discussa
1232 2185 1271 2227 ea
1297 2183 1421 2246 qnoque

378 2265 438 2315 est·
451 2253 625 2315 constantia
653 2253 795 2331 consulis,
822 2252 873 2334 qui
898 2255 925 2292 ⁴⁵
940 2251 1064 2315 dimisso
1093 2254 1214 2315 tribuno
1246 2250 1353 2328 edixit,
1377 2271 1416 2312 ne

377 2338 510 2402 Romani
535 2339 646 2402 milites
672 2340 855 2421 acciperent,
878 2339 1052 2422 priusquam
1076 2338 1172 2401 Attali
1197 2338 1312 2400 auxilia
1332 2357 1418 2398 acce·

378 2427 504 2508 pissent
550 2423 625 2488 lnde
652 2426 692 2487 ad
715 2430 741 2466 ⁴⁸
751 2424 976 2504 Gordiutichos,
998 2425 1081 2507 quod
1102 2438 1222 2503 vocant,
1245 2436 1418 2508 processum

379 2522 435 2573 est.
450 2533 489 2574 ex
504 2532 542 2573 eo
564 2512 632 2574 loco
647 2512 687 2572 ad
701 2510 803 2574 Tabas
819 2513 916 2575 tertiis
931 2514 1036 2574 castris
1051 2527 1237 2597 perventum.
1262 2512 1294 2574 in
1310 2511 1420 2572 finibus

376 2596 549 2660 Pisidarum
572 2598 674 2681 posita
695 2611 742 2661 est
757 2601 837 2674 urbs,
861 2600 893 2660 in
908 2605 945 2661 ea
958 2611 1053 2682 parte,
1077 2619 1142 2680 quae
1156 2599 1249 2682 vergit
1264 2597 1304 2660 ad
1327 2595 1419 2659 Parn-

378 2683 516 2766 phylium
532 2704 626 2744 mare.
669 2689 694 2730 ⁴⁷
719 2683 848 2767 Integris
871 2686 984 2748 viribus
998 2686 1128 2768 regionis
1151 2685 1221 2768 ejus,
1237 2685 1352 2746 feroces
1374 2683 1418 2744 sd

377 2769 555 2831 bellandum
576 2769 707 2832 habebat
720 2771 810 2834 viros.
853 2769 933 2834 Turn
956 2793 1074 2856 quoque
1100 2774 1220 2854 equites,
1246 2771 1277 2832 in
1300 2789 1415 2852 agmen

379 2854 551 2918 Romanum
567 2857 727 2938 eruptione
752 2858 844 2936 facta,
869 2858 953 2921 haud
966 2860 1086 2921 modice
1111 2860 1204 2943 primo
1218 2858 1321 2940 inpetu
1344 2869 1417 2920 tur-

303 2973 309 2984 ·
379 2943 504 3004 bevere:
529 2943 649 3020 deinde,
659 2956 693 3006 nt
708 2944 859 3027 adparuit,
872 2966 928 3007 nec
944 2967 1070 3008 numero
1084 2968 1131 3026 se,
1140 2967 1193 3008 nec
1206 2945 1316 3006 virtute
1327 2963 1419 3024 pares

380 3050 457 3106 esse,
478 3029 510 3090 in
533 3031 638 3091 urbem
665 3032 825 3114 compulsi,
850 3033 969 3094 veniam
995 3033 1103 3094 erroris
1125 3033 1279 3117 petebant,
1305 3029 1418 3092 dedere
1463 3035 1465 3040 '

379 3117 485 3178 urbem
499 3115 609 3198 parati.
635 3118 661 3154 ⁴⁸
673 3119 806 3199 quinque
821 3131 853 3181 et
873 3120 978 3201 viginti
994 3119 1110 3182 talenta
1133 3119 1261 3200 argenti,
1276 3129 1309 3178 et
1325 3119 1352 3156 ⁴⁹
1365 3115 1418 3178 de-

380 3202 555 3302 cemnmillia
570 3203 758 3266 medimnum
774 3206 866 3281 tritici
888 3206 1046 3290 imperata.
1062 3207 1104 3269 ita
1118 3207 1149 3268 in
1165 3205 1351 3268 deditionem
1367 3223 1419 3265 ac·

379 3311 415 3352 ce
438 3301 471 3352 ιι.
603 3309 606 3316 ·

391 3310 508 3438 ·¹l(1V.
539 3375 644 3440 Tertio
674 3378 744 3440 inde
770 3377 819 3441 die
848 3379 888 3442 ad
918 3379 1037 3444 Chaum
1068 3401 1188 3442 amarem
1204 3390 1417 3461 ‚perventumr

379 3462 451 3524 inde
475 3462 603 3544 profecti
626 3463 747 3527 Erizam
774 3467 877 3528 urbem
902 3469 1001 3550 primo
1030 3468 1134 3549 inpetu
1159 3475 1315 3548 ceperunt.
1368 3461 1417 3525 Ad

373 3545 558 3611 ‚Thabusion
582 3551 751 3629 castellum,
778 3553 927 3616 inminens
952 3554 1066 3617 flumini
1092 3551 1179 3632 Indo,
1202 3563 1328 3614 ventum
1351 3561 1417 3626 est3

603 3677 818 3737 *rmpraacrea
896 3695 901 3706 ·
982 3675 1106 3726 sPrs'aaera
1118 3677 1191 3725 Groa.

411 3777 433 3813 ⁴³
454 3778 488 3827 Ab
507 3775 603 3841 Apamea
622 3795 692 3828 rorare
712 3779 807 3846 Seleuci]
834 3785 885 3832 lruo
916 3787 986 3844 mim,
995 3785 1056 3898 quod
1066 3784 1134 3832 hahet
1144 3783 1208 3832 vra.
1218 3783 1285 3832 liber.

379 3859 450 3894 ruore
460 3843 562 3905 Seleuci,
572 3845 618 3893 filis
628 3846 741 3904 Artabazi,
751 3859 823 3896 matre
834 3839 883 3899 A'n·
946 3847 969 3881 ⁴⁶
1018 3850 1158 3910 ordinta'cher,
1184 3850 1239 3912 qnod
1265 3827 1421 3908 meanis&

379 3910 450 3958 tiochi
469 3910 562 3966 Soteris,
579 3912 730 3974 quicnnditor
747 3913 807 3961 urbis
822 3916 884 3978 Apa·
916 3916 1044 3964 emendavit
1067 3914 1201 3963 &mosius
1244 3913 1310 3961 Prius
1329 3910 1421 3971 legeba-

379 3977 500 4058 merqsuit.
533 3975 822 4036 Hoectestaturstrabo,l.
835 3993 884 4029 xit.
916 3991 964 4038 tur,
988 3997 1047 4060 quoq
1061 3988 1156 4056 tractant:⁸
1177 3977 1244 4028 male.
1288 3978 1331 4026 Est
1356 3975 1421 4052 eniqa

378 4055 402 4104 P·
412 4043 553 4154 Z‘ilrcusa
570 4123 595 4155 ea
614 4125 695 4171 qncqna
711 4119 745 4170 ¹est
765 4112 885 4158 ωηιιαιιιὶα
916 4040 1423 4175 Γοςῗδίῗιῑιὲεξῗιςύἵίἷῒιῖοὸἱιῗὲἱῃζευζῆιΐὲ

380 4170 482 4245 enneadis]
498 4169 577 4225 Quurn
594 4173 622 4221 'de
639 4173 701 4222 nulla
711 4175 753 4224 alia
772 4175 883 4240 discepta-
915 4185 985 4234 tegare
996 4174 1055 4224 vires
1067 4187 1149 4224 ειεειιι.

380 4245 445 4310 arpne
456 4237 543 4284 mentio
553 4239 658 4303 superius
672 4240 733 4289 facta
744 4242 782 4298 sit,
792 4255 837 4288 nou
849 4252 885 4290 est
947 4239 970 4272 ⁴⁸
988 4237 1089 4304 Quinque
1105 4250 1126 4288 et
1143 4241 1222 4304 viginti
1242 4237 1336 4300 talenta]
1354 4235 1423 4286 Mat·

379 4299 420 4346 hac
436 4299 499 4350 locus
514 4304 630 4367 paniculae
642 4321 730 4368 quoqne.
763 4307 843 4370 ltaque
857 4322 885 4355 ea
917 4305 1056 4366 caeargenri
1077 4308 1353 4356 concatenatarum
1377 4317 1424 4350 nu·

380 4377 420 4410 aut
431 4365 560 4427 recidenda,
568 4381 606 4417 aut
616 4370 755 4419 immutanda
766 4383 810 4420 est.
917 4371 959 4420 ciis
970 4371 993 4418 6.

413 4428 436 4461 ⁴⁵
452 4427 545 4485 Dimisso
564 4435 661 4498 tribuno]
684 4435 728 4485 Per
744 4436 844 4498 legiones
859 4447 885 4486 et
949 4435 970 4469 ⁴⁹
985 4433 1064 4485 Decem
1083 4439 1153 4486 millia
1174 4433 1318 4498 medianda]
1347 4432 1424 4483 Medii

380 4509 472 4560 corpure
483 4497 605 4550 exercitus.
637 4500 713 4564 Magia
722 4513 799 4553 tamen
810 4503 885 4568 phcet
917 4500 1014 4552 Romani
1023 4503 1109 4554 60000.
1119 4513 1231 4554 notuerat
1240 4503 1328 4553 40250.
1450 4549 1461 4571 ,
