3044 5194
372 375 411 430 62
696 369 711 422 .“
775 365 858 428 ΤΙΤῙ
877 367 980 427 mvn

204 531 276 582 ωε.
288 537 345 586 554.
369 524 500 586 insalum
515 523 678 586 adsecutus
693 532 782 600 esset,
799 522 924 586 dimisso
944 519 978 584 ll.
994 519 1135 604 Apustio,
1155 523 1203 584 coi
1219 521 1412 603 successerat,

203 599 232 648 Α
245 599 274 648 ⁰·
287 601 339 649 ¹⁹⁰·
369 611 457 673 terde
471 610 596 672 indeed
609 608 756 686 Maleam,
771 609 928 670 trahendis
940 609 1117 691 plerumque
1133 609 1267 671 remulco
1280 612 1414 688 novibus,

212 766 216 776 ,
369 718 435 781 quae
450 717 518 758 eum
535 707 708 758 commeatu
731 694 945 775 sequebantur,
967 697 1113 776 pervenit.
1156 694 1313 775 Alllelea,
1325 696 1414 778 jussls

298 833 301 842 .
370 785 488 861 ceteriS,
504 793 649 866 quantum
665 783 799 842 menime
815 794 940 862 possent
955 785 981 820 ⁶⁴
992 793 1155 859 maturate,
1171 783 1266 862 sequi,
1283 783 1348 866 ipse
1361 783 1413 844 tri·

369 872 425 931 bus
440 869 705 952 quinqueremibus
726 867 878 948 expeditis
903 867 1082 930 ⁶⁵Pireeum
1102 869 1258 950 precepit,
1280 871 1414 952 accepit·

369 977 428 1037 que
442 977 533 1017 neres
548 957 590 1016 ibi
606 955 726 1015 relictas
747 955 785 1014 ab
807 951 843 1015 1..
857 952 989 1034 Apustio
1004 954 1108 1035 legato
1123 956 1164 1016 ed
1182 955 1355 1036 praesidiurn
1371 954 1413 1017 A·

204 1062 288 1110 classis
301 1061 345 1109 As.
369 1045 540 1104 thenerunr.
583 1039 701 1102 Eodem
723 1049 860 1122 ternpore
883 1039 949 1102 dure
968 1061 1008 1102 ex
1030 1041 1106 1103 Asia
1128 1042 1239 1103 classes
1259 1042 1413 1124 profecte,

203 1127 243 1204 ¹3¹¹
255 1139 279 1174 et
294 1126 356 1174 Rh0·
370 1133 396 1170 θ’
411 1149 473 1188 une
487 1147 563 1189 cum
586 1125 694 1188 rlttelo
716 1147 805 1208 rege3
833 1125 888 1206 (eoe
909 1139 1039 1208 quotuor
1063 1139 1096 1190 et
1109 1127 1216 1209 viginti
1233 1130 1414 1210 quinquere-

202 1194 301 1242 ⁶¹⁰¹¹¹¹¹¹'
330 1261 333 1268 .
368 1235 432 1278 rnes
456 1213 555 1294 erent)
581 1211 706 1274 Rhodie
732 1213 839 1290 altere,
865 1213 974 1294 viginti
999 1213 1307 1276 naviumtecterum:
1331 1214 1413 1296 Age

368 1302 530 1363 simbrotus
551 1311 689 1382 preerat.
734 1297 792 1360 Hee
812 1300 894 1362 circe
906 1299 1045 1361 Andrum
1061 1299 1191 1361 insulem
1207 1301 1319 1363 classes
1336 1321 1409 1364 con·

364 1386 478 1468 junctae
502 1385 663 1464 Euhoeam,
688 1385 761 1446 inde
783 1385 893 1466 exiguo
919 1387 1083 1448 distantem
1105 1386 1195 1464 freto,
1219 1385 1415 1468 trajecerunt.

368 1473 573 1556 Carystiorum
601 1471 732 1554 primurn
759 1491 848 1552 egros
871 1482 1048 1535 vastarunt:
1075 1473 1196 1549 deinde,
1221 1475 1273 1534 ubi
1302 1473 1411 1557 Carys-

368 1571 426 1637 tus,
456 1559 594 1640 praesidio
621 1579 639 1619 a
666 1555 813 1619 Chalcide
834 1559 945 1640 raptim
970 1559 1073 1636 misso,
1095 1559 1184 1620 lirina
1205 1561 1270 1621 vise
1295 1575 1353 1639 est,
1375 1561 1413 1622 ed

367 1645 518 1724 Eretriam
543 1654 742 1706 accesserunt.
786 1643 904 1706 Eodem
928 1656 960 1707 et
983 1638 1019 1707 L.
1035 1645 1196 1716 Quinctius
1212 1666 1281 1708 cunr
1298 1647 1335 1708 iis
1358 1667 1411 1708 ns·

367 1733 463 1809 ribus,
479 1751 544 1812 qure
568 1729 671 1792 Piraeei
693 1731 823 1810 fueraut,
847 1730 944 1793 Attali
967 1732 1046 1813 regis
1067 1734 1198 1794 adventu
1221 1733 1340 1812 ειιάἱῑο,
1363 1751 1412 1794 re·

369 1819 425 1897 nit,
441 1817 632 1900 ⁶⁷jussitque,
654 1829 700 1894 ut,
723 1839 788 1900 quoe
812 1839 850 1880 ex
870 1839 925 1880 sue
948 1819 1212 1881 olesserenissent
1226 1839 1328 1898 naues,
1350 1817 1410 1881 Eu·

203 1894 345 1975 Erlrrnot-
369 1905 469 1966 boeam
494 1915 642 1986 peterent.
685 1901 805 1966 Eretria
827 1905 993 1966 summani
1018 1905 1260 1988 obpugnebetur.
1287 1925 1359 1967 narn
1383 1917 1415 1968 et

201 2005 309 2057 pugnarn.
369 1991 460 2052 trium
485 1990 661 2074 junctorum
691 1990 832 2052 classium
861 2011 955 2052 neves
985 1991 1085 2052 omnis
1114 1992 1234 2072 generis
1261 2003 1413 2054 tormenta

370 2078 584 2159 machinasque
610 2077 650 2138 ad
678 2077 797 2138 urbium
821 2077 1069 2138 excidiueecum
1094 2079 1270 2160 portabunt,
1293 2089 1325 2141 et
1350 2079 1411 2160 egri

259 2179 276 2216 ·.
369 2163 495 2226 adfatim
511 2163 644 2225 materie
659 2164 833 2245 prebebant
846 2163 886 2224 ed
901 2180 980 2225 nove
998 2165 1152 2226 molienda
1166 2185 1270 2248 opere
1315 2164 1412 2248 Oppi·

369 2251 440 2312 dani
467 2252 566 2334 primo
597 2250 679 2312 haud
707 2250 826 2330 inpigre
851 2250 1014 2312 urebantur
1040 2251 1173 2313 moeniae
1206 2252 1317 2313 deinde
1343 2249 1413 2313 lessi

367 2337 575 2418 uulneratique
597 2335 723 2416 aliquot,
739 2357 832 2416 quum
858 2348 891 2397 et
915 2337 994 2398 muri
1016 2349 1135 2418 purtem
1155 2357 1288 2400 eversum
1312 2336 1412 2420 operi-

368 2425 425 2484 bus
443 2423 578 2484 hostium
594 2429 763 2500 cernerent,
787 2422 826 2482 erl
841 2422 1031 2486 deditionem
1054 2423 1248 2486 inclinarunt.
1270 2425 1325 2486 sed
1340 2443 1416 2506 pre·

370 2509 482 2569 sidium
503 2519 569 2570 erat
590 2505 808 2586 llleeerlonum,
824 2527 900 2589 quos
919 2529 980 2570 non
1003 2511 1115 2588 minus,
1131 2531 1221 2591 quern
1246 2509 1412 2586 Romanos,

369 2593 565 2668 metuebant3
588 2604 620 2655 et
643 2592 793 2656 Philocles
814 2595 914 2675 regius
936 2595 1094 2678 preelectus
1117 2616 1137 2657 e
1162 2595 1305 2658 Chalcide
1333 2615 1413 2656 nun-

371 2680 435 2741 cios
455 2681 607 2758 nrittebet,
623 2701 656 2741 se
671 2679 703 2741 in
718 2691 856 2762 tempore
872 2681 1057 2762 adfuturum,
1078 2684 1105 2743 'si
1125 2683 1305 2744 sustinerent
1326 2681 1412 2742 obsi-

371 2766 504 2828 dionem.
558 2764 632 2828 an
659 2767 756 2828 mixtu
781 2777 864 2830 metu
890 2787 958 2848 spes
980 2769 1070 2846 ultra,
1100 2789 1190 2851 quem
1214 2767 1335 2846 vellent,
1359 2779 1413 2828 eut

371 2873 462 2934 quum
487 2865 624 2934 possent,
650 2854 771 2916 trahere
796 2874 851 2916 eos
870 2866 990 2936 ternpus
1015 2855 1157 2937 cogebat.
1180 2854 1301 2932 deinde,
1326 2867 1413 2937 poet-

238 2953 243 2962 ’
371 2959 463 3019 quern
486 2937 653 3002 Philoclem
673 2939 825 3022 repulsum
848 2940 1112 3024 trepidantemque
1128 2941 1273 3023 refugisse
1288 2939 1413 3002 Chalci-

371 3026 442 3088 dern
473 3039 669 3107 acceperunt,
698 3035 833 3089 oratores
863 3027 1018 3110 extemplo
1048 3029 1087 3090 ed
1116 3028 1265 3104 Attalum,
1293 3027 1412 3089 renium

370 3109 525 3192 fidemque
553 3111 617 3194 ejus
648 3124 798 3194 petentes,
832 3113 989 3176 miseruut.
1043 3113 1127 3176 Dnrn
1157 3116 1189 3176 in
1215 3116 1301 3197 spem
1331 3113 1415 3196 pacis

371 3197 618 3280 hrtemisegnius
634 3219 762 3264 munere
772 3197 848 3260 belli
869 3201 994 3278 ώοηηι,
1020 3212 1061 3262 οῖ’
1076 3221 1114 3261 ee
1127 3201 1221 3264 modo
1241 3213 1339 3282 perte,
1355 3219 1414 3281 qun

370 3303 473 3348 murus
490 3285 605 3346 dirutus
628 3297 704 3363 eret,
732 3286 840 3349 ceteris
862 3286 1021 3366 neglectis,
1048 3287 1196 3352 stationes
1211 3299 1345 3350 armates
1360 3287 1414 3347 ob·

370 3374 510 3452 ponunt3
535 3371 704 3448 Quinctius,
729 3383 822 3434 noctu
838 3372 876 3432 eb
897 3393 934 3434 ee
958 3384 1055 3458 parte,
1071 3392 1136 3454 quee
1151 3374 1276 3436 minime
1292 3393 1413 3456 suspec-

371 3466 404 3544 ta
432 3467 509 3536 eret,
538 3457 644 3538 inpetu
671 3455 764 3534 lecto,
799 3457 888 3521 scalis
917 3455 1022 3524 urbem
1052 3459 1144 3544 cepit.
1180 3457 1412 3543 Oppidenorurn

371 3543 469 3605 omnis
494 3541 656 3603 multitudo
672 3563 741 3603 eum
757 3541 936 3624 conjugibus
962 3567 999 3611 ae
1018 3545 1121 3608 liberis
1134 3547 1166 3609 in
1181 3567 1284 3614 urcem
1305 3544 1413 3608 corilu-

371 3629 435 3709 git=
458 3628 570 3690 deinde
593 3628 624 3689 in
648 3628 834 3690 deditionem
860 3631 953 3694 venit.
998 3629 1136 3693 Pecuniae
1159 3633 1282 3718 quemue
1309 3645 1341 3694 et
1367 3651 1413 3692 er-

371 3715 456 3795 genti
482 3715 563 3786 haud
587 3735 659 3786 enne
686 3715 814 3778 multum
838 3715 917 3778 fuitr
941 3718 1039 3800 signa,
1065 3718 1174 3782 tabule
1196 3719 1303 3808 priscae
1329 3717 1415 3796 artis,

391 3835 424 3874 '⁶⁴
442 3841 557 3890 Materne
576 3840 648 3904 rrqns']
675 3841 753 3901 Mrgis
776 3841 877 3905 placeret
910 3842 1275 3908 morellcreenorjurnreelue.
1308 3843 1413 3892 virleu·

369 3916 483 3954 murore
504 3909 572 3969 requi,
596 3909 656 3969 quod
683 3907 769 3954 hebent
790 3908 877 3969 ruriqui
909 3911 1016 3970 pnes.
1063 3951 1073 3957 .

370 3973 435 4028 editi,
459 3979 520 4020 terte
542 3970 658 4022 Gronovio
685 3973 709 4022 ils
734 3983 789 4020 nora
809 3974 837 4019 erl
857 3973 875 4019 l.
939 3971 961 4009 Μ
983 3970 1095 4036 Junitqne
1115 3971 1154 4035 ut]
1187 3973 1298 4022 Notaede
1323 3969 1416 4020 lucerio.

370 4049 468 4086 xxxix.
480 4054 501 4087 e.
513 4041 552 4086 45.
907 4036 985 4085 Verbo
1012 4039 1074 4085 enirn
1093 4037 1180 4098 jutm'
1199 4037 1344 4101 subjungitur
1366 4039 1414 4084 fere

375 4107 379 4117 '
401 4099 451 4134 θ’
465 4099 573 4149 Pirururn
590 4098 702 4164 pmcepir]
726 4101 875 4149 Antecedeus
908 4101 1004 4150 verbum
1024 4104 1107 4150 infiniti
1126 4104 1194 4153 morli.
1227 4103 1325 4163 *Magn
1343 4114 1369 4150 et
1387 4099 1415 4146 erl

369 4165 818 4290 “¹22⁰tt..‘¹tt¹r..lttssl¹‘ssttb
835 4229 865 4278 n
909 4167 1414 4294 tlttfflffithlhtnb‘htt

370 4293 488 4340 riusinsrn
506 4297 577 4343 obl.
594 4294 732 4342 Antiochum
751 4297 877 4354 legatorum
911 4300 930 4344 ei
957 4297 1063 4357 legeres:
1083 4301 1202 4360 justique,
1229 4305 1256 4346 ut
1279 4311 1372 4359 queque
1391 4309 1416 4342 er

371 4359 526 4405 llomrnoruro
552 4361 686 4408 auctoritare
708 4371 807 4419 morum,
828 4362 874 4409 At·
907 4377 947 4408 niu
962 4363 1028 4410 clerte
1044 4365 1151 4412 serment
1169 4377 1241 4428 muer,
1257 4361 1360 4410 Erebeum
1377 4375 1415 4421 pe·

371 4424 411 4470 tali
422 4423 503 4470 finibus
520 4423 645 4471 exercitum
661 4425 787 4472 deduxisse.
822 4425 874 4474 troc
907 4434 958 4475 tere·

370 4488 446 4553 ireque
464 4499 527 4538 metu
548 4487 606 4539 liber
628 4489 720 4538 Attrlur
738 4491 813 4554 potuit
834 4507 875 4554 pro
914 4515 916 4522 ·
