3100 5194
290 499 295 512 ,
399 433 477 493 tra.
492 435 608 492 xxm.
632 433 713 493 cnr.
728 433 888 495 xxxru.
1122 443 1160 497 ss

3 637 4 648 ,
103 585 276 667 petendum
301 599 428 649 armato.
481 585 552 649 Non
575 591 670 650 tulere
695 590 798 672 itaque
824 583 1073 670 dimicationem
1098 614 1155 656 nec
1172 567 1314 664 U.¹c.552.

3 685 4 716 ³
103 673 169 734 alia
185 685 336 756 re‚'quam
351 674 523 751 velocitate,
535 686 669 736 tutantes
686 697 728 754 se,
744 677 775 736 in
790 687 889 738 castra
905 678 1090 760 refugerunt.
1171 678 1203 726 A.
1216 679 1245 728 C·
1255 680 1311 728 2⁰⁰·

119 758 302 821 ’‘XXXVl.
326 758 399 822 Uno
414 761 524 822 deinde
545 762 716 823 intermisso
739 762 798 840 die,
818 784 910 843 quum
934 767 1074 827 omnibus
1101 789 1157 828 co-

103 847 165 926 piis
181 847 475 928 equitum'levisque
498 844 657 909 armaturae
681 861 868 930 pugnaturus
888 871 942 910 rex
958 863 1047 930 esset,
1064 865 1155 915 nocte

104 936 135 970 ⁴¹²
146 942 300 1010 caetratos,
316 954 390 1014 quos
414 934 558 1016 peltastas
581 946 701 1012 vocant,
717 935 787 996 loco
803 949 974 1018 opportuno
990 937 1069 1000 inter
1083 940 1157 1002 bina

104 1029 210 1078 castra
230 1021 261 1079 in
282 1020 399 1080 insidiis
424 1019 602 1094 abdiderat3
628 1033 870 1104 praeceperatque
893 1021 1097 1106 Athenagorae
1124 1037 1156 1086 et

105 1104 273 1185 equitibus,
289 1117 333 1182 ut,
348 1105 373 1166 si
390 1117 496 1188 aperto
516 1107 624 1188 proelio
646 1107 825 1191 procederet
846 1130 902 1187 res,
921 1120 1075 1172 uterentur
1090 1111 1154 1172 for·
1290 1171 1293 1179 ,

106 1201 204 1252 tuna:
232 1191 256 1251 si
281 1193 389 1270 minus,
412 1191 549 1254 cedendo
571 1196 682 1255 sensim
706 1194 746 1254 ad
768 1193 945 1257 insidiarum
968 1195 1067 1258 locum
1083 1199 1323 1272 h05·1nsrdtael³hi-

105 1289 171 1337 tem
188 1279 409 1359 pertraherent.
454 1276 495 1340 Et
519 1281 670 1360 equitatus
693 1279 814 1360 quidem
840 1283 951 1342 cessit:
984 1283 1076 1344 duces
1098 1306 1156 1346 cae-
1168 1289 1223 1352 lippi
1232 1289 1312 1340 irata.

105 1373 194 1424 tratre
210 1363 357 1442 cohortis,
382 1385 444 1425 nou
468 1364 541 1426 satis
567 1376 742 1448 exspectato
757 1366 856 1448 signo,
877 1381 948 1429 ante
965 1379 1085 1451 tempus
1101 1392 1155 1432 ex·

106 1449 212 1511 citatis
237 1451 310 1528 suis,
333 1451 526 1512 occasionem
548 1453 625 1512 bene
647 1451 785 1532 gerendae
800 1451 843 1512 rei
860 1454 996 1514 amisere.
1041 1454 1156 1516 Rorna-

106 1555 175 1614 nus,
191 1547 224 1598 ct
240 1545 347 1618 aperto
360 1537 469 1619 pruelio
481 1538 587 1616 victor,
600 1547 635 1618 ¹et
650 1548 731 1599 tutus
747 1559 766 1598 a
780 1538 886 1600 fraude
913 1539 1101 1618 insidiarum,
1124 1543 1155 1602 in

105 1633 209 1682 eastra
229 1645 293 1684 sese
314 1625 438 1706 recepit.
488 1622 613 1684 Postero
636 1624 686 1684 (lie
708 1616 848 1686 omnibus
873 1626 969 1707 copiis
993 1628 1097 1688 consul
1125 1627 1155 1688 in

106 1708 207 1769 aciem
230 1708 397 1786 descendit,
421 1719 491 1770 ante
515 1710 614 1792 prima
635 1711 721 1791 signa
744 1711 851 1772 locatis
877 1712 1064 1794 elephantis:
1096 1734 1156 1796 quo

107 1795 224 1855 auxilio
240 1807 304 1856 tum
321 1795 450 1876 primum
466 1795 608 1872 Romani,
631 1797 702 1877 quia
725 1807 831 1878 captos
856 1798 972 1879 aliquot
993 1799 1073 1860 bello
1095 1797 1155 1860 Pu·
1167 1812 1230 1863 Tum
1241 1819 1289 1881 prr.

105 1881 179 1941 nico
196 1881 361 1960 habebant,
376 1883 422 1943 usi
442 1895 522 1944 sunt.
567 1879 629 1943 Ubi
650 1884 797 1944 latentem
819 1884 898 1944 intra
917 1882 1028 1945 vallum
1052 1887 1156 1964 sensit,
1170 1896 1233 1928 mum
1244 1885 1282 1963 unt

107 1969 295 2049 exprobrans
332 1980 448 2029 metum
485 1970 641 2030 subcessit.
685 1968 849 2050 Postquam
876 1991 915 2030 ne
944 1981 1009 2031 tum
1033 1971 1156 2052 quidem
1169 1945 1296 2058 {aphamia

105 2063 247 2134 potestas
274 2054 429 2135 pugnandi
454 2054 591 2133 dabatur,
615 2055 687 2136 quia
709 2076 748 2116 ex
767 2067 830 2116 tarn
846 2057 1024 2138 propinquis
1039 2051 1157 2119 stativis

105 2158 216 2221 parum
249 2153 318 2202 tuta
333 2138 542 2203 *frumentatio
571 2154 646 2219 erat,
670 2141 821 2224 dispersos
843 2142 953 2202 milites
984 2163 1038 2222 per
1067 2164 1157 2224 agros

107 2227 262 2306 equitibus
285 2227 439 2308 extemplo
463 2227 608 2288 invasuris
618 2249 628 2304 3
652 2239 724 2289 octo
743 2227 837 2288 ferme
853 2227 923 2288 iude
939 2227 1044 2306 millia,
1060 2229 1156 2290 inter-

88 2313 186 2373 ·rallo
198 2323 213 2350 '¹
240 2313 385 2374 tutiorem
407 2314 674 2375 frumentationem
698 2313 867 2390 habiturus,
882 2324 981 2374 castra
997 2313 1037 2374 ad
1058 2313 1156 2375 Octo·
1170 2334 1286 2382 caenae

106 2397 234 2480 lophum
265 2399 378 2479 (idest
402 2399 470 2460 loco
497 2400 622 2479 nomen)
648 2401 754 2461 mouit.
798 2398 899 2468 Quum
927 2399 958 2460 in
985 2400 1156 2482 propinquo
1168 2396 1266 2447 octoto-

3 2505 4 2508 ’
105 2505 186 2565 agro
209 2485 464 2548 frumentarentur
489 2485 632 2564 Romani,
655 2486 753 2567 primo
780 2506 833 2546 rex
859 2485 941 2546 intra
959 2486 1070 2546 vallum
1086 2508 1155 2548 suos
1166 2461 1238 2576 {ff
1249 2477 1301 2512 ‘¹¹⁰‘

107 2571 221 2649 tenuit,
237 2583 270 2634 ut
285 2583 436 2633 cresceret
450 2572 538 2633 simul
554 2585 586 2633 et
599 2571 793 2652 neglegentia
814 2593 884 2632 cum
909 2571 1038 2633 audacia
1061 2573 1154 2636 hosti.

105 2654 169 2719 Ubi
198 2658 311 2719 effusos
332 2657 419 2736 vidit,
443 2659 618 2720 cum‘omni
641 2659 777 2738 equitatu
801 2669 832 2719 et
855 2655 1044 2719 Cretensium
1068 2660 1157 2720 auxi

105 2742 241 2822 liaribus,
264 2755 412 2825 quantum
438 2746 572 2825 equitem
598 2743 777 2806 velocissimi
800 2744 918 2828 pedites
935 2765 1023 2806 cursu
1038 2765 1156 2826 aequare

104 2841 260 2911 poterant,
284 2831 380 2894 citato
402 2831 556 2914 profectus
581 2831 713 2912 agmine,
735 2831 815 2893 inter
836 2843 936 2892 castra
959 2829 1101 2892 Romana
1125 2844 1157 2893 et

105 2916 342 2980 frumentatores
377 2917 537 2980 constituit
574 2918 669 3000 signa.
721 2914 807 2994 lude,
831 2917 926 3000 copiis
949 2917 1061 2995 divisis,
1084 2937 1155 2998 par-

104 3015 168 3064 tem
185 3004 224 3064 ad
239 3004 459 3066 consectandos
474 3023 567 3085 vagos
587 2999 823 3065 frumentatores
840 3004 952 3081 emisit,
968 3003 1041 3064 dato
1057 3002 1155 3084 signo,

106 3109 259 3170 nequem
281 3090 381 3150 vivum
405 3091 609 3171 relinquerent
621 3111 630 3166 ;
655 3110 723 3155 cum
746 3099 832 3170 parte
855 3090 920 3172 ipse
944 3089 1088 3166 substitit,
1103 3088 1156 3150 iti-

104 3195 251 3257 neraque,
268 3177 373 3256 quibus
389 3176 428 3237 ad
444 3189 545 3239 castra
560 3177 706 3238 recursuri
725 3175 906 3236 videbantur
927 3176 1039 3251 hostes,
1066 3175 1155 3235 obse-

105 3261 164 3322 dit.
210 3261 283 3322 Jam
299 3263 410 3343 passim
431 3263 528 3323 caedes
552 3283 587 3323 ac
608 3262 681 3342 fuga
700 3271 776 3336 erat,
802 3261 932 3321 necdum
949 3262 1106 3340 quisquam
1124 3260 1155 3319 in
1171 3284 1308 3345 vagosfru.

102 3357 212 3409 castra
228 3347 367 3409 Romana
379 3350 507 3410 nuncius
531 3347 629 3408 cladis
654 3356 851 3428 pervenerat3
880 3346 953 3424 quia
970 3344 1154 3424 refugientes
1169 3361 1311 3399 mercatore·

103 3433 137 3492 in
156 3433 273 3515 regiam
295 3433 452 3495 stationem
476 3433 675 3495 incidebant:
701 3442 733 3493 et
755 3430 857 3514 plures
883 3431 922 3490 ab
946 3429 1154 3491 obsidentibus

103 3519 183 3595 vias,
209 3539 302 3600 quam
323 3521 361 3581 ab
386 3521 504 3582 emissis
527 3521 567 3582 ad
591 3518 716 3596 cadem,
737 3515 1004 3578 interficiebantur.
1030 3515 1155 3578 tandem

105 3605 320 3668 intermedias
337 3607 470 3668 hostium
486 3607 631 3668 stationes
652 3604 744 3687 elapsi
761 3603 884 3684 quidam
900 3599 1023 3684 trepidi,
1039 3602 1155 3663 tumul-

104 3702 173 3752 tum
187 3693 296 3772 magis,
312 3713 403 3774 quam
420 3703 534 3754 certum
550 3691 707 3768 nuncium,
728 3689 894 3751 intulerunt
908 3689 1025 3750 castris.

148 3777 316 3840 XXXVII.
340 3777 465 3856 Consul,
489 3777 641 3859 equitibus
668 3775 770 3858 jussis,
801 3795 860 3856 qua
886 3777 1011 3856 quisque
1040 3786 1168 3856 posset,

105 3871 201 3945 opem
225 3864 301 3925 ferre
325 3865 546 3942 laborantibus,
566 3865 630 3948 ipse
656 3863 791 3942 legiones
818 3862 961 3923 ecastris
984 3859 1097 3938 educit,
1124 3871 1156 3922 et

105 3951 230 4031 agmine
259 3950 406 4030 quadrato
435 3951 474 4012 ad
500 3951 619 4012 hostem
651 3947 747 4010 ducit.
790 3945 925 4028 Dispersi
954 3947 1070 4026 equites
1100 3965 1155 4027 per

105 4057 196 4116 agros
224 4037 347 4116 quidam
360 4048 373 4074 ⁰
396 4037 583 4114 aberrarunt,
610 4035 731 4116 decepti
756 4033 936 4094 clamoribus
957 4032 1023 4092 aliis
1040 4031 1155 4094 exalia

105 4123 322 4184 exsistentibus
342 4123 420 4184 loco.
465 4121 539 4184 Pars
564 4122 668 4182 obvios
688 4119 858 4182 habuerunt
885 4118 998 4180 hostes.
1021 4117 1154 4201 pluribus

64 4264 68 4268 .
104 4208 182 4269 locis
204 4207 294 4269 simul
314 4229 417 4292 pugna
437 4211 541 4290 coepit.
585 4206 684 4288 Regia
708 4207 802 4268 statio
828 4204 1048 4268 atrocissimum
1071 4225 1154 4287 proe·

65 4299 68 4302 ’
105 4295 181 4356 lium
205 4295 328 4357 edebat.
354 4307 479 4357 namet
504 4295 570 4378 ipsa
593 4293 787 4356 multitudine
802 4283 941 4373 ‘equitum
956 4291 1153 4375 peditumque

1191 2012 1276 2061 omani.

1168 3479 1250 3544 lippus.

202 4450 214 4475 ¹¹
224 4443 318 4492 millium
327 4445 443 4494 intervallo
452 4446 527 4496 Gran.
540 4445 609 4495 Crer.
692 4476 697 4486 x
709 4444 815 4512 ,paidom
825 4443 891 4492 aad.

170 4567 193 4600 ἃ
203 4565 311 4630 cetram,
328 4581 380 4632 pros
392 4569 495 4631 peltastas
511 4565 598 4630 mrum]
633 4565 687 4616 Vid.
705 4576 755 4617 not.
773 4567 801 4614 sd
818 4565 837 4617 l.
859 4577 953 4616 axvur.
964 4581 986 4615 c.
999 4566 1023 4616 5.

147 4651 224 4694 VOL·
241 4651 292 4696 111.
639 4654 663 4698 D

1168 3415 1236 3462 caedit
1247 3414 1304 3462 Phi·
1382 3437 1386 3450 =
