3100 5194
435 379 639 449 LIB.XXX1.
662 381 744 448 CAP.
762 383 880 448 XXXI.
1020 393 1022 403 ’
1133 394 1173 450 aa

15 525 17 612 Ξ
118 535 259 602 ‘senius
274 537 345 602 hinc
368 557 407 600 ex
428 537 556 620 Achaia,
582 542 881 624 existimatequeri3
909 541 1048 622 graviora
1071 544 1165 606 etiam
1183 535 1257 618 uic.
1270 567 1326 616 552.

15 623 16 656 ³
117 625 368 708 ‘acerbioraque
388 646 452 705 eos,
476 629 584 709 quibus
597 631 728 693 nocendi
751 628 898 710 rnsjorem
916 629 1094 698 facultatem
1109 632 1167 694 ha·
1183 633 1215 680 Α·
1226 629 1255 682 0·
1266 633 1336 694 20⁰?

15 721 17 794 ξ
119 713 131 745 ‘
148 714 229 776 buit.
251 710 333 786 Nam
343 715 426 794 quod
435 715 474 796 ad
482 736 519 778 ea
529 716 655 793 adtinet,
666 736 731 797 quse
745 716 832 778 nobis
843 714 974 798 objecit3
998 717 1055 778 nisi
1071 717 1169 799 gloria
1369 717 1372 726 ’

15 853 16 868 Ξ
120 799 343 882 ‘dignasunt
362 800 460 864 fateor
474 823 512 864 ea
526 802 648 864 defendi
664 823 726 865 non
740 823 838 887 posse.
883 801 1045 884 Rhegium,
1060 815 1092 866 et
1107 803 1168 868 Ca-

15 903 16 910 *
120 888 256 968 ‘puam,
281 897 314 948 et
334 883 495 970 Syracusas
518 889 607 950 nobis
628 887 752 970 objecit.
797 889 950 972 Rhegium
966 888 1071 973 Pyrrhi
1086 891 1172 954 bello'

122 972 232 1056 ‘legio
248 994 269 1034 a
281 974 379 1052 nobis,
399 974 644 1058 Rheginis'ipsis,
657 979 702 1037 ¹ut
722 977 924 1054 mitteremus,
946 978 1112 1056 orantibus,
1135 980 1167 1040 in

120 1059 134 1092 ‘
149 1060 330 1144 praesidium
340 1061 443 1138 missa,
459 1063 573 1138 urbem,
589 1061 731 1142 adquam
747 1061 970 1142 defendendam
985 1064 1168 1144 miscuerat,

122 1147 210 1229 ‘per
225 1148 325 1210 scelus
344 1149 487 1229 possedit
531 1146 802 1231 Comprobavimus
818 1171 892 1231 ergo
911 1150 944 1211 id
966 1149 1114 1215 facinus?
1129 1173 1169 1232 an
1219 1211 1221 1216 .

122 1233 135 1266 ‘
151 1234 233 1296 bello
248 1234 397 1317 persecuti
413 1235 591 1297 sceleratam
606 1235 767 1316 legionem,
787 1236 820 1296 iu
834 1246 1018 1317 potestatem
1034 1249 1168 1300 nostram
1214 1276 1216 1288 ι

123 1320 311 1384 ‘redactam
332 1333 419 1401 tergo
442 1334 476 1384 et
496 1321 660 1384 cervicibus
676 1321 895 1404 poenassociis
918 1323 1061 1404 pendere,
1076 1345 1168 1406 quum

125 1407 140 1439 ‘
155 1409 371 1488 coegissemus,
382 1408 499 1485 urbem,
511 1429 611 1486 agros,
623 1407 852 1489 sueque'omnia
862 1428 933 1470 cum
942 1408 1081 1472 libertate
1093 1411 1171 1494 legi-
1195 1473 1197 1480 ,

122 1493 140 1526 ‘
154 1493 437 1576 heuquellheginis
461 1493 669 1556 reddidimus?
695 1490 892 1578 Syracusanis
916 1495 1067 1576 obpressis
1090 1499 1172 1558 ”ab

127 1580 141 1613 ‘
156 1581 292 1642 externis
301 1581 445 1664 tyrannis,
455 1601 515 1662 quo
524 1580 681 1663 indignius.
687 1593 777 1659 esset,
786 1600 878 1663 quum
888 1581 1061 1658 tulissemus
1070 1602 1172 1664 opem,¹

129 1669 141 1701 ‘
156 1678 194 1746 et
202 1667 324 1749 fatigati
339 1687 434 1750 prope
454 1687 509 1750 per
523 1667 685 1729 triennium
696 1678 778 1730 terra
792 1668 926 1748 marique
941 1669 1015 1729 urbe
1030 1668 1173 1732 munitis-

129 1753 142 1785 ‘
156 1754 236 1816 sima
247 1753 450 1836 obpugnanda
460 1773 605 1832 essemus,
619 1773 712 1834 quum
719 1753 787 1835 jam
801 1755 859 1835 ipsi
872 1751 1053 1838 Syracusani
1063 1756 1173 1818 servire

131 1838 306 1923 ‘tyrannia
319 1861 410 1922 quam
421 1840 521 1922 capia
530 1840 617 1902 nobis
632 1839 768 1918 mallent,
784 1853 907 1921 captam
919 1839 1027 1902 iisdem
1040 1843 1130 1904 annis
1142 1854 1175 1905 et
1221 1905 1224 1910 ,
1283 1869 1287 1876 ·
1335 1883 1338 1910 ι

15 2001 16 2004 ¹
130 1924 321 1990 ‘liberatam
334 1927 439 1989 urbem
450 1926 646 1990 reddidimus.
679 1924 788 2008 Neque
802 1926 1023 2006 inficieaimus,
1039 1923 1177 1990 Siciliam

132 2013 146 2046 ‘
158 2014 348 2096 provinciam
363 2017 501 2076 nostram
513 2031 589 2091 esse,
604 2023 637 2076 et
649 2013 800 2090 civitates,
812 2033 877 2094 quae
892 2015 924 2076 in
938 2021 1025 2096 parte
1034 2012 1177 2078 Karna-

132 2099 343 2182 ‘ginienaium
354 2099 485 2178 fuerunt,
501 2110 534 2161 et
543 2119 605 2161 uno
621 2099 723 2162 animo
734 2100 874 2161 cumillis
889 2101 1030 2169 adversus
1041 2122 1098 2163 nos
1111 2103 1177 2162 bel-

133 2185 143 2220 ‘
157 2188 228 2270 lum
237 2197 406 2269 gessermrt,
421 2189 448 2225 ³²
460 2184 672 2268 stipendiarias
687 2186 775 2248 nobis
791 2207 826 2248 ac
837 2187 1002 2268 vectigales
1015 2207 1089 2248 esse.
1104 2188 1177 2268 quin

133 2273 144 2305 ‘
158 2285 280 2354 contra,
295 2274 355 2336 hoc
368 2283 401 2335 et
408 2293 461 2335 vos
472 2284 505 2334 et
514 2291 621 2334 omnes
631 2283 736 2354 gentes
748 2272 826 2333 scire
836 2273 986 2350 volumus,
1001 2294 1057 2355 pro
1068 2272 1178 2336 meritd

135 2358 270 2443 ‘cuique
279 2380 352 2441 erga
366 2380 422 2423 nos
431 2359 593 2421 'fortunam
608 2379 683 2422 esse.
726 2358 776 2442 An
788 2357 1013 2443 Campanorum
1029 2380 1135 2442 poena,
1151 2363 1178 2406 ³⁸

136 2446 148 2478 ‘
164 2447 206 2520 de
219 2466 279 2528 quo
291 2465 390 2529 neque
405 2445 462 2527 ipsi
482 2446 605 2527 quidem
622 2445 707 2527 queri
721 2455 857 2527 possunt,
872 2467 929 2508 nos
943 2446 1088 2528 poenineat
1100 2445 1110 2508 l
1123 2444 1179 2508 .Ηί
1265 2444 1270 2452 ’

135 2531 147 2565 ‘
162 2533 311 2610 homines,
327 2553 420 2613 quum
435 2553 490 2614 pro
506 2532 542 2594 iis
557 2532 670 2605 bellum
685 2532 826 2593 adversus
846 2529 998 2594 Samnites
1013 2554 1067 2614 per
1082 2552 1179 2595 annos

136 2619 148 2652 ‘
161 2639 258 2702 prope
272 2620 466 2701 septuaginta
479 2621 548 2680 cu'm
564 2619 681 2700 magnis
694 2620 807 2701 nostris
822 2618 958 2680 cladibus
972 2620 1178 2700 gessissemus3
1199 2617 1200 2620 ’

135 2705 146 2738 ‘
161 2706 247 2788 ipsos
259 2705 378 2790 foedere
390 2706 531 2787 primum,
548 2705 660 2769 deinde
677 2705 840 2784 connubio,
861 2717 954 2786 atque
965 2705 1049 2768 ,inde
1063 2725 1177 2787 cogna-

136 2791 308 2872 ‘tionibus,
331 2803 485 2874 postremo
501 2792 624 2854 civitate
639 2792 725 2854 nobis
747 2790 1017 2874 conjunxissemus,
1042 2803 1179 2875 tempore

136 2879 269 2942 ‘nostro
292 2877 423 2946 adverso,
441 2878 530 2960 primi
551 2879 687 2940 omnium
709 2873 803 2942 ltaliae
826 2879 1019 2962 populorum,
1040 2879 1179 2961 praesidio

137 2965 269 3028 ‘nostro
285 2965 366 3028 foede
380 2965 604 3043 irrterfecto„ad
617 2955 822 3028 Hannibalem
838 2966 1033 3040 defecerunt:
1057 2965 1179 3041 deinde,

137 3050 148 3104 ‘-
163 3051 323 3134 indignati
332 3073 364 3116 se
377 3051 508 3115 obsideri
523 3071 542 3112 a
556 3051 655 3132 nobis,
670 3049 875 3116 Hannibalern
890 3053 930 3114 sd
944 3052 1180 3136 obpugnandam

139 3139 149 3171 ‘
163 3137 298 3200 Romam
312 3139 468 3216 miserunt.
512 3135 630 3200 Horum
649 3139 675 3200 si
688 3159 785 3220 neque
800 3139 871 3201 urbs
885 3140 961 3221 ipsa,
975 3159 1075 3220 neque
1086 3139 1180 3202 bomo

138 3225 150 3258 ‘
165 3225 328 3306 quisquam
338 3231 520 3308 'superesset
536 3225 601 3306 quis
612 3225 726 3303 durius,
739 3233 829 3307 quam
841 3246 897 3307 pro
909 3226 1018 3288 merito
1033 3227 1180 3306 ipsorum,
1215 3249 1234 3294 ῃ

138 3310 319 3386 ‘statutum
334 3311 483 3394 indignari
504 3311 629 3395 posset?
646 3310 756 3372 'Plures
777 3311 898 3379 sibimet
915 3312 973 3392 ipsi
994 3311 1182 3372 conscientia
1215 3315 1218 3321 '

139 3396 151 3430 ‘
167 3397 318 3460 scelerum
333 3405 463 3478 mortem
482 3397 703 3482 consciuerant,
718 3415 808 3478 quarn
824 3397 944 3458 anobis
958 3395 1109 3478 supplicio
1125 3395 1180 3457 ad·
1259 3405 1262 3412 ⁴

139 3479 243 3546 ‘secti
257 3493 338 3547 sunt.
368 3479 504 3548 'Ceteris'
517 3485 562 3546 ita
583 3483 741 3567 oppidum,
766 3483 811 3546 ita
833 3483 1123 3564 agrosademimus,
1147 3492 1182 3558 ut

139 3569 151 3602 ‘
166 3591 274 3652 agrum
289 3570 450 3655 locumque
461 3573 500 3634 ad
512 3570 711 3634 habitandum
723 3569 881 3654 daremus3
904 3570 1010 3632 urbem
1024 3570 1181 3651 innoxiam
1212 3639 1213 3648 χ

140 3654 152 3688 ‘
168 3668 249 3721 stare
265 3658 448 3720 incolumem
463 3670 652 3741 pateremur3
675 3668 721 3734 ut,
736 3656 787 3737 qui
800 3654 890 3718 hodie
902 3655 1003 3720 videat
1018 3675 1098 3732 eam,
1113 3655 1181 3718 nul·
1237 3735 1239 3738 Ι

141 3742 233 3806 ‘lu'm
257 3744 439 3826 obpugnata
460 3755 594 3826 captare
612 3744 654 3804 ibi
667 3743 827 3824 vestigium
842 3736 986 3807 iuveniat.
1031 3739 1093 3803 Sed
1108 3739 1182 3824 quid

140 3826 151 3878 ‘·
167 3849 235 3909 egox
242 3827 379 3911 Capuam
395 3831 486 3895 dico?
511 3850 603 3911 quum
619 3827 801 3910 Karthagini
815 3829 1026 3911 victaefpacem
1040 3847 1076 3894 ac
1091 3827 1190 3896 liber·¹
1235 3883 1238 3888 Δ

141 3913 264 3977 ‘tatem
277 3907 458 3978 dederimus.
489 3914 593 4000 Magis
604 3917 680 3999 iilud
690 3928 737 3978 est
748 3915 926 4000 perieulum,
934 3935 984 3993 ne,
996 3914 1084 3976 nimis
1095 3911 1182 3973 facile
1207 3913 1210 3920 '
1232 3966 1239 3984 ,

140 4001 151 4033 ‘
166 4000 255 4062 victis
267 4001 467 4082 ignoscendo,
479 3997 576 4084 plures
589 4003 628 4065 ob
640 4003 672 4066 id
688 4004 786 4086 ipsum
798 4002 839 4063 ad
850 4000 1063 4084 experiendam
1075 3999 1181 4060 adver·
1196 4019 1201 4033 ¹

139 4085 217 4150 ‘sus
232 4107 289 4149 nos
304 4087 455 4150 fortunam
468 4088 538 4152 belli
553 4088 724 4154 incitemus.
753 4087 827 4151 Hae'c
842 4110 897 4171 pro
911 4087 999 4149 nobis
1012 4086 1097 4148 dicta
1110 4084 1183 4162 sint,

175 4253 198 4288 ³¹
219 4251 255 4300 At
272 4255 494 4318 marrirtyrrinnis,
515 4271 556 4316 pro
574 4257 648 4319 lndlg·
680 4266 795 4319 poeratem
806 4251 920 4312 intelligit.

143 4318 195 4364 idm
204 4317 268 4382 caet]
284 4318 445 4383 Abtyrannir,
460 4318 650 4384 quineSyracu.
685 4331 688 4338 ·
711 4321 734 4355 θ’
750 4321 765 4350 *
782 4318 939 4380 stipendiarias
956 4348 964 4379 ⁸.
975 4348 982 4364 .
995 4350 1002 4364 .
1016 4331 1042 4364 oo
1059 4309 1183 4378 vectigales]

143 4382 194 4428 sani
212 4382 305 4446 quidem
323 4392 407 4442 ment,
417 4383 506 4446 'quales'
517 4386 588 4434 multi·
597 4386 652 4432 olim
683 4375 955 4433 monastiriale
988 4409 990 4414 ·
1113 4439 1114 4444 ¹
1292 4387 1293 4390 ’

144 4446 265 4506 Syracusis
286 4447 388 4507 luerem,
406 4453 456 4506 scdr
469 4465 515 4512 quo
535 4465 572 4500 res
592 4460 652 4499 erret
714 4449 737 4483 ³³
754 4447 789 4495 De
800 4447 970 4509 quonepuer’pss'
980 4440 1076 4509 paidom]
1091 4441 1182 4506 Scribas

144 4511 386 4576 mammetemir
414 4513 542 4580 Epicydem
553 4528 577 4567 er
590 4515 652 4579 Hip.
682 4513 861 4578 missiqulden.
894 4509 1016 4560 Gronov.
1089 4551 1092 4558 .
