3044 5194
339 329 342 335 ’
367 383 405 436 ur
768 465 771 468 Ι
796 371 881 434 rrrr
900 371 999 434 mvn

202 540 345 602 U·'0·5,52·
371 533 600 596 translaturum.
624 531 719 596 .Haec
737 533 835 596 oratio
856 553 948 616 quum
971 523 1261 616 ingenti-hominum
1281 533 1412 598 adsensu

202 607 235 655 A.
247 609 276 655 C.
290 607 346 654 20⁰.

201 671 308 720 Postulat
323 685 359 719 νι-
376 709 382 720 ,

339 672 345 685 .
372 621 580 704 acciperetur:
613 621 623 653 ‘
650 619 699 683 Ita
722 631 825 684 tamen
851 641 968 704 oequum
993 618 1062 698 est‚'
1086 620 1201 702 inquit,
1222 621 1297 683 ‘me
1311 633 1411 686 vestre
1517 652 1518 670 κ

203 736 279 785 carim
289 750 350 801 ,m
372 720 382 742 ⁹
399 708 473 770 meis
488 708 579 770 armis
594 709 697 786 tutari,
712 727 751 769 ne
767 727 835 769 mea
850 708 970 770 interim
987 707 1137 770 nudentur
1149 708 1304 790 praesidiis.
1348 708 1411 773 lta·
1517 737 1518 748 2

203 801 259 914 pais
269 803 354 881 urbia
372 796 465 880 ‘que,
488 796 514 856 si
527 796 619 857 uobis
633 794 761 876 videtur,
775 805 896 856 tantum
916 806 1021 878 parate
1043 792 1186 872 militurn,
1209 807 1357 877 quanmm
1373 797 1413 859 ad

373 969 385 1011 ‘-
400 970 476 1032 meis
488 971 527 1031 ab
538 980 626 1050 tergo
640 967 725 1045 tutis,
736 987 858 1030 securus
872 969 985 1030 bellum
996 967 1109 1032 Nabidi
1124 967 1252 1031 inferam
1267 981 1299 1032 et
1314 967 1413 1034 Lace·

220 883 313 917 ⁰⁰⁰⁰⁰
373 881 384 916 ‘
398 881 525 960 Oreum,
540 893 572 943 et
586 881 774 960 Chalcidem,
793 893 826 943 et
839 879 1020 944 Corinthum
1035 881 1150 944 tuenda
1169 882 1268 944 ⁹statis
1283 883 1344 944 sit:
1367 894 1412 964 ut,
1517 923 1518 958 3

204 1063 304 1114 rrum.
373 1054 576 1118 ‘demoniis’
620 1053 691 1116 Non
714 1054 820 1116 fefellit
836 1054 976 1133 Achaeos,
985 1074 991 1106 -’
999 1075 1060 1136 quo
1084 1065 1251 1138 spectasset
1274 1069 1339 1119 tarn
1358 1057 1411 1120 be·
1517 1045 1518 1090 ³

373 1143 468 1224 nigna
482 1141 673 1224 pollicitatio,
692 1141 895 1224 auxiliumque
910 1142 1046 1204 oblatum
1062 1143 1203 1205 adversus
1218 1141 1412 1206 lacedaemo-

374 1230 462 1291 nios:
486 1229 518 1291 id
532 1229 633 1310 quaeri,
658 1240 694 1290 ut
717 1228 854 1291 obsidem
872 1228 1054 1291 Achaeorum
1064 1227 1255 1310 juventutem
1271 1229 1412 1294 educeret

374 1335 413 1379 ex
434 1314 656 1398 Peloponneso,
679 1315 729 1377 ad.
743 1314 930 1396 inligandam
954 1314 1095 1378 Romano
1121 1315 1202 1380 bello
1225 1327 1359 1398 gentem.
1381 1329 1413 1380 et
1518 1321 1519 1400 p

376 1407 402 1443 ¹⁰
415 1403 448 1463 id
473 1402 597 1483 quidem
622 1422 785 1485 coarguere
801 1401 985 1485 Cycliadas⁸
1006 1414 1116 1486 praetor
1138 1402 1318 1466 Achaeomm
1333 1405 1408 1468 nihil

376 1490 514 1551 adtinere
529 1489 678 1567 ratus,·id
701 1489 793 1551 modo
816 1509 908 1572 quum
934 1490 1071 1568 dixisset,
1093 1509 1154 1551 son
1180 1490 1270 1552 licere
1296 1492 1413 1573 legibus

375 1575 555 1638 Achaeorum
568 1576 606 1638 de
618 1575 685 1637 aliis
696 1577 783 1638 rebus
798 1575 920 1655 referre,
932 1596 1022 1659 quam
1034 1589 1157 1660 propter
1167 1597 1240 1660 quas
1251 1579 1413 1640 conuocati

375 1674 478 1724 essent
489 1685 499 1740 ;
529 1662 652 1725 decreto
667 1662 705 1724 de
728 1662 862 1725 exercitu
880 1663 1017 1747 parando
1038 1663 1179 1725 adversus
1201 1661 1302 1725 Nabin
1317 1663 1414 1744 facto,
1519 1665 1520 1752 l

376 1748 537 1811 concilium
554 1749 673 1812 fortiter
693 1769 729 1811 ac
743 1749 837 1811 libere
857 1750 996 1812 habitum
1011 1749 1147 1828 dimisit3
1170 1749 1249 1812 inter
1270 1750 1415 1814 adsenta-
1519 1769 1520 1776 ¹

374 1847 456 1899 tores
471 1837 569 1918 regios
585 1847 657 1898 ante
672 1857 741 1897 earn
763 1836 845 1897 diem
864 1837 995 1898 habitus.
1039 1834 1207 1919 Philippus,
1228 1856 1341 1918 magna
1360 1857 1414 1920 spe

377 1921 529 2006 depulsus,
552 1922 726 1986 voluntariis
749 1922 854 2006 paucis
875 1922 1018 1986 militibus
1040 1923 1220 2006 conscriptis
1234 1920 1416 1987 Corinthum

376 2007 784 2090 atqueinAtticamterrem
799 2007 903 2072 rediit.
1049 2029 1053 2038 ·
1092 2031 1095 2038 ·
1139 2014 1142 2021 “
1280 2043 1286 2054 ·

386 2127 400 2142 ·1
419 2093 568 2158 XXXVI.
590 2094 646 2157 Per
666 2115 718 2157 eos
733 2095 815 2178 ipsus
838 2093 913 2173 dies,
934 2095 1041 2177 quibus
1064 2094 1220 2178 Philippus
1241 2097 1273 2158 in
1295 2095 1414 2161 Achaia

379 2181 448 2260 fuit,
473 2180 623 2246 Philocles
649 2181 808 2265 prefectus
833 2201 865 2244 re
887 2182 942 2260 ius,
969 2201 1007 2242 ex
1027 2180 1144 2244 Euboea
1166 2182 1319 2265 profectus
1344 2204 1414 2247 cum

375 2268 492 2332 duobus
506 2263 639 2332 millibus
660 2267 816 2330 Thracum
877 2268 1104 2351 acedonumque
1127 2269 1167 2330 ad
1188 2269 1415 2354 depopulandos

374 2354 607 2418 Atheniensium
632 2355 718 2433 lines,
739 2377 756 2418 e
781 2356 906 2437 regione
928 2353 1077 2418 Eleusinis
1101 2355 1212 2418 saltum
1233 2356 1414 2421 Cithaeronis
1433 2415 1438 2427 ,

376 2442 574 2518 harucendit,
597 2441 667 2502 inde
691 2441 818 2503 dimidia
831 2452 918 2525 parte
932 2441 1063 2505 militum
1079 2442 1328 2524 adprehendam
1343 2465 1415 2528 pas-

376 2528 435 2588 sim
457 2549 513 2610 per
527 2549 622 2610 agros»
638 2527 772 2605 dimissu,
794 2547 862 2589 curn
881 2539 969 2611 parte
989 2530 1054 2612 ipse
1069 2529 1207 2592 occultus
1227 2530 1295 2592 locu
1312 2531 1353 2592 ad
1367 2532 1415 2594 in·

376 2613 468 2676 sidias
488 2625 659 2699 opportuno
679 2613 829 2692 consedit,
847 2624 891 2692 ut,
915 2615 940 2676 si
961 2635 999 2677 ex
1023 2616 1149 2679 castello
1164 2617 1203 2681 sb
1223 2615 1362 2680 Eleusine
1382 2619 1415 2681 in

350 2701 544 2784 predantes
565 2699 776 2783 suosinpet'us
798 2701 895 2780 heret,
916 2713 1041 2784 repente
1061 2703 1166 2766 hostes
1188 2703 1297 2766 effusos
1312 2723 1350 2766 ex
1364 2706 1413 2768 in·

376 2788 496 2870 proviso
517 2787 692 2850 adoriretur.
736 2785 807 2850 Non
829 2786 963 2850 fefellere
984 2789 1111 2853 insidiae·
1134 2789 1236 2873 itaque
1256 2792 1413 2871 revocatis,

247 2895 250 2903 ⁴
294 2894 298 2900 ·
332 2893 335 2900 ⁴
377 2875 429 2956 qui
444 2875 648 2938 discurrerant
670 2873 709 2936 ad
732 2874 939 2957 predandam,
959 2874 1114 2954 militibus,
1129 2876 1353 2960 instructisque,
1375 2878 1415 2941 ed

377 2961 616 3044 obpugnandum
645 2961 803 3024 castellum
828 2959 1001 3024 Eleusinem
1027 2963 1197 3046 proiectam,
1220 2983 1289 3026 curn
1313 2963 1416 3026 multis

377 3048 449 3111 iude
471 3048 643 3111 vulneribus
663 3049 798 3126 recessit,
825 3047 1024 3132 Philippoque
1045 3070 1078 3110 se
1098 3050 1229 3112 venienti
1244 3069 1283 3110 ex
1296 3049 1418 3113 Achaia

301 3203 304 3210 ’
348 3133 722 3285 'hlllt‘ul‘ltt
743 3133 1417 3285 l0tld⁶⁰atttkt”ttltilttt

514 3269 523 3285 ·
889 3267 900 3300 9
1278 3269 1289 3303 a

376 3310 562 3392 missumque
584 3309 754 3392 presidium
780 3308 925 3371 absistere
947 3308 1071 3391 incepto
1093 3317 1267 3390 coegerunt.
1308 3307 1416 3372 Divisa

265 3421 271 3434 ·
302 3435 329 3468 us
380 3397 490 3458 deinde
512 3397 658 3470 exercitu,
681 3415 734 3457 rex
758 3407 938 3478 camparte
959 3393 1125 3457 Philoclem
1148 3395 1285 3459 Athenas
1307 3397 1415 3476 mittit,

378 3503 448 3544 cum
463 3494 550 3564 parte
564 3483 629 3567 ipse
644 3479 789 3576 Piraeum
804 3482 923 3564 pergit:
945 3491 991 3559 ut,
1007 3492 1120 3562 quum⁰
1149 3480 1298 3546 Philocles
1327 3483 1415 3546 sube-

378 3569 462 3631 undo
476 3588 589 3646 muros,
604 3578 643 3628 et
661 3566 875 3628 comminanda
896 3567 1144 3648 obpugnantione
1158 3570 1330 3634 contineret
1342 3569 1417 3632 urbe

247 3714 254 3730 ,
378 3654 590 3731 Athenienses,
616 3652 673 3736 ipsi
696 3650 839 3714 Piraeum
863 3652 920 3724 levi
945 3671 1014 3714 cum
1036 3654 1175 3736 presidio
1198 3656 1335 3718 relictum
1361 3675 1416 3719 ex·

400 3740 534 3824 ugnandi
559 3737 687 3801 facultas
710 3753 799 3802 esset.
853 3735 995 3806 Ceterum
1014 3740 1111 3803 nihilo
1133 3742 1161 3802 ei
1184 3741 1297 3822 Piraei,
1323 3761 1414 3826 quarn

377 3764 1415 3913 i

377 4003 422 4066 ita
441 4002 579 4086 peditum
599 3995 794 4082 equitumque
816 3998 896 4060 inter
918 4000 1072 4080 angustias
1097 3937 1241 4064 semimti
1253 4003 1350 4082 muri,
1363 3997 1414 4086 qiri

377 4089 509 4152 brachiis
530 4088 655 4149 -duobus
679 4083 821 4148 Piraeum
840 4082 971 4148 Athenis
989 4084 1102 4170 jungit,
1123 4089 1281 4172 repulsus:
1304 4083 1425 4153 omissa¹

477 4205 617 4316 'cycliadas
626 4251 700 4302 noer.
811 4245 1067 4304 haustamque.
1121 4329 1126 4336 Ι
1196 4253 1351 4304 ‘duam

395 4353 545 4444 'vareso
574 4383 704 4434 seusus
721 4381 880 4448 rmum,
912 4381 1418 4450 metamaucensem·

381 4449 468 4549 ιιιειῑέιιιθ
473 4447 816 4579 qpppquet'prqquvepim
824 4514 881 4582 mi,
912 4448 972 4502 tun
982 4451 1026 4506 riti
1035 4463 1180 4520 perspectum
1190 4467 1251 4505 aare.
