3090 5172
410 385 487 445 LlB.
502 379 646 446 XXXIX.
662 385 741 444 cAP.
760 387 873 448 XXIV.
1106 392 1165 452 419

128 555 187 616 que
203 539 347 622 oppidum
370 540 506 604 deditum
531 553 587 619 est,
611 562 688 622 segre
704 563 771 606 eam
787 563 849 605 rem
866 544 983 604 tulerat.
1007 543 1162 626 permulsit
1177 544 1209 594 ὓ·
1221 546 1250 596 C·
1262 547 1318 596 ⁵⁶7·

126 625 203 685 iram
230 626 294 706 ejus
320 628 435 706 consul,
460 629 550 708 quod,
575 630 613 691 ad
635 627 827 712 Naupactum
844 631 907 712 ipse
931 631 1162 713 festinansque

127 727 160 771 se
186 731 223 772 ex
246 712 429 793 fugaAEtoli
454 717 654 794 contulerant,
679 716 818 799 Philippo
845 718 992 800 permisit,
1014 729 1049 779 ut
1063 719 1161 780 Atha·

127 799 235 858 maniae
250 811 281 860 et
296 797 493 882 Amynandro
509 799 627 862 bellurn·
638 802 782 878 inferret3
814 815 845 864 et
861 805 958 882 urbes,
976 825 1049 886 quas
1063 802 1162 865 Thes-

126 883 198 944 salis
220 881 315 947 AEtoli
338 887 524 964 ademerant,
547 907 639 968 regno
654 887 807 970 adjiceret.
852 885 945 950 Haud
968 911 1079 971 magno
1098 911 1162 952 cer-

125 971 241 1030 tamine
265 985 296 1032 et
310 969 538 1056 Amynandrum
553 975 739 1036 Athamania
761 976 928 1057 expulerat,
951 989 982 1038 et
996 978 1084 1038 urbes
1106 976 1163 1040 ali·
1254 999 1257 1008 ¹

1174 610 1204 662 A·
1216 613 1245 663 C.
1259 612 1312 660 tss.

128 1069 203 1135 quot
226 1071 389 1141 receperat.
432 1059 659 1133 Demetriadem
686 1083 814 1142 quoque,
846 1063 950 1123 urbem
975 1063 1106 1124 validam
1132 1063 1163 1124 e't

127 1142 167 1202 ad
190 1145 292 1206 omnia
314 1157 524 1227 opportunam,
549 1161 581 1209 et
597 1146 785 1228 'Magnetum
810 1159 934 1230 gentem
957 1169 1016 1210 sua
1039 1150 1163 1211 ditionis

127 1228 211 1290 lecit.
227 1231 296 1292 inde
312 1243 342 1293 et
357 1233 388 1292 in
402 1231 535 1295 Thracia
549 1235 692 1316 quasdam
707 1237 806 1314 urbes,
828 1255 912 1296 novae
926 1247 1017 1318 atque
1040 1237 1164 1299 insueta

128 1315 276 1378 libertatis
298 1319 383 1396 vitio,
415 1321 612 1382 seditionibus
643 1322 811 1404 principum
843 1322 990 1400 turbatas,
1019 1323 1164 1405 partibus,

127 1421 193 1482 quae
224 1405 391 1467 domestico
424 1408 588 1468 certamine
610 1409 810 1486 vincerentur,
842 1407 1036 1490 adjungendo
1060 1430 1125 1471 sese
1139 1409 1165 1487 υ,

124 1490 215 1571 cepit.
461 1549 470 1566 ,
989 1535 997 1546 ·

172 1565 287 1638 XXlV.
321 1576 379 1640 His
405 1580 509 1642 sedata
534 1583 565 1642 in
592 1580 758 1662 prasentia
776 1582 855 1663 regis
881 1581 926 1642 ir'a
952 1582 982 1642 in
1009 1579 1164 1646 Romanos
1177 1591 1334 1640 Vaassen„

128 1673 185 1724 est.
200 1673 363 1745 numquam
390 1677 493 1728 tamen
516 1669 631 1730 remisit
654 1671 787 1729 anirrrum
810 1668 1020 1748 acolligendis
1036 1669 1067 1728 in
1090 1658 1307 1750 pace⁸¹‘¹'¹¹¹¹¹l'·

127 1751 250 1829 viribus,
275 1753 392 1832 quibus,
419 1754 624 1834 quandoque⁰
649 1755 723 1816 data
744 1754 864 1815 fortuna
886 1765 975 1832 esset,
991 1756 1030 1816 ad
1054 1755 1164 1817 bellurn
1177 1740 1227 1787 Ῥω·

129 1845 274 1900 uteretur.
319 1837 488 1921 Vectigalia
503 1841 586 1921 regni
599 1841 623 1886 ⁸⁷
639 1857 700 1902 non
716 1841 860 1902 fructibus
883 1853 1001 1903 tantum
1024 1848 1164 1922 agrorum

129 1925 329 2008 portoriisque
351 1926 508 1987 maritimis
533 1927 637 2006 auxit3
671 1929 724 1988 sed
750 1927 874 1988 metalla
895 1929 987 1990 etiam
1011 1939 1043 1989 et
1063 1940 1166 1989 vetera

129 2011 301 2073 intermissa
317 2012 453 2092 recoluit,
479 2026 511 2075 et
526 2033 605 2076 nova
627 2015 730 2076 multis
756 2014 830 2075 locis
852 2014 992 2076 instituit.
1036 2012 1082 2075 Ut
1095 2035 1166 2076 vero

130 2100 284 2180 antiquain
301 2099 524 2162 multitudinem
540 2101 708 2176 hominum,
735 2105 799 2181 ques
814 2100 885 2161 belli
904 2100 1040 2162 cladibus
1055 2101 1166 2162 amissa

129 2197 205 2264 erat,
224 2188 414 2266 restitueret3
446 2208 507 2248 non
532 2188 667 2249 sobolem
691 2199 810 2249 tantum
836 2187 937 2267 stirpis
952 2189 1088 2269 parabat,
1112 2209 1165 2250 eu-

128 2274 236 2354 gendis
251 2267 389 2335 omnibus
414 2293 572 2355 procreare
587 2286 678 2355 atque
694 2274 822 2335 educare
844 2273 964 2351 liberos,
988 2275 1041 2335 sed
1064 2272 1165 2336 Thra·
1259 2310 1262 2316 ·

130 2379 199 2421 cum
223 2361 314 2421 etiam
330 2381 471 2441 magnam
498 2361 722 2422 multitudinem
745 2361 776 2421 in
793 2359 1007 2422 Macedoniam
1023 2361 1164 2422 traduxe-

129 2459 187 2525 rat,
203 2448 380 2528 quietusque
407 2447 626 2528 aliquamdiua
647 2447 742 2526 bellis,
765 2447 847 2508 omni
870 2466 942 2508 cura
959 2447 991 2507 in
1013 2448 1166 2529 augendas

39 2527 41 2534 ⁴
129 2535 215 2616 re'ghi
231 2552 304 2616 opes
319 2534 452 2595 intentus
468 2533 575 2595 fuerat.
619 2533 747 2596 Rediere
771 2533 882 2594 deinde
897 2553 1016 2612 caussa,
1040 2554 1105 2616 quae
1128 2535 1166 2596 de

130 2621 250 2702 integro
277 2622 351 2682 iram
378 2631 535 2682 moverent
550 2621 581 2681 in
608 2620 773 2682 Romanos.
816 2617 1031 2681 Thessalorum
1047 2633 1079 2682 et
1096 2619 1165 2682 Per·
1178 2639 1300 2689 Thessalu-

130 2707 299 2769 rhaeborunr
313 2707 441 2788 querelae
468 2707 505 2768 de
532 2707 654 2768 urbibus
681 2708 741 2768 suis
769 2706 806 2767 ab
830 2727 867 2767 eo
893 2709 1047 2789 possessis,
1075 2721 1107 2769 et
1122 2709 1165 2769 le·
1179 2723 1230 2754 ‘⁰¹1¹
1241 2721 1264 2755 er
1276 2707 1331 2753 ²¹10·
1403 2703 1408 2716 ⁴

130 2806 273 2875 gatorum
295 2793 437 2854 Eumenis
460 2793 538 2874 regis
561 2793 599 2855 de
619 2793 758 2855 Thraciis
773 2792 895 2874 oppidis
921 2813 974 2875 per
987 2795 1049 2854 vim
1074 2813 1166 2856 oecu-
1179 2788 1325 2886 ffiffi‘·

130 2882 221 2962 pa'tis,
243 2881 442 2960 traductaque
468 2880 499 2940 in
526 2873 741 2941 Macedoniain
764 2879 969 2956 multitudiue,
993 2881 1036 2940 ita
1059 2881 1247 2966 auditaeuppo,

130 2979 228 3046 erant,
249 2979 285 3029 ut
300 2987 349 3027 eas
371 2986 432 3027 non
460 2966 578 3047 neglegi
595 2967 668 3027 satis
691 2967 860 3047 adpareret.
904 2963 1041 3027 Maxime
1064 2987 1166 3028 move·

130 3066 178 3115 rat
200 3067 347 3129 senatum,
374 3051 454 3134 quod
475 3051 539 3133 jam
554 3049 628 3113 AEni
654 3064 685 3113 et
701 3051 855 3113 Maroneae
878 3051 1021 3114 adfectari
1048 3071 1167 3134 posses-

131 3140 247 3204 sionem
264 3139 440 3216 audierant3
475 3139 573 3199 nrinus
594 3135 757 3200 Thessalos
780 3139 936 3199 curabant.
980 3139 1167 3200 Athamanes

131 3249 249 3310 quoque
275 3237 421 3294 venerunt
447 3225 538 3306 legati
550 3225 575 3301 ἀ,
611 3239 671 3285 non
698 3225 792 3306 partis
819 3224 942 3301 amissae,
974 3244 1036 3285 non
1062 3225 1167 3286 linium

126 3311 278 3395 jacturam
295 3322 465 3395 querentes,
491 3311 544 3374 sed
558 3322 655 3373 totam
671 3309 922 3372 Athamaniam⁸⁸
937 3311 992 3371 sub
1012 3309 1062 3391 jus
1082 3310 1168 3392 judi-

97 3437 100 3444 ·
131 3402 271 3482 eiumque
295 3401 374 3480 'regis
399 3400 524 3460 venisse.
568 3401 593 3440 ⁹⁹
606 3395 647 3459 lit
677 3396 899 3459 Maronitarum
925 3397 1043 3459 exsules
1071 3398 1170 3476 (erant

130 3488 220 3570 pulsi,
243 3488 314 3568 quia
337 3487 483 3548 libertatis
510 3505 646 3546 caussam
671 3484 878 3546 defendissent
905 3485 942 3545 ab
959 3485 1041 3565 regio
1064 3486 1167 3567 praesi·

130 3573 195 3652 dio)
212 3574 233 3634 ii
249 3594 310 3636 non
326 3571 505 3633 Maroneam
521 3573 624 3648 modo,
650 3570 703 3630 scd
725 3570 816 3631 etiam
833 3567 947 3630 AEnurn
970 3571 1002 3630 in
1017 3581 1168 3653 potestate

133 3661 320 3721 nunciabant
345 3658 472 3741 Philippi
500 3679 574 3720 esse.
619 3655 773 3718 Venerant
805 3668 836 3716 et
862 3677 881 3716 a
907 3654 1047 3739 Philippo
1074 3658 1166 3738 legati
1238 3671 1242 3678 '

132 3745 173 3808 dd
188 3742 344 3830 purganda
364 3767 420 3806 ea:
455 3746 505 3828 qui
521 3745 607 3822 nihil,
630 3744 687 3805 nisi
710 3743 856 3826 permissu
882 3741 1086 3805 Romanorum
1110 3746 1167 3805 im⁴
1271 3770 1275 3778 ¹

131 3846 316 3922 pepatorum,
331 3831 446 3894 factum
458 3831 667 3908 adiurnabsnt.
691 3830 701 3863 ‘
718 3829 864 3892 Civitates
874 3827 1098 3908 Thessalorum,
1115 3834 1168 3896 etr

164 4000 290 4055 hecar.
303 4003 390 4053 Crem
502 4001 766 4112 ‘prppqpqnqpefed
887 3995 1090 4065 ⁴legutr'rureruut
1102 3999 1168 4048 End.

568 4079 579 4112 s
615 4080 644 4113 e.
678 4082 722 4112 ae.

161 4197 185 4236 Π
193 4193 210 4228 ⁶
222 4195 402 4263 ll'onsmatihrr]
419 4197 474 4246 Non
485 4195 558 4244 sulum
571 4196 594 4242 in
605 4209 633 4243 eo
664 4195 750 4244 locutio
754 4196 802 4259 jem
810 4195 925 4244 obremus
933 4207 967 4244 est
975 4210 1042 4261 supra
1050 4195 1067 4245 l.
1076 4208 1169 4246 xxxvl.

130 4265 189 4330 quod
214 4275 302 4329 speetu
323 4265 351 4312 ad
372 4268 461 4314 auctus
482 4275 587 4325 agrorum
608 4273 633 4309 et
663 4262 736 4309 aba.

128 4329 362 4394 ponoritmsritims,
380 4326 544 4392 exquibusrel
561 4341 631 4374 noros
696 4325 718 4362 Β)
736 4325 764 4372 Et
802 4325 965 4374 Maronitarum
996 4329 1076 4376 curules
1106 4336 1169 4375 msa

127 4393 170 4443 ubl
188 4396 273 4446 reditus
290 4398 397 4456 instituit,
411 4395 446 4443 vel
461 4395 568 4460 pristinos
584 4409 632 4440 arn-
662 4389 732 4454 patiri]
760 4389 820 4446 Lege
842 4392 935 4439 omnino
955 4402 1066 4449 unctam,
1085 4395 1169 4456 nempe

127 4459 244 4527 punctus.
664 4455 770 4504 Romam.
787 4455 840 4506 Hoc
851 4457 1169 4522 portubttotusnsrrrtionir

162 4525 456 4588 “smjajuaeampu
465 4523 534 4592 tegis]
549 4523 634 4574 Similis
665 4529 796 4654 roptqrtpu.
1083 4542 1085 4550 v
