3100 5194
437 347 921 414 Lln.xxxl1.cAP.xxltIV.
1133 331 1140 366 ¹
1169 362 1207 416 nr

149 499 335 583 ‚‘‚reticere,’
345 503 400 583 ait,
409 504 420 538 ‘
428 505 491 568 non
502 526 563 588 quo
572 506 800 589 quidquamagi
811 517 902 590 putet
916 508 1139 590 coconloquic,
1150 509 1205 574 sed
1218 524 1250 576 U.
1262 527 1291 578 e.
1302 533 1358 582 555.

145 589 167 658 ‚‘
178 610 318 672 nequem
331 591 483 670 sociorum
494 592 648 656 dicentem
659 593 841 675 interpellet.
877 589 985 674 Neque
997 595 1036 656 de
1045 615 1121 677 paee
1132 617 1203 660 cum
1215 589 1247 646 Α·
1257 591 1288 644 ⁰2
1298 591 1352 649 ¹⁹⁷·

157 676 168 707 ‘
184 674 246 738 lide
257 675 430 760 Philippum
440 698 541 759 agere,
559 699 659 760 neque
679 679 760 741 bella
774 699 845 742 vcra
852 679 964 742 virtute
973 701 1118 762 umquam
1133 703 1202 764 ges·

157 760 175 835 ‘¹
184 761 269 825 sisse.
292 761 510 845 Inconloquiis
520 764 655 826 insidiari
666 775 698 826 et
706 775 846 848 captare:
873 765 1203 850 inbellononcongre-

157 845 217 908 ‘di
237 869 325 930 aequo
343 870 464 932 campo,
482 871 580 932 neque
600 849 729 912 conlatis
751 851 846 933 signis
869 852 1024 931 dimicare,
1050 856 1102 918 sed
1121 853 1170 918 ref
1188 889 1203 903 ·

159 932 171 963 ‘
185 933 323 1014 gientem
341 934 503 998 incendere
524 957 560 998 ac
578 937 820 1018 diriperentur,
842 949 875 1002 et
885 938 1070 1002 vincentium
1082 935 1205 1022 premia
1286 965 1288 972 ’

151 1019 171 1084 ,“
185 1019 301 1083 victum
319 1042 527 1104 conrumpere.
548 1021 592 1085 At
608 1043 671 1084 non
685 1023 729 1084 sic
741 1025 882 1106 antiquos
893 1021 1099 1088 Macedonum
1108 1048 1205 1110 reges,

161 1104 179 1178 ‘‚
188 1106 432 1170 sedaciebellare
443 1109 691 1187 solitos,urbibus
700 1123 987 1192 parcere,quantum
997 1124 1136 1194 possent,
1145 1134 1206 1196 quo

153 1190 173 1262 ,‘
188 1192 363 1272 opulentius
378 1194 538 1276 imperium
548 1195 706 1257 haberent.
732 1193 815 1256 Nam
827 1195 865 1257 de
878 1216 1006 1278 quornm
1015 1199 1206 1280 possessione

154 1278 175 1352 ,‘
191 1277 354 1343 dimicetur
365 1279 538 1358 tollentem,
546 1281 624 1342 nihil
633 1281 690 1342 sibi
698 1291 805 1362 prater
816 1281 929 1344 bellum
941 1283 1118 1364 relinquere,
1125 1285 1208 1366 quod

163 1364 175 1396 ‘
190 1364 351 1428 consilium
367 1366 455 1428 esse?
481 1365 584 1428 Plures
595 1367 694 1449 priore
709 1387 789 1428 anno
803 1369 955 1430 sociorum
965 1369 1053 1434 urbes
1065 1370 1097 1430 in
1107 1365 1207 1432 Thes·

163 1450 175 1482 ‘
190 1450 267 1512 salia
276 1461 424 1514 evastasse
437 1451 623 1535 Philippum,
639 1473 730 1534 qnam
742 1474 858 1535 omnes,
879 1454 931 1534 qui
942 1473 1086 1534 umquam
1104 1455 1207 1516 hostes

154 1535 175 1592 .‘
190 1531 355 1612 Thessalia
378 1536 500 1611 luerint.
522 1539 594 1620 ipsis
616 1559 735 1621 quoque
756 1537 872 1602 AEtolis
888 1560 958 1600 curn
978 1540 1065 1626 plura
1079 1540 1207 1618 socium,

155 1620 177 1692 ,‘
193 1619 286 1701 quam
293 1623 413 1686 hostem
424 1625 582 1686 ademisse.
604 1623 840 1708 Lysimachiam,
853 1625 940 1708 pulso
951 1635 1078 1708 praetore
1089 1637 1122 1687 et
1131 1647 1208 1708 prae·

165 1707 177 1738 ‘
193 1707 274 1769 sidio
288 1705 474 1789 AEtolorum,
489 1731 655 1794 occupasse
669 1732 752 1774 eum.
782 1715 807 1750 ⁴¹
816 1709 905 1773 Cium
920 1713 995 1776 item
1010 1732 1070 1774 susc
1084 1711 1208 1776 ditionis

154 1791 179 1862 ,‘
196 1789 299 1856 urbem
314 1793 451 1861 funditus
462 1797 605 1858 evertisse
620 1818 656 1860 ac
666 1797 798 1876 delesse.
842 1795 959 1862 Eadem
978 1796 1083 1858 fraude
1099 1798 1209 1860 habere

165 1876 262 1940 ‘eum
277 1877 400 1942 Thebas
413 1881 550 1961 Phthias,
565 1880 728 1962 Echinum,
743 1881 907 1963 larissam,
923 1895 954 1946 et
968 1881 1165 1945 Pharsalum!
1243 1937 1245 1944 .

154 2013 157 2020 .
209 1961 359 2028 XXXIV.
381 1965 488 2030 illotus
509 1969 646 2030 oratione
663 1968 829 2048 Alexandri
856 1967 1013 2052 Philippus
1036 1990 1155 2050 navem,
1177 1981 1212 2032 ut
1224 1994 1366 2058 nemun

152 2051 373 2132 exaudiretur,
386 2055 510 2137 propius
524 2065 636 2116 terram
652 2054 809 2136 adplicuit.
844 2054 957 2117 Orsum
964 2076 1037 2117 eum
1054 2056 1166 2134 dicere,
1181 2057 1212 2119 in
1224 2057 1331 2125 Philippi.

165 2132 301 2216 AEtolos,
312 2140 456 2219 maxime,
467 2140 625 2216 violenter,
635 2140 780 2220 Phaeneas
791 2141 961 2219 interfatus,
978 2135 1065 2203 ‘Non
1077 2143 1213 2208 iuverbis

152 2223 182 2292 ‚‘·
195 2241 262 2284 rem
272 2223 368 2304 verti,'
384 2227 447 2290 ait:
472 2227 546 2288 ‘aut
559 2227 639 2288 bello
647 2227 841 2304 vincendum,
853 2239 906 2290 aut
920 2227 1093 2290 melioribus
1103 2250 1213 2311 paren-

151 2308 179 2384 ,‘
195 2304 268 2370 dum
275 2309 351 2376 eise.
371 2311 511 2394 Adparet
519 2312 551 2374 id
560 2311 1001 2395 quidem,',inquitPhilippus,‘
1007 2313 1100 2376 etiam
1107 2313 1214 2393 cacos

151 2457 153 2462 ,
162 2392 287 2476 jocatus
298 2397 330 2458 in
339 2397 544 2458 valetudinem
556 2397 714 2476 oculorum
726 2397 872 2475 Phaeneae,
892 2409 924 2460 et
935 2410 1001 2460 erat
1013 2398 1147 2462 dicacior
1158 2421 1214 2462 na-

168 2492 250 2558 turo,
265 2500 356 2561 quam
371 2503 474 2564 regem
490 2482 590 2559 decet,
605 2493 638 2545 et
652 2503 691 2544 ne
709 2483 790 2544 inter
811 2483 891 2546 seria
912 2483 1035 2564 quidem
1056 2486 1118 2546 risu
1139 2487 1213 2548 satis

157 2575 356 2648 temperans.
376 2565 531 2649 lndignnri
543 2568 613 2630 inde
623 2568 728 2650 coepit,
754 2565 911 2646 ‘AEtolos,
925 2578 1081 2650 tamqnam
1096 2569 1213 2634 Rorna-

170 2651 263 2730 ‘nos,
280 2653 387 2725 decedi
408 2651 526 2716 Graecia
539 2652 668 2736 jubere:
691 2654 755 2734 qui,
800 2653 885 2716 uibus
899 2653 1008 2716 finibus
1031 2651 1214 2735 Graeciastu

168 2736 297 2800 ‘dicere
313 2756 376 2802 non
392 2739 521 2822 possint.
552 2737 650 2820 Ipsius
674 2739 775 2800 enim*
823 2739 904 2802 tolia
927 2739 1061 2822 Agraeos,
1085 2741 1213 2824 Apodo-

167 2823 339 2906 ‘toaque¹,
359 2824 633 2906 etAmphiloch0s‚
654 2845 720 2905 quae
743 2845 909 2907 permagna
935 2846 1038 2888 eorum
1063 2848 1132 2908 pars
1161 2828 1214 2906 sit,

167 2908 179 2941 ‘
194 2905 343 2974 Graeciam
355 2932 417 2974 non
426 2933 501 2974 esse.
522 2909 584 2989 An,
594 2911 675 2992 quod
687 2932 707 2973 a
717 2911 807 2994 sociis
816 2931 921 2974 eorum
931 2931 993 2972 non
1006 2911 1215 2991 abstinuerim,

167 2989 309 3076 ‘justam
320 2997 473 3078 querelam
483 2997 609 3074 habent,
622 3016 714 3077 quum
727 2997 784 3078 ipsi
796 3018 853 3079 pro
864 2993 938 3079 lege¹
949 2998 1029 3060 hunc
1044 2998 1213 3079 antiquitus

167 3079 179 3112 ‘
195 3093 330 3144 morem!
345 3095 476 3162 servent,
494 3094 529 3144 ut
540 3082 680 3144 adversus
691 3083 791 3146 socim
800 3083 858 3166 ipsi
870 3104 953 3162 suos,
962 3083 1083 3166 publica
1092 3095 1212 3148 tantum

168 3163 181 3198 ‘
197 3160 379 3231 auctoritate
391 3169 506 3245 demta,
514 3165 705 3250 juventutem
721 3189 806 3230 suam
817 3169 948 3231 militare
961 3169 1073 3246 sinant,
1091 3181 1122 3231 et
1136 3190 1212 3230 con-

169 3252 432 3336 ‘trariaepersaepe
442 3251 928 3336 eciesinutraqueparteAEtolica
938 3255 1051 3314 auxilia
1059 3254 1209 3316 habeant?

171 3337 184 3370 ‘
199 3333 308 3419 Neque
320 3360 376 3421 ego
387 3339 477 3402 Cium
488 3340 668 3422 expugnavi,
683 3338 738 3400 sed
747 3336 884 3400 Prusiam
899 3337 1014 3399 socium
1032 3350 1065 3401 et
1080 3339 1212 3403 amicum

52 3467 55 3474 ψ
170 3422 183 3455 ‘
199 3423 424 3506 obpugnantem
432 3424 548 3508 adjuvi:
565 3421 627 3486 etL
640 3421 1211 3488 'simachiamnb'lhracibusrindieavi.

169 3509 182 3543 ‘
198 3509 264 3589 sed,
280 3513 408 3592 quiame
422 3511 587 3574 necessitas
597 3447 706 3572 arihoc
719 3510 830 3573 bellurn
842 3509 1003 3574 acustodia
1014 3509 1078 3594 ejus
1092 3511 1211 3590 avertit,

169 3591 330 3662 ‘Thraces
345 3597 470 3662 habent.
491 3593 659 3658 'ErAEtotis
679 3595 754 3658 haec.
779 3595 886 3660 Attalo
905 3607 1007 3659 autem
1023 3595 1211 3678 Rhodiisque

157 3673 182 3714 '‘
195 3683 272 3744 nihil
283 3681 352 3765 jure
361 3684 469 3745 debeo.
484 3703 546 3745 non
558 3683 640 3744 enim
652 3704 672 3744 a
682 3681 806 3762 me,'scd
818 3683 856 3744 ab
868 3681 937 3762 illis,
947 3681 1129 3766 principium
1139 3683 1211 3744 belli

168 3768 180 3799 ‘
197 3779 298 3832 ortum
308 3781 365 3832 est.
387 3767 596 3831 Romanorum
607 3779 709 3830 autem
721 3768 845 3829 honoris
857 3789 973 3846 caussa,
983 3767 1115 3830 Peraeam
1125 3766 1211 3830 Rho-

168 3851 268 3932 ‘diis,
283 3866 314 3918 et
325 3875 416 3917 naves
424 3853 539 3917 'Attalo
559 3875 630 3916 cum
643 3853 781 3936 captivis,
822 3853 852 3914 ui
873 3854 1102 3936 comparebunt,
1124 3852 1212 3913 resti·

145 3983 146 4000 .
167 3941 178 3973 ‘
195 3951 292 4004 tuam.
336 3939 418 4002 Nam
433 3941 516 4021 qnod
528 3940 568 4001 ad
578 3874 991 4022 Nicephoriumi'enerisque
1003 3937 1109 4019 templi
1123 3934 1212 4000 re'sti·

145 4053 149 4060 ·
169 4025 347 4088 ‘tutionem
367 4027 486 4088 adtinet
497 4048 508 4104 3
543 4025 616 4107 quid
638 4045 676 4086 ea
697 4023 816 4088 restitui
840 4022 1063 4106 postulantibus
1087 4043 1211 4105 respon-

145 4116 148 4124 '
169 4111 182 4144 ‘
198 4111 309 4199 deam?
334 4111 405 4191 nisi,
422 4131 483 4195 qno
497 4131 559 4174 uno
576 4109 671 4174 modo
692 4111 752 4173 luci
770 4109 908 4196 silvaeque
920 4129 1002 4170 caesae
1011 4107 1128 4170 restitui
1140 4129 1212 4192 pos·

233 4235 415 4300 *npudentesque
423 4234 578 4286 Grumcrer.
770 4213 1149 4295 immurmurantium.

167 4327 254 4376 mirum
264 4325 523 4388 AEtoli,leroxgenset
540 4319 677 4385 ballieridr,
707 4325 802 4386 gebatur
819 4323 905 4376 Citium·
939 4319 1045 4374 Correxit
1063 4321 1166 4387 tigurius
1183 4337 1214 4377 tx

166 4391 228 4456 pacis
238 4392 323 4443 amices
333 4402 393 4440 artes
402 4393 452 4442 lere
463 4391 615 4454 negligebant.
707 4387 811 4457 Polybio.

198 4457 220 4492 ⁴¹
240 4455 320 4523 crum]
342 4457 392 4509 llic
409 4457 522 4524 cornerio
542 4471 620 4508 errore
637 4455 674 4508 le·

148 4614 151 4621 ,
209 4543 287 4591 v01..
309 4546 360 4594 111.
749 4543 771 4589 G
