3026 5164
384 356 445 408 tao
802 349 885 407 TITl
905 347 1004 406 LlVll

221 507 293 558 Μ·
303 509 359 590 ὃΰζ.
387 503 397 534 ‘
413 501 648 580 Perrhaeborum,
671 513 703 564 et
716 477 908 584 Magnetum,
929 515 962 563 et
976 523 1046 564 cum
1060 500 1260 586 Amynandro
1274 499 1423 562 Athama-

223 573 254 622 Α·
266 574 295 624 c·
308 575 361 623 ¹⁸³·
388 589 399 622 ‘
413 611 485 651 num
496 601 630 672 gentem,
639 590 671 650 in
683 589 789 650 eadem
801 609 917 666 caussa,
929 609 989 670 qua
998 587 1132 665 AEtolos,
1145 588 1247 649 luisse.
1270 585 1423 647 Antiocho

388 678 397 708 ‘
413 699 483 758 rege
495 676 592 758 pulso,
608 687 786 758 occupatum
799 675 1011 756 obpugnandis
1022 673 1165 736 AEtolicis
1177 675 1304 736 urbibus
1317 691 1422 733 consu-

388 763 473 824 ‘lenr
489 763 526 823 ad
550 761 736 845 recipiendas
760 783 809 823 eas
821 761 961 824 civitates
986 760 1159 843 Philippum
1181 761 1313 822 misisse.
1338 759 1424 820 muris

388 849 552 910 ‘subactos
566 847 692 931 parere'
737 846 878 925 Senatus,
900 869 938 909 ne
953 848 1026 929 quid
1042 851 1164 909 absente
1183 869 1256 926 rege
1271 857 1424 920 statueret,

222 937 302 1016 Legau
313 938 361 1017 tto.
387 936 505 1016 legatos
521 935 560 996 ad
579 957 631 997 eas
646 935 861 1020 controversias
878 934 1091 1016 disceptandas
1107 935 1199 1012 misit,
1215 934 1254 1004 Q.
1271 931 1423 994 Caeciliutu

222 1017 360 1120 {3¹:02²sssssp
388 1019 557 1099 Metellum,
574 1021 620 1083 M.
632 1019 766 1096 Baebium
777 1021 983 1102 Tamphilum,
997 1020 1047 1083 Ti.
1059 1019 1283 1104 Sempronium,
1300 1039 1424 1099 quorum

221 1137 265 1182 m,
285 1084 309 1133 pt
387 1108 442 1170 sub
457 1109 617 1170 adventum
634 1109 672 1170 ad
695 1107 871 1170 Thessalica
894 1105 1011 1190 Tempe
1025 1109 1164 1169 omnibus
1187 1107 1223 1168 iis
1239 1105 1423 1180 civitatibus,

261 1199 264 1204 ’
371 1191 493 1277 'quibus
508 1215 577 1257 cum
592 1217 662 1276 rege
677 1195 856 1277 disceptatio
872 1205 947 1272 erat,
964 1195 1123 1258 concilium
1139 1195 1287 1255 indictum
1305 1205 1364 1254 est.

429 1279 530 1344 XXV.
568 1281 614 1344 Ibi
651 1303 742 1364 quum
776 1281 905 1342 Romani
942 1281 1034 1362 legati
1073 1281 1312 1363 disceptatorum
1348 1279 1424 1356 loco,

385 1365 524 1432 Thessali
549 1368 756 1452 Perrhaebique
784 1380 815 1430 et
836 1366 1024 1429 Athamanes
1050 1369 1131 1429 haud
1158 1367 1241 1428 dubii
1265 1379 1423 1452 accusato·

385 1477 443 1533 res,
466 1454 622 1538 Philippus
648 1457 685 1516 ad
708 1454 858 1516 audienda
883 1455 1009 1515 crimina
1034 1465 1187 1540 tamquam
1213 1475 1290 1532 reus,
1320 1473 1424 1514 corr*

385 1543 519 1619 dissent3
554 1562 609 1624 pro
634 1543 755 1624 ingenio
769 1542 893 1624 quisque
916 1561 1031 1619 eorum,
1054 1543 1105 1622 qui
1121 1542 1271 1624 principes
1296 1541 1422 1621 legatio-

385 1649 456 1690 num
472 1641 567 1705 erant,
585 1640 616 1689 et
630 1630 729 1710 gratia
744 1650 813 1689 cum
830 1627 969 1712 Philippo
984 1640 1038 1689 aut
1052 1628 1133 1704 odio,
1155 1629 1293 1690 acerbius
1310 1629 1420 1689 lenius-

313 1720 318 1726 ’
383 1736 419 1776 ve
452 1727 589 1796 egerunt.
645 1715 678 1776 ln
710 1715 945 1776 controversiam
972 1727 1072 1776 autem
1106 1715 1277 1791 veniebant,
1310 1713 1420 1796 Philip-

383 1803 514 1884 popolis,
534 1799 654 1880 Tricca,
677 1799 827 1878 Phaloria,
850 1813 882 1862 et
906 1805 931 1840 ⁹⁰
942 1800 1129 1884 Eurymenae,
1157 1815 1188 1863 et
1214 1815 1321 1863 cetera
1346 1803 1422 1862 circa

384 1909 436 1948 eas
462 1887 596 1970 oppida,
635 1903 735 1950 utrum
761 1886 974 1950 Thessalorum
1000 1886 1087 1968 juris,
1118 1908 1210 1968 quum
1235 1889 1265 1948 vi
1296 1887 1421 1950 ademta

384 1994 586 2055 possessaque
602 1976 640 2036 ab
662 1973 776 2037 AEtolis
801 1974 909 2051 soient,
939 1973 1021 2054 (nam
1042 1973 1214 2057 Philippum
1230 1972 1348 2036 AEtolis
1369 1975 1421 2035 ad-

385 2061 493 2122 emisse
508 2082 559 2122 eas
574 2061 745 2140 constabat)
766 2083 804 2122 an
818 2059 955 2122 AEtolica
980 2062 1145 2141 antiquitus
1161 2083 1198 2122 ea
1212 2061 1330 2144 oppida
1350 2060 1420 2121 fuis-

383 2159 461 2208 sent.
485 2147 554 2209 ‘ita
569 2149 649 2209 euim
665 2146 797 2209 Acilium
812 2149 874 2228 regi
890 2148 1085 2224 concessisse,
1108 2149 1131 2208 si
1148 2145 1326 2210 AEtolorurn
1349 2147 1420 2208 fuis-

385 2235 485 2312 ‘seut,
508 2236 586 2297 etsi
608 2235 772 2312 voluntate,
794 2255 855 2294 non
880 2233 926 2295 sis
943 2235 969 2294 vi
993 2247 1083 2314 atque
1106 2235 1196 2295 armis
1219 2235 1332 2312 coacti,
1354 2255 1421 2295 curn

383 2317 521 2381 ‘AEtolis
536 2318 656 2386 essent'
689 2320 832 2402 Ejusdem
848 2320 982 2381 formulae
998 2319 1177 2403 disceptatio
1193 2321 1231 2381 de
1249 2319 1422 2382 Perrhaebo-

383 2427 447 2467 rum
465 2405 707 2489 Magnetumque
722 2407 841 2490 oppidis
856 2406 922 2468 luit.
936 2407 1071 2468 omnium
1087 2408 1167 2468 euim
1178 2406 1250 2489 jura
1264 2409 1422 2490 possiden·

384 2491 423 2554 do
439 2515 492 2574 per
507 2496 681 2556 occasiones
697 2492 795 2556 AEtoli
816 2494 1008 2554 miscuerant.
1031 2493 1082 2554 Ad
1096 2495 1170 2570 bac,
1185 2514 1252 2575 quae
1268 2495 1423 2576 discepta-

381 2579 472 2639 tionis
488 2591 584 2656 erant‚
599 2580 726 2661 querelae
740 2579 954 2641 Thessalorum
969 2579 1106 2661 adjecta,
1122 2581 1132 2612 ‘
1147 2580 1228 2662 quod
1243 2602 1279 2641 ea
1293 2582 1420 2663 oppida,

382 2664 432 2726 ‘si
443 2665 507 2746 jam
526 2667 720 2728 redderentur
736 2667 803 2744 sibi,
819 2667 950 2748 spoliata
959 2676 999 2727 'ac
1015 2667 1136 2728 deserta
1147 2668 1311 2728 redditurus
1327 2681 1420 2730 esset.

381 2753 391 2785 ‘
406 2773 488 2830 nam,
498 2764 604 2835 praeter
612 2753 682 2814 belli
693 2754 810 2814 casibus
820 2753 955 2831 amissos,
965 2755 1146 2834 quingentos
1157 2755 1298 2836 principes
1304 2752 1418 2835 juren-

382 2839 392 2871 ‘
408 2839 479 2900 tutis
491 2840 522 2900 iu
537 2839 751 2902 Macedoniam
764 2839 935 2914 abduxisse,
952 2855 983 2902 et
997 2861 1090 2921 opera
1101 2861 1204 2902 eorum
1218 2842 1248 2900 in
1263 2841 1420 2902 servilibus

382 2927 391 2958 ‘
407 2926 490 2988 abuti
497 2927 683 2988 ministeriis:
702 2929 742 3004 et,
753 2946 816 3006 quae
827 2925 1422 3004 reddideritcoactusThessalis,inutilia

381 3013 438 3073 ‘ut
449 3012 598 3092 redderet,
608 3035 735 3074 curasse.
758 3009 911 3073 ⁹¹Thebas
922 3010 1046 3074 Phthias
1055 3033 1148 3074 unum
1159 3014 1346 3075 maritimum
1356 3033 1423 3074 em-

382 3100 391 3131 ‘
408 3099 525 3180 parium
536 3099 637 3178 fuisse,
649 3099 802 3181 quondam
813 3096 967 3159 Thessalis
979 3111 1179 3180 quaestuosum
1190 3113 1222 3162 et
1234 3099 1422 3180 frugiferum.

381 3186 391 3217 ‘
407 3187 433 3224 θ’
445 3183 490 3246 lbi
502 3187 623 3247 navibus
634 3186 777 3247 onerariis
787 3186 981 3266 comparatis,
990 3207 1173 3268 regern,quae
1182 3199 1292 3268 practer
1299 3183 1422 3246 Thebas

382 3267 634 3334 ‘Demetriadem
651 3275 770 3334 cursum
786 3271 962 3351 dirigerent,
976 3273 1215 3353 negotiationem
1237 3273 1424 3333 maritimam

382 3358 729 3428 ‘omnerneoavertissa
750 3357 822 3420 Jarn
831 3358 1144 3442 nealegatisquidem,
1151 3361 1201 3440 qui
1207 3357 1423 3440 juregerrtium

773 3513 808 3564 ssi
818 3516 862 3565 del.
876 3517 949 3564 Gron.
962 3517 1030 3564 Crev.

411 3635 434 3670 9⁰
451 3635 589 3702 Eurymerrc,
616 3649 637 3688 et
662 3648 732 3688 cetera
758 3642 817 3690 circo
850 3655 885 3688 eut
915 3641 1034 3703 lippopolln
1051 3641 1094 3689 oei
1111 3639 1216 3704 jusserat.
1250 3641 1299 3689 Sed
1316 3641 1428 3688 nimirum

380 3701 468 3763 oppido]
515 3703 644 3767 Errryrnenoe
676 3707 754 3753 eadem
788 3705 884 3753 horrisae
916 3706 1028 3763 Thessali,
1046 3705 1156 3768 quiillam
1175 3706 1429 3756 tubenrbitsibired·

380 3767 432 3814 urbs
449 3779 492 3824 est,
510 3785 561 3830 quae
577 3769 689 3817 Straboni.
704 3771 720 3818 l.
739 3784 774 3818 rx.
790 3787 814 3834 p.
828 3772 883 3819 4⁴3.
916 3770 939 3817 di
956 3772 1079 3834 postulant,
1095 3787 1162 3819 verus
1177 3773 1206 3820 de
1225 3773 1338 3820 indistria
1357 3787 1429 3819 usur·

380 3831 583 3896 diciturErymuoe.
617 3835 725 3882 Ceterum
736 3834 836 3882 libenter
847 3851 883 3882 re·
916 3849 969 3898 pant
992 3853 1084 3892 nomen,
1107 3849 1185 3900 spreto
1204 3837 1246 3885 illo
1266 3851 1338 3892 noro,
1365 3837 1429 3897 qraod

379 3909 440 3945 secta
453 3914 552 3946 vacceos
567 3900 701 3960 legeremus.
716 3907 736 3947 rt
751 3909 821 3948 cetero
834 3904 880 3948 cir·
913 3901 1034 3964 Philippus,
1055 3904 1160 3951 adversus
1181 3917 1252 3964 quent
1276 3901 1375 3964 litigant
1392 3901 1430 3948 in·

378 3965 508 4038 cta-oppidu.
526 3981 567 4029 per
584 3966 691 4013 usitatam
712 3967 772 4030 apud
791 3967 879 4014 Livitun
912 3965 1005 4014 diderat.

378 4028 552 4142 enllTTTlrcltus
564 4095 668 4160 Phthius]
689 4097 777 4144 Theben
789 4097 879 4144 Phthiae
912 4029 1431 4160 deiderserialTlTlippobihssTlidbissffiigde

378 4158 456 4204 eadem
468 4171 503 4207 cst
513 4163 565 4206 urbs
576 4176 628 4223 quae
638 4176 714 4224 supra,
728 4162 771 4209 hoc
782 4162 829 4225 ipso
840 4179 879 4210 cr·
912 4163 1024 4209 onerarias
1044 4177 1119 4217 naves,
1137 4160 1219 4223 quibua
1239 4161 1430 4220 negotiationem

377 4223 433 4282 pite,
451 4224 535 4272 dicitnr
552 4226 718 4288 Philippopolis.
752 4227 816 4274 lllanr
828 4245 878 4290 cap·
912 4225 1431 4289 exercensipse,etadvectasexalitsregio·

377 4299 423 4332 ram
444 4287 566 4354 Philippus,
582 4303 605 4336 et
615 4308 629 4336 a
640 4306 717 4351 magna
736 4303 797 4350 parte
818 4294 878 4340 inco·
912 4293 1226 4356 nibusmercescomportans
1238 4289 1430 4345 Demetriadem.

376 4349 456 4407 larum,
481 4357 601 4410 desertam,
620 4355 691 4419 (qnod
716 4357 782 4403 docet
806 4359 879 4404 obiter
910 4360 1067 4418 frequentaret
1086 4355 1140 4403 illud
1158 4357 1295 4420 emporium,
1314 4369 1430 4416 ernegu-

375 4416 452 4463 Livitrs
466 4417 482 4464 l.
498 4431 592 4468 xxvrtt.
614 4436 635 4466 c.
655 4421 688 4482 7.)
716 4422 780 4468 novis
794 4422 878 4470 colonis
910 4425 1026 4470 riationcm
1038 4437 1066 4470 eo
1077 4423 1143 4471 ruodo
1155 4440 1167 4471 a
1179 4421 1202 4472 T
1202 4422 1269 4472 nebia
1284 4421 1428 4472 Demetria-

374 4482 565 4544 frequentaverat,
581 4495 605 4531 et
616 4485 644 4532 de
655 4500 696 4533 suo
715 4488 808 4535 nornine
823 4487 877 4536 Phi·
910 4490 1093 4538 demonstrent.
