<?xml version="1.0" encoding="UTF-8"?>
<!DOCTYPE html PUBLIC "-//W3C//DTD XHTML 1.0 Transitional//EN"
    "http://www.w3.org/TR/xhtml1/DTD/xhtml1-transitional.dtd">
<html xmlns="http://www.w3.org/1999/xhtml" xml:lang="en" lang="en">
 <head>
  <title>
</title>
<meta http-equiv="Content-Type" content="text/html;charset=utf-8" />
  <meta name='ocr-system' content='tesseract 3.04.00' />
  <meta name='ocr-capabilities' content='ocr_page ocr_carea ocr_par ocr_line ocrx_word'/>
</head>
<body>
  <div class='ocr_page' id='page_1' title='image "./tliviipatavinih00grongoog_0402.png"; bbox 0 0 3122 5194; ppageno 0'>
   <div class='ocr_carea' id='block_1_1' title="bbox 388 307 1026 420">
    <p class='ocr_par' dir='ltr' id='par_1_1' title="bbox 388 307 1026 420">
     <span class='ocr_line' id='line_1_1' title="bbox 388 307 1026 420; baseline -0.008 0"><span class='ocrx_word' id='word_1_1' title='bbox 388 361 450 420; x_wconf 75' lang='lat' dir='ltr'>sss</span> <span class='ocrx_word' id='word_1_2' title='bbox 664 307 666 311; x_wconf 28' lang='lat'>⁸</span> <span class='ocrx_word' id='word_1_3' title='bbox 806 355 890 416; x_wconf 82' lang='lat' dir='ltr'>mn</span> <span class='ocrx_word' id='word_1_4' title='bbox 909 325 1026 417; x_wconf 82' lang='lat' dir='ltr'>mvn¹</span> 
     </span>
    </p>
   </div>
   <div class='ocr_carea' id='block_1_2' title="bbox 224 511 1536 3711">
    <p class='ocr_par' dir='ltr' id='par_1_2' title="bbox 224 511 1536 3711">
     <span class='ocr_line' id='line_1_2' title="bbox 224 511 1443 594; baseline 0.004 -18"><span class='ocrx_word' id='word_1_5' title='bbox 224 512 367 566; x_wconf 61' lang='lat' dir='ltr'>Mitt·</span> <span class='ocrx_word' id='word_1_6' title='bbox 394 533 453 594; x_wconf 90' lang='lat' dir='ltr'>que</span> <span class='ocrx_word' id='word_1_7' title='bbox 482 522 680 576; x_wconf 86' lang='lat' dir='ltr'>monumenta</span> <span class='ocrx_word' id='word_1_8' title='bbox 704 511 906 576; x_wconf 87' lang='lat' dir='ltr'>ostenduntur</span> <span class='ocrx_word' id='word_1_9' title='bbox 932 525 965 575; x_wconf 90' lang='lat' dir='ltr'>et</span> <span class='ocrx_word' id='word_1_10' title='bbox 989 524 1108 577; x_wconf 76' lang='lat' dir='ltr'>statue.</span> <span class='ocrx_word' id='word_1_11' title='bbox 1142 511 1247 576; x_wconf 90' lang='lat' dir='ltr'>·Nam</span> <span class='ocrx_word' id='word_1_12' title='bbox 1269 526 1302 578; x_wconf 86' lang='lat' dir='ltr'>et</span> <span class='ocrx_word' id='word_1_13' title='bbox 1323 513 1443 581; x_wconf 79' lang='lat' dir='ltr'>Literni</span> 
     </span>
     <span class='ocr_line' id='line_1_3' title="bbox 224 577 1536 686; baseline 0.005 -24"><span class='ocrx_word' id='word_1_14' title='bbox 224 581 259 632; x_wconf 53' lang='grc' dir='ltr'>Α·</span> <span class='ocrx_word' id='word_1_15' title='bbox 270 578 299 632; x_wconf 78' lang='lat'>⁰·</span> <span class='ocrx_word' id='word_1_16' title='bbox 312 577 368 633; x_wconf 75' lang='lat'><strong>¹⁸⁷·</strong></span> <span class='ocrx_word' id='word_1_17' title='bbox 394 610 626 663; x_wconf 87' lang='lat' dir='ltr'>monumentum</span> <span class='ocrx_word' id='word_1_18' title='bbox 641 609 900 680; x_wconf 89' lang='lat' dir='ltr'>monumentoque</span> <span class='ocrx_word' id='word_1_19' title='bbox 915 610 1017 661; x_wconf 80' lang='lat' dir='ltr'>staura</span> <span class='ocrx_word' id='word_1_20' title='bbox 1031 600 1257 684; x_wconf 84' lang='lat' dir='ltr'>superinposita</span> <span class='ocrx_word' id='word_1_21' title='bbox 1266 602 1334 682; x_wconf 85' lang='lat' dir='ltr'>fuit,</span> <span class='ocrx_word' id='word_1_22' title='bbox 1346 625 1442 686; x_wconf 87' lang='lat' dir='ltr'>quam</span> <span class='ocrx_word' id='word_1_23' title='bbox 1531 603 1536 612; x_wconf 88' lang='lat'>&#39;</span> 
     </span>
     <span class='ocr_line' id='line_1_4' title="bbox 393 683 1441 771; baseline 0.004 -22"><span class='ocrx_word' id='word_1_24' title='bbox 393 697 577 771; x_wconf 76' lang='lat' dir='ltr'><strong>tempestate</strong></span> <span class='ocrx_word' id='word_1_25' title='bbox 599 683 758 768; x_wconf 85' lang='lat' dir='ltr'>disjectam</span> <span class='ocrx_word' id='word_1_26' title='bbox 787 707 883 768; x_wconf 80' lang='lat' dir='ltr'>nuper</span> <span class='ocrx_word' id='word_1_27' title='bbox 908 686 1036 748; x_wconf 86' lang='lat' dir='ltr'>vidimus</span> <span class='ocrx_word' id='word_1_28' title='bbox 1066 686 1135 770; x_wconf 88' lang='lat' dir='ltr'>ipsi.</span> <span class='ocrx_word' id='word_1_29' title='bbox 1192 686 1234 750; x_wconf 85' lang='lat' dir='ltr'>Et</span> <span class='ocrx_word' id='word_1_30' title='bbox 1255 687 1362 752; x_wconf 74' lang='lat' dir='ltr'>Rome</span> <span class='ocrx_word' id='word_1_31' title='bbox 1383 711 1441 753; x_wconf 78' lang='lat' dir='ltr'>ex-</span> 
     </span>
     <span class='ocr_line' id='line_1_5' title="bbox 393 770 1440 857; baseline 0.003 -20"><span class='ocrx_word' id='word_1_32' title='bbox 393 785 444 837; x_wconf 89' lang='lat' dir='ltr'>tra</span> <span class='ocrx_word' id='word_1_33' title='bbox 466 782 585 856; x_wconf 88' lang='lat' dir='ltr'>portam</span> <span class='ocrx_word' id='word_1_34' title='bbox 607 770 765 857; x_wconf 79' lang='lat' dir='ltr'>Capenam</span> <span class='ocrx_word' id='word_1_35' title='bbox 791 773 823 834; x_wconf 91' lang='lat' dir='ltr'>in</span> <span class='ocrx_word' id='word_1_36' title='bbox 852 770 1029 856; x_wconf 82' lang='lat' dir='ltr'>Scipionum</span> <span class='ocrx_word' id='word_1_37' title='bbox 1057 787 1256 836; x_wconf 86' lang='lat' dir='ltr'>monumento</span> <span class='ocrx_word' id='word_1_38' title='bbox 1281 787 1345 838; x_wconf 86' lang='lat' dir='ltr'>tras</span> <span class='ocrx_word' id='word_1_39' title='bbox 1375 788 1440 840; x_wconf 87' lang='lat' dir='ltr'>sts·</span> 
     </span>
     <span class='ocr_line' id='line_1_6' title="bbox 393 855 1442 943; baseline 0.004 -21"><span class='ocrx_word' id='word_1_40' title='bbox 393 871 454 922; x_wconf 78' lang='lat' dir='ltr'>tua</span> <span class='ocrx_word' id='word_1_41' title='bbox 475 870 562 920; x_wconf 85' lang='lat' dir='ltr'>sunt:</span> <span class='ocrx_word' id='word_1_42' title='bbox 592 855 717 940; x_wconf 86' lang='lat' dir='ltr'>quarum</span> <span class='ocrx_word' id='word_1_43' title='bbox 740 859 806 921; x_wconf 82' lang='lat' dir='ltr'>dua</span> <span class='ocrx_word' id='word_1_44' title='bbox 828 858 861 920; x_wconf 89' lang='lat' dir='ltr'>P.</span> <span class='ocrx_word' id='word_1_45' title='bbox 883 871 915 923; x_wconf 88' lang='lat' dir='ltr'>et</span> <span class='ocrx_word' id='word_1_46' title='bbox 935 857 972 921; x_wconf 98' lang='lat' dir='ltr'>L.</span> <span class='ocrx_word' id='word_1_47' title='bbox 994 857 1172 943; x_wconf 83' lang='lat' dir='ltr'>Scipionum</span> <span class='ocrx_word' id='word_1_48' title='bbox 1197 861 1339 924; x_wconf 88' lang='lat' dir='ltr'>dicuntur</span> <span class='ocrx_word' id='word_1_49' title='bbox 1362 883 1442 942; x_wconf 88' lang='lat' dir='ltr'>esse,</span> 
     </span>
     <span class='ocr_line' id='line_1_7' title="bbox 393 944 1443 1030; baseline 0.004 -22"><span class='ocrx_word' id='word_1_50' title='bbox 393 946 486 1024; x_wconf 85' lang='lat' dir='ltr'>tertia</span> <span class='ocrx_word' id='word_1_51' title='bbox 507 954 605 1027; x_wconf 77' lang='lat' dir='ltr'>poete</span> <span class='ocrx_word' id='word_1_52' title='bbox 626 944 665 1015; x_wconf 87' lang='lat' dir='ltr'>Q.</span> <span class='ocrx_word' id='word_1_53' title='bbox 679 944 781 1007; x_wconf 84' lang='lat' dir='ltr'>Ennii.</span> <span class='ocrx_word' id='word_1_54' title='bbox 828 944 894 1008; x_wconf 87' lang='lat' dir='ltr'>Nee</span> <span class='ocrx_word' id='word_1_55' title='bbox 916 945 995 1009; x_wconf 89' lang='lat' dir='ltr'>inter</span> <span class='ocrx_word' id='word_1_56' title='bbox 1017 947 1177 1030; x_wconf 78' lang='lat' dir='ltr'>scriptores</span> <span class='ocrx_word' id='word_1_57' title='bbox 1199 969 1297 1010; x_wconf 87' lang='lat' dir='ltr'>rerum</span> <span class='ocrx_word' id='word_1_58' title='bbox 1321 949 1443 1012; x_wconf 86' lang='lat' dir='ltr'>discre-</span> 
     </span>
     <span class='ocr_line' id='line_1_8' title="bbox 394 1031 1445 1117; baseline 0.004 -22"><span class='ocrx_word' id='word_1_59' title='bbox 394 1045 461 1116; x_wconf 88' lang='lat' dir='ltr'>pat</span> <span class='ocrx_word' id='word_1_60' title='bbox 475 1031 584 1108; x_wconf 87' lang='lat' dir='ltr'>solum,</span> <span class='ocrx_word' id='word_1_61' title='bbox 610 1031 665 1094; x_wconf 88' lang='lat' dir='ltr'>sed</span> <span class='ocrx_word' id='word_1_62' title='bbox 684 1031 836 1094; x_wconf 88' lang='lat' dir='ltr'>orationes</span> <span class='ocrx_word' id='word_1_63' title='bbox 860 1053 989 1116; x_wconf 89' lang='lat' dir='ltr'>quoque,</span> <span class='ocrx_word' id='word_1_64' title='bbox 1017 1034 1042 1094; x_wconf 88' lang='lat' dir='ltr'>si</span> <span class='ocrx_word' id='word_1_65' title='bbox 1073 1033 1167 1096; x_wconf 89' lang='lat' dir='ltr'>modo</span> <span class='ocrx_word' id='word_1_66' title='bbox 1195 1035 1331 1117; x_wconf 86' lang='lat' dir='ltr'>ipsorum</span> <span class='ocrx_word' id='word_1_67' title='bbox 1354 1050 1445 1116; x_wconf 85' lang='lat' dir='ltr'>sunt,</span> 
     </span>
     <span class='ocr_line' id='line_1_9' title="bbox 394 1116 1448 1202; baseline 0.004 -20"><span class='ocrx_word' id='word_1_68' title='bbox 394 1139 461 1202; x_wconf 74' lang='lat' dir='ltr'>qum</span> <span class='ocrx_word' id='word_1_69' title='bbox 482 1120 629 1198; x_wconf 82' lang='lat' dir='ltr'>feruntur,</span> <span class='ocrx_word' id='word_1_70' title='bbox 650 1116 686 1180; x_wconf 85' lang='lat' dir='ltr'>P.</span> <span class='ocrx_word' id='word_1_71' title='bbox 707 1116 858 1202; x_wconf 84' lang='lat' dir='ltr'>Scipionis</span> <span class='ocrx_word' id='word_1_72' title='bbox 888 1130 920 1180; x_wconf 92' lang='lat' dir='ltr'>et</span> <span class='ocrx_word' id='word_1_73' title='bbox 942 1117 992 1182; x_wconf 83' lang='lat' dir='ltr'>Ti.</span> <span class='ocrx_word' id='word_1_74' title='bbox 1013 1117 1144 1182; x_wconf 77' lang='lat' dir='ltr'>Gracchi</span> <span class='ocrx_word' id='word_1_75' title='bbox 1167 1121 1343 1186; x_wconf 84' lang='lat' dir='ltr'>abhorrent&#39;</span> <span class='ocrx_word' id='word_1_76' title='bbox 1357 1124 1448 1186; x_wconf 84' lang='lat' dir='ltr'>inter</span> 
     </span>
     <span class='ocr_line' id='line_1_10' title="bbox 395 1203 1441 1294; baseline 0.004 -26"><span class='ocrx_word' id='word_1_77' title='bbox 395 1226 440 1268; x_wconf 92' lang='lat' dir='ltr'>se.</span> <span class='ocrx_word' id='word_1_78' title='bbox 499 1204 595 1294; x_wconf 67' lang='lat' dir='ltr'>lnderr</span> <span class='ocrx_word' id='word_1_79' title='bbox 616 1205 762 1268; x_wconf 88' lang='lat' dir='ltr'>orationis</span> <span class='ocrx_word' id='word_1_80' title='bbox 784 1205 817 1268; x_wconf 91' lang='lat' dir='ltr'>P.</span> <span class='ocrx_word' id='word_1_81' title='bbox 835 1203 987 1288; x_wconf 79' lang='lat' dir='ltr'>Scipionis</span> <span class='ocrx_word' id='word_1_82' title='bbox 1009 1227 1121 1268; x_wconf 89' lang='lat' dir='ltr'>nomen</span> <span class='ocrx_word' id='word_1_83' title='bbox 1143 1205 1190 1270; x_wconf 90' lang='lat' dir='ltr'>M.</span> <span class='ocrx_word' id='word_1_84' title='bbox 1204 1205 1298 1271; x_wconf 84' lang='lat' dir='ltr'>Naevii</span> <span class='ocrx_word' id='word_1_85' title='bbox 1321 1210 1441 1272; x_wconf 86' lang='lat' dir='ltr'>tribuni</span> 
     </span>
     <span class='ocr_line' id='line_1_11' title="bbox 394 1292 1441 1374; baseline 0.005 -20"><span class='ocrx_word' id='word_1_86' title='bbox 394 1292 492 1374; x_wconf 88' lang='lat' dir='ltr'>plebis</span> <span class='ocrx_word' id='word_1_87' title='bbox 508 1293 617 1355; x_wconf 85' lang='lat' dir='ltr'>habet:</span> <span class='ocrx_word' id='word_1_88' title='bbox 640 1292 707 1374; x_wconf 84' lang='lat' dir='ltr'>ipsa</span> <span class='ocrx_word' id='word_1_89' title='bbox 728 1293 827 1356; x_wconf 85' lang='lat' dir='ltr'>oratio</span> <span class='ocrx_word' id='word_1_90' title='bbox 848 1292 1057 1354; x_wconf 88' lang='lat' dir='ltr'>sinenomine</span> <span class='ocrx_word' id='word_1_91' title='bbox 1080 1305 1127 1355; x_wconf 87' lang='lat' dir='ltr'>est</span> <span class='ocrx_word' id='word_1_92' title='bbox 1142 1297 1335 1357; x_wconf 88' lang='lat' dir='ltr'>accusatoris.</span> <span class='ocrx_word' id='word_1_93' title='bbox 1357 1299 1441 1359; x_wconf 82' lang='lat' dir='ltr'>⁷ne·</span> 
     </span>
     <span class='ocr_line' id='line_1_12' title="bbox 394 1379 1440 1462; baseline 0.004 -22"><span class='ocrx_word' id='word_1_94' title='bbox 394 1379 538 1442; x_wconf 90' lang='lat' dir='ltr'>bulonem</span> <span class='ocrx_word' id='word_1_95' title='bbox 569 1379 672 1458; x_wconf 77' lang='lat' dir='ltr'>modo,</span> <span class='ocrx_word' id='word_1_96' title='bbox 698 1380 791 1440; x_wconf 91' lang='lat' dir='ltr'>modo</span> <span class='ocrx_word' id='word_1_97' title='bbox 820 1389 1000 1459; x_wconf 77' lang='lat' dir='ltr'>nugatorem</span> <span class='ocrx_word' id='word_1_98' title='bbox 1029 1379 1174 1462; x_wconf 85' lang='lat' dir='ltr'>adpellat.</span> <span class='ocrx_word' id='word_1_99' title='bbox 1228 1380 1276 1442; x_wconf 89' lang='lat' dir='ltr'>Ne</span> <span class='ocrx_word' id='word_1_100' title='bbox 1301 1380 1440 1444; x_wconf 87' lang='lat' dir='ltr'>Gracchi</span> 
     </span>
     <span class='ocr_line' id='line_1_13' title="bbox 395 1464 1444 1548; baseline 0.005 -21"><span class='ocrx_word' id='word_1_101' title='bbox 395 1466 518 1548; x_wconf 87' lang='lat' dir='ltr'>quidem</span> <span class='ocrx_word' id='word_1_102' title='bbox 540 1466 639 1527; x_wconf 84' lang='lat' dir='ltr'>oratio</span> <span class='ocrx_word' id='word_1_103' title='bbox 669 1477 721 1528; x_wconf 88' lang='lat' dir='ltr'>aut</span> <span class='ocrx_word' id='word_1_104' title='bbox 752 1464 949 1544; x_wconf 85' lang='lat' dir='ltr'>Petilliorum,</span> <span class='ocrx_word' id='word_1_105' title='bbox 976 1477 1185 1529; x_wconf 82' lang='lat' dir='ltr'>accusatonnn</span> <span class='ocrx_word' id='word_1_106' title='bbox 1210 1467 1358 1548; x_wconf 86' lang='lat' dir='ltr'>Africani,</span> <span class='ocrx_word' id='word_1_107' title='bbox 1382 1483 1444 1533; x_wconf 80' lang='lat' dir='ltr'>ant</span> 
     </span>
     <span class='ocr_line' id='line_1_14' title="bbox 395 1550 1442 1618; baseline 0.004 -4"><span class='ocrx_word' id='word_1_108' title='bbox 395 1551 456 1614; x_wconf 91' lang='lat' dir='ltr'>diei</span> <span class='ocrx_word' id='word_1_109' title='bbox 472 1552 562 1614; x_wconf 85' lang='lat' dir='ltr'>dictae</span> <span class='ocrx_word' id='word_1_110' title='bbox 575 1550 720 1616; x_wconf 85' lang='lat' dir='ltr'>Africano</span> <span class='ocrx_word' id='word_1_111' title='bbox 733 1553 824 1614; x_wconf 86' lang='lat' dir='ltr'>ullam</span> <span class='ocrx_word' id='word_1_112' title='bbox 848 1553 1035 1615; x_wconf 84' lang='lat' dir='ltr'>mentionem</span> <span class='ocrx_word' id='word_1_113' title='bbox 1050 1554 1153 1616; x_wconf 86' lang='lat' dir='ltr'>habet.</span> <span class='ocrx_word' id='word_1_114' title='bbox 1203 1553 1275 1616; x_wconf 86' lang='lat' dir='ltr'>Alia</span> <span class='ocrx_word' id='word_1_115' title='bbox 1296 1565 1365 1617; x_wconf 88' lang='lat' dir='ltr'>tota</span> <span class='ocrx_word' id='word_1_116' title='bbox 1387 1577 1442 1618; x_wconf 87' lang='lat' dir='ltr'>se-</span> 
     </span>
     <span class='ocr_line' id='line_1_15' title="bbox 282 1638 1438 1718; baseline 0.003 -17"><span class='ocrx_word' id='word_1_117' title='bbox 282 1705 284 1710; x_wconf 65' lang='grc'><em>,</em></span> <span class='ocrx_word' id='word_1_118' title='bbox 394 1639 491 1702; x_wconf 87' lang='lat' dir='ltr'>renda</span> <span class='ocrx_word' id='word_1_119' title='bbox 511 1639 615 1700; x_wconf 84' lang='lat' dir='ltr'>fabula</span> <span class='ocrx_word' id='word_1_120' title='bbox 636 1638 836 1718; x_wconf 69' lang='lat' dir='ltr'>estGracchi</span> <span class='ocrx_word' id='word_1_121' title='bbox 860 1641 990 1701; x_wconf 86' lang='lat' dir='ltr'>orationi</span> <span class='ocrx_word' id='word_1_122' title='bbox 1012 1641 1216 1713; x_wconf 82' lang='lat' dir='ltr'>conveniens:¹</span> <span class='ocrx_word' id='word_1_123' title='bbox 1243 1651 1274 1702; x_wconf 91' lang='lat' dir='ltr'>et</span> <span class='ocrx_word' id='word_1_124' title='bbox 1296 1640 1339 1703; x_wconf 92' lang='lat' dir='ltr'>illi</span> <span class='ocrx_word' id='word_1_125' title='bbox 1362 1663 1438 1704; x_wconf 88' lang='lat' dir='ltr'>anc-</span> 
     </span>
     <span class='ocr_line' id='line_1_16' title="bbox 394 1724 1443 1810; baseline 0.004 -22"><span class='ocrx_word' id='word_1_126' title='bbox 394 1737 476 1788; x_wconf 87' lang='lat' dir='ltr'>tores</span> <span class='ocrx_word' id='word_1_127' title='bbox 498 1726 643 1810; x_wconf 87' lang='lat' dir='ltr'>sequendi</span> <span class='ocrx_word' id='word_1_128' title='bbox 667 1739 748 1802; x_wconf 89' lang='lat' dir='ltr'>sunt,</span> <span class='ocrx_word' id='word_1_129' title='bbox 774 1727 837 1808; x_wconf 85' lang='lat' dir='ltr'>qni,</span> <span class='ocrx_word' id='word_1_130' title='bbox 858 1746 952 1809; x_wconf 90' lang='lat' dir='ltr'>quum.</span> <span class='ocrx_word' id='word_1_131' title='bbox 973 1724 1009 1788; x_wconf 98' lang='lat' dir='ltr'>L.</span> <span class='ocrx_word' id='word_1_132' title='bbox 1032 1724 1136 1810; x_wconf 90' lang='lat' dir='ltr'>Scipio</span> <span class='ocrx_word' id='word_1_133' title='bbox 1158 1739 1189 1790; x_wconf 91' lang='lat' dir='ltr'>et</span> <span class='ocrx_word' id='word_1_134' title='bbox 1212 1739 1382 1808; x_wconf 86' lang='lat' dir='ltr'>accusatus,</span> <span class='ocrx_word' id='word_1_135' title='bbox 1405 1740 1443 1792; x_wconf 85' lang='lat' dir='ltr'>et</span> 
     </span>
     <span class='ocr_line' id='line_1_17' title="bbox 394 1812 1439 1896; baseline 0.005 -22"><span class='ocrx_word' id='word_1_136' title='bbox 394 1812 557 1874; x_wconf 85' lang='lat' dir='ltr'>damnatus</span> <span class='ocrx_word' id='word_1_137' title='bbox 578 1813 620 1874; x_wconf 91' lang='lat' dir='ltr'>sit</span> <span class='ocrx_word' id='word_1_138' title='bbox 639 1812 773 1894; x_wconf 81' lang='lat' dir='ltr'>pecuniae</span> <span class='ocrx_word' id='word_1_139' title='bbox 799 1825 897 1896; x_wconf 78' lang='lat' dir='ltr'>capte</span> <span class='ocrx_word' id='word_1_140' title='bbox 923 1814 961 1874; x_wconf 89' lang='lat' dir='ltr'>ab</span> <span class='ocrx_word' id='word_1_141' title='bbox 986 1833 1068 1894; x_wconf 86' lang='lat' dir='ltr'>rege,</span> <span class='ocrx_word' id='word_1_142' title='bbox 1094 1813 1228 1895; x_wconf 87' lang='lat' dir='ltr'>legatum</span> <span class='ocrx_word' id='word_1_143' title='bbox 1254 1815 1286 1875; x_wconf 90' lang='lat' dir='ltr'>in</span> <span class='ocrx_word' id='word_1_144' title='bbox 1312 1813 1439 1879; x_wconf 87' lang='lat' dir='ltr'>Etruria</span> 
     </span>
     <span class='ocr_line' id='line_1_18' title="bbox 394 1898 1437 1982; baseline 0.005 -22"><span class='ocrx_word' id='word_1_145' title='bbox 394 1898 487 1960; x_wconf 86' lang='lat' dir='ltr'>fuisse</span> <span class='ocrx_word' id='word_1_146' title='bbox 507 1898 684 1960; x_wconf 80' lang='lat' dir='ltr'>Africanum</span> <span class='ocrx_word' id='word_1_147' title='bbox 706 1899 841 1961; x_wconf 87' lang='lat' dir='ltr'>trudunt.</span> <span class='ocrx_word' id='word_1_148' title='bbox 863 1919 923 1981; x_wconf 93' lang='lat' dir='ltr'>quo</span> <span class='ocrx_word' id='word_1_149' title='bbox 944 1899 1149 1982; x_wconf 73' lang='lat' dir='ltr'>postiemum</span> <span class='ocrx_word' id='word_1_150' title='bbox 1171 1902 1210 1962; x_wconf 89' lang='lat' dir='ltr'>de</span> <span class='ocrx_word' id='word_1_151' title='bbox 1239 1899 1340 1962; x_wconf 80' lang='lat' dir='ltr'>fratris</span> <span class='ocrx_word' id='word_1_152' title='bbox 1361 1923 1437 1965; x_wconf 86' lang='lat' dir='ltr'>casu</span> 
     </span>
     <span class='ocr_line' id='line_1_19' title="bbox 394 1984 1435 2069; baseline 0.004 -23"><span class='ocrx_word' id='word_1_153' title='bbox 394 1984 541 2064; x_wconf 83' lang='lat' dir='ltr'>adlatam,</span> <span class='ocrx_word' id='word_1_154' title='bbox 557 1985 663 2048; x_wconf 90' lang='lat' dir='ltr'>relicta</span> <span class='ocrx_word' id='word_1_155' title='bbox 676 1985 828 2068; x_wconf 79' lang='lat' dir='ltr'>legatione</span> <span class='ocrx_word' id='word_1_156' title='bbox 843 1987 1009 2048; x_wconf 80' lang='lat' dir='ltr'>cucurrisse</span> <span class='ocrx_word' id='word_1_157' title='bbox 1025 2005 1094 2048; x_wconf 90' lang='lat' dir='ltr'>eum</span> <span class='ocrx_word' id='word_1_158' title='bbox 1111 1985 1257 2064; x_wconf 81' lang='lat' dir='ltr'>Romam3</span> <span class='ocrx_word' id='word_1_159' title='bbox 1284 1999 1325 2066; x_wconf 87' lang='lat' dir='ltr'>et,</span> <span class='ocrx_word' id='word_1_160' title='bbox 1340 2007 1435 2069; x_wconf 87' lang='lat' dir='ltr'>quam</span> 
     </span>
     <span class='ocr_line' id='line_1_20' title="bbox 395 2071 1433 2154; baseline 0.003 -20"><span class='ocrx_word' id='word_1_161' title='bbox 395 2092 416 2134; x_wconf 87' lang='lat' dir='ltr'>a</span> <span class='ocrx_word' id='word_1_162' title='bbox 435 2085 524 2154; x_wconf 85' lang='lat' dir='ltr'>porta</span> <span class='ocrx_word' id='word_1_163' title='bbox 546 2083 630 2133; x_wconf 81' lang='lat' dir='ltr'>reeta</span> <span class='ocrx_word' id='word_1_164' title='bbox 651 2072 690 2134; x_wconf 88' lang='lat' dir='ltr'>ad</span> <span class='ocrx_word' id='word_1_165' title='bbox 705 2071 802 2134; x_wconf 85' lang='lat' dir='ltr'>lorum</span> <span class='ocrx_word' id='word_1_166' title='bbox 825 2094 857 2134; x_wconf 86' lang='lat' dir='ltr'>se</span> <span class='ocrx_word' id='word_1_167' title='bbox 879 2072 1067 2150; x_wconf 88' lang='lat' dir='ltr'>contulisset,</span> <span class='ocrx_word' id='word_1_168' title='bbox 1082 2073 1165 2153; x_wconf 92' lang='lat' dir='ltr'>quod</span> <span class='ocrx_word' id='word_1_169' title='bbox 1183 2074 1215 2134; x_wconf 92' lang='lat' dir='ltr'>in</span> <span class='ocrx_word' id='word_1_170' title='bbox 1229 2074 1347 2135; x_wconf 87' lang='lat' dir='ltr'>vincula</span> <span class='ocrx_word' id='word_1_171' title='bbox 1361 2075 1433 2137; x_wconf 93' lang='lat' dir='ltr'>duci</span> 
     </span>
     <span class='ocr_line' id='line_1_21' title="bbox 393 2157 1457 2242; baseline 0.003 -22"><span class='ocrx_word' id='word_1_172' title='bbox 393 2158 517 2220; x_wconf 85' lang='lat' dir='ltr'>fratrem</span> <span class='ocrx_word' id='word_1_173' title='bbox 541 2158 655 2220; x_wconf 89' lang='lat' dir='ltr'>dictum</span> <span class='ocrx_word' id='word_1_174' title='bbox 678 2171 752 2238; x_wconf 86' lang='lat' dir='ltr'>erat,</span> <span class='ocrx_word' id='word_1_175' title='bbox 775 2159 918 2242; x_wconf 79' lang='lat' dir='ltr'>repulisse</span> <span class='ocrx_word' id='word_1_176' title='bbox 940 2180 960 2220; x_wconf 83' lang='lat' dir='ltr'>a</span> <span class='ocrx_word' id='word_1_177' title='bbox 980 2179 1106 2242; x_wconf 88' lang='lat' dir='ltr'>corpore</span> <span class='ocrx_word' id='word_1_178' title='bbox 1128 2157 1193 2240; x_wconf 84' lang='lat' dir='ltr'>ejus</span> <span class='ocrx_word' id='word_1_179' title='bbox 1214 2160 1375 2222; x_wconf 84' lang='lat' dir='ltr'>viatorem:</span> <span class='ocrx_word' id='word_1_180' title='bbox 1399 2173 1436 2223; x_wconf 89' lang='lat' dir='ltr'>et</span> <span class='ocrx_word' id='word_1_181' title='bbox 1454 2195 1457 2198; x_wconf 96' lang='lat'>·</span> 
     </span>
     <span class='ocr_line' id='line_1_22' title="bbox 393 2244 1433 2328; baseline 0.003 -22"><span class='ocrx_word' id='word_1_182' title='bbox 393 2244 531 2306; x_wconf 80' lang='lat' dir='ltr'>tribunis·</span> <span class='ocrx_word' id='word_1_183' title='bbox 546 2245 755 2324; x_wconf 82' lang='lat' dir='ltr'>retinentibus,</span> <span class='ocrx_word' id='word_1_184' title='bbox 779 2246 900 2327; x_wconf 70' lang='lat' dir='ltr'>⁸magis</span> <span class='ocrx_word' id='word_1_185' title='bbox 930 2245 990 2328; x_wconf 90' lang='lat' dir='ltr'>pie,</span> <span class='ocrx_word' id='word_1_186' title='bbox 1016 2267 1107 2328; x_wconf 88' lang='lat' dir='ltr'>quam</span> <span class='ocrx_word' id='word_1_187' title='bbox 1136 2246 1276 2325; x_wconf 84' lang='lat' dir='ltr'>civiliter,</span> <span class='ocrx_word' id='word_1_188' title='bbox 1300 2247 1361 2308; x_wconf 87' lang='lat' dir='ltr'>vim</span> <span class='ocrx_word' id='word_1_189' title='bbox 1386 2247 1433 2309; x_wconf 84' lang='lat' dir='ltr'>le-</span> 
     </span>
     <span class='ocr_line' id='line_1_23' title="bbox 393 2329 1436 2415; baseline 0.004 -23"><span class='ocrx_word' id='word_1_190' title='bbox 393 2329 481 2392; x_wconf 83' lang='lat' dir='ltr'>sisse.</span> <span class='ocrx_word' id='word_1_191' title='bbox 546 2329 653 2394; x_wconf 68' lang='lat' dir='ltr'>Hinclt</span> <span class='ocrx_word' id='word_1_192' title='bbox 683 2333 763 2394; x_wconf 89' lang='lat' dir='ltr'>enirn</span> <span class='ocrx_word' id='word_1_193' title='bbox 794 2333 858 2415; x_wconf 87' lang='lat' dir='ltr'>ipse</span> <span class='ocrx_word' id='word_1_194' title='bbox 888 2329 1042 2394; x_wconf 78' lang='lat' dir='ltr'>Gracchus</span> <span class='ocrx_word' id='word_1_195' title='bbox 1074 2333 1224 2414; x_wconf 76' lang='lat' dir='ltr'>quaritur,</span> <span class='ocrx_word' id='word_1_196' title='bbox 1254 2333 1436 2396; x_wconf 87' lang='lat' dir='ltr'>dissolutam</span> 
     </span>
     <span class='ocr_line' id='line_1_24' title="bbox 395 2417 1438 2502; baseline 0.003 -24"><span class='ocrx_word' id='word_1_197' title='bbox 395 2437 461 2479; x_wconf 86' lang='lat' dir='ltr'>esse</span> <span class='ocrx_word' id='word_1_198' title='bbox 487 2439 507 2478; x_wconf 91' lang='lat' dir='ltr'>a</span> <span class='ocrx_word' id='word_1_199' title='bbox 531 2418 648 2500; x_wconf 86' lang='lat' dir='ltr'>privato</span> <span class='ocrx_word' id='word_1_200' title='bbox 671 2419 862 2481; x_wconf 83' lang='lat' dir='ltr'>tribunicium</span> <span class='ocrx_word' id='word_1_201' title='bbox 885 2429 1087 2501; x_wconf 80' lang='lat' dir='ltr'>potestatemr</span> <span class='ocrx_word' id='word_1_202' title='bbox 1118 2417 1210 2481; x_wconf 89' lang='lat' dir='ltr'>etad</span> <span class='ocrx_word' id='word_1_203' title='bbox 1235 2431 1438 2502; x_wconf 89' lang='lat' dir='ltr'>postremum,</span> 
     </span>
     <span class='ocr_line' id='line_1_25' title="bbox 395 2499 1438 2588; baseline 0.003 -23"><span class='ocrx_word' id='word_1_204' title='bbox 395 2507 511 2586; x_wconf 72' lang='lat' dir='ltr'>’quum</span> <span class='ocrx_word' id='word_1_205' title='bbox 534 2505 679 2566; x_wconf 85' lang='lat' dir='ltr'>auxilium</span> <span class='ocrx_word' id='word_1_206' title='bbox 711 2503 746 2566; x_wconf 93' lang='lat' dir='ltr'>L.</span> <span class='ocrx_word' id='word_1_207' title='bbox 769 2499 906 2587; x_wconf 92' lang='lat' dir='ltr'>Scipioni</span> <span class='ocrx_word' id='word_1_208' title='bbox 934 2504 1094 2588; x_wconf 87' lang='lat' dir='ltr'>pollicetur</span> <span class='ocrx_word' id='word_1_209' title='bbox 1102 2505 1121 2584; x_wconf 92' lang='lat'>¹,</span> <span class='ocrx_word' id='word_1_210' title='bbox 1144 2503 1261 2588; x_wconf 89' lang='lat' dir='ltr'>adjicit,</span> <span class='ocrx_word' id='word_1_211' title='bbox 1290 2506 1438 2570; x_wconf 88' lang='lat' dir='ltr'>tolerabi-</span> 
     </span>
     <span class='ocr_line' id='line_1_26' title="bbox 396 2585 1435 2674; baseline 0.005 -23"><span class='ocrx_word' id='word_1_212' title='bbox 396 2589 478 2654; x_wconf 89' lang='lat' dir='ltr'>lioris</span> <span class='ocrx_word' id='word_1_213' title='bbox 501 2591 631 2673; x_wconf 83' lang='lat' dir='ltr'>exempli</span> <span class='ocrx_word' id='word_1_214' title='bbox 652 2611 727 2669; x_wconf 88' lang='lat' dir='ltr'>esse,</span> <span class='ocrx_word' id='word_1_215' title='bbox 749 2611 767 2652; x_wconf 84' lang='lat' dir='ltr'>a</span> <span class='ocrx_word' id='word_1_216' title='bbox 787 2585 909 2654; x_wconf 87' lang='lat' dir='ltr'>tribuno</span> <span class='ocrx_word' id='word_1_217' title='bbox 928 2591 1025 2674; x_wconf 89' lang='lat' dir='ltr'>plebis</span> <span class='ocrx_word' id='word_1_218' title='bbox 1039 2593 1154 2674; x_wconf 87' lang='lat' dir='ltr'>potius,</span> <span class='ocrx_word' id='word_1_219' title='bbox 1166 2611 1255 2672; x_wconf 86' lang='lat' dir='ltr'>quarn</span> <span class='ocrx_word' id='word_1_220' title='bbox 1269 2613 1289 2653; x_wconf 88' lang='lat' dir='ltr'>a</span> <span class='ocrx_word' id='word_1_221' title='bbox 1302 2595 1435 2674; x_wconf 82' lang='lat' dir='ltr'>privato,</span> 
     </span>
     <span class='ocr_line' id='line_1_27' title="bbox 395 2676 1430 2760; baseline 0.003 -22"><span class='ocrx_word' id='word_1_222' title='bbox 395 2676 507 2740; x_wconf 86' lang='lat' dir='ltr'>victam</span> <span class='ocrx_word' id='word_1_223' title='bbox 529 2677 624 2739; x_wconf 87' lang='lat' dir='ltr'>videri</span> <span class='ocrx_word' id='word_1_224' title='bbox 650 2689 682 2740; x_wconf 88' lang='lat' dir='ltr'>et</span> <span class='ocrx_word' id='word_1_225' title='bbox 710 2677 902 2740; x_wconf 86' lang='lat' dir='ltr'>tribuniciam</span> <span class='ocrx_word' id='word_1_226' title='bbox 931 2689 1125 2760; x_wconf 85' lang='lat' dir='ltr'>potestatem,</span> <span class='ocrx_word' id='word_1_227' title='bbox 1153 2689 1186 2738; x_wconf 89' lang='lat' dir='ltr'>et</span> <span class='ocrx_word' id='word_1_228' title='bbox 1212 2678 1430 2760; x_wconf 77' lang='lat' dir='ltr'>rempublicam</span> 
     </span>
     <span class='ocr_line' id='line_1_28' title="bbox 394 2759 1431 2846; baseline 0.004 -22"><span class='ocrx_word' id='word_1_229' title='bbox 394 2783 472 2826; x_wconf 86' lang='lat' dir='ltr'>esse.</span> <span class='ocrx_word' id='word_1_230' title='bbox 527 2759 590 2826; x_wconf 89' lang='lat' dir='ltr'>Sed</span> <span class='ocrx_word' id='word_1_231' title='bbox 605 2763 650 2826; x_wconf 89' lang='lat' dir='ltr'>ita</span> <span class='ocrx_word' id='word_1_232' title='bbox 663 2763 743 2824; x_wconf 89' lang='lat' dir='ltr'>hanc</span> <span class='ocrx_word' id='word_1_233' title='bbox 764 2783 855 2827; x_wconf 88' lang='lat' dir='ltr'>unam</span> <span class='ocrx_word' id='word_1_234' title='bbox 874 2765 1065 2846; x_wconf 86' lang='lat' dir='ltr'>inpotentem</span> <span class='ocrx_word' id='word_1_235' title='bbox 1081 2763 1143 2845; x_wconf 83' lang='lat' dir='ltr'>ejus</span> <span class='ocrx_word' id='word_1_236' title='bbox 1164 2761 1298 2844; x_wconf 89' lang='lat' dir='ltr'>injuriam</span> <span class='ocrx_word' id='word_1_237' title='bbox 1314 2765 1431 2828; x_wconf 84' lang='lat' dir='ltr'>inuidia</span> 
     </span>
     <span class='ocr_line' id='line_1_29' title="bbox 394 2851 1430 2934; baseline 0.001 -22"><span class='ocrx_word' id='word_1_238' title='bbox 394 2861 513 2928; x_wconf 87' lang='lat' dir='ltr'>onerat,</span> <span class='ocrx_word' id='word_1_239' title='bbox 533 2863 578 2930; x_wconf 86' lang='lat' dir='ltr'>ut,</span> <span class='ocrx_word' id='word_1_240' title='bbox 601 2851 787 2933; x_wconf 87' lang='lat' dir='ltr'>increpando</span> <span class='ocrx_word' id='word_1_241' title='bbox 813 2851 894 2932; x_wconf 91' lang='lat' dir='ltr'>quod</span> <span class='ocrx_word' id='word_1_242' title='bbox 917 2851 1107 2932; x_wconf 87' lang='lat' dir='ltr'>degenerarit</span> <span class='ocrx_word' id='word_1_243' title='bbox 1125 2861 1239 2912; x_wconf 78' lang='lat' dir='ltr'>tuntum</span> <span class='ocrx_word' id='word_1_244' title='bbox 1260 2869 1280 2910; x_wconf 89' lang='lat' dir='ltr'>a</span> <span class='ocrx_word' id='word_1_245' title='bbox 1300 2871 1333 2912; x_wconf 87' lang='lat' dir='ltr'>se</span> <span class='ocrx_word' id='word_1_246' title='bbox 1352 2853 1430 2934; x_wconf 86' lang='lat' dir='ltr'>ipse,</span> 
     </span>
     <span class='ocr_line' id='line_1_30' title="bbox 394 2937 1433 3019; baseline 0 -21"><span class='ocrx_word' id='word_1_247' title='bbox 394 2938 562 2998; x_wconf 81' lang='lat' dir='ltr'>cumulatos</span> <span class='ocrx_word' id='word_1_248' title='bbox 588 2937 616 2998; x_wconf 93' lang='lat' dir='ltr'>ei</span> <span class='ocrx_word' id='word_1_249' title='bbox 646 2943 761 3000; x_wconf 82' lang='lat' dir='ltr'>veteres</span> <span class='ocrx_word' id='word_1_250' title='bbox 788 2937 890 2999; x_wconf 88' lang='lat' dir='ltr'>laudes</span> <span class='ocrx_word' id='word_1_251' title='bbox 903 2947 908 2954; x_wconf 77' lang='grc'><strong>“</strong></span> <span class='ocrx_word' id='word_1_252' title='bbox 921 2937 1138 2999; x_wconf 87' lang='lat' dir='ltr'>moderationis</span> <span class='ocrx_word' id='word_1_253' title='bbox 1166 2949 1198 2998; x_wconf 89' lang='lat' dir='ltr'>et</span> <span class='ocrx_word' id='word_1_254' title='bbox 1225 2939 1433 3019; x_wconf 70' lang='lat' dir='ltr'>temperantiae</span> 
     </span>
     <span class='ocr_line' id='line_1_31' title="bbox 327 3021 1435 3106; baseline 0.002 -22"><span class='ocrx_word' id='word_1_255' title='bbox 327 3092 330 3106; x_wconf 32' lang='lat'>⁸</span> <span class='ocrx_word' id='word_1_256' title='bbox 394 3024 487 3105; x_wconf 82' lang='lat' dir='ltr'>¹⁰pro</span> <span class='ocrx_word' id='word_1_257' title='bbox 518 3023 750 3106; x_wconf 82' lang='lat' dir='ltr'>reprehensione</span> <span class='ocrx_word' id='word_1_258' title='bbox 779 3024 919 3106; x_wconf 82' lang='lat' dir='ltr'>praesenti</span> <span class='ocrx_word' id='word_1_259' title='bbox 949 3023 1064 3085; x_wconf 84' lang='lat' dir='ltr'>reddat.</span> <span class='ocrx_word' id='word_1_260' title='bbox 1131 3021 1320 3104; x_wconf 81' lang='lat' dir='ltr'>Castigatunr</span> <span class='ocrx_word' id='word_1_261' title='bbox 1349 3025 1435 3086; x_wconf 89' lang='lat' dir='ltr'>enim</span> 
     </span>
     <span class='ocr_line' id='line_1_32' title="bbox 395 3109 1456 3194; baseline -0.001 -23"><span class='ocrx_word' id='word_1_262' title='bbox 395 3109 546 3189; x_wconf 89' lang='lat' dir='ltr'>quondam</span> <span class='ocrx_word' id='word_1_263' title='bbox 570 3109 609 3171; x_wconf 89' lang='lat' dir='ltr'>ab</span> <span class='ocrx_word' id='word_1_264' title='bbox 632 3130 670 3171; x_wconf 90' lang='lat' dir='ltr'>eo</span> <span class='ocrx_word' id='word_1_265' title='bbox 684 3110 839 3192; x_wconf 90' lang='lat' dir='ltr'>populum,</span> <span class='ocrx_word' id='word_1_266' title='bbox 855 3110 909 3187; x_wconf 91' lang='lat' dir='ltr'>ait,</span> <span class='ocrx_word' id='word_1_267' title='bbox 929 3112 1011 3194; x_wconf 90' lang='lat' dir='ltr'>quod</span> <span class='ocrx_word' id='word_1_268' title='bbox 1030 3129 1099 3172; x_wconf 87' lang='lat' dir='ltr'>eum</span> <span class='ocrx_word' id='word_1_269' title='bbox 1121 3122 1303 3192; x_wconf 87' lang='lat' dir='ltr'>perpetuum</span> <span class='ocrx_word' id='word_1_270' title='bbox 1323 3129 1456 3170; x_wconf 79' lang='lat' dir='ltr'>consu--</span> 
     </span>
     <span class='ocr_line' id='line_1_33' title="bbox 392 3194 1433 3278; baseline 0.001 -22"><span class='ocrx_word' id='word_1_271' title='bbox 392 3194 455 3256; x_wconf 89' lang='lat' dir='ltr'>lem</span> <span class='ocrx_word' id='word_1_272' title='bbox 477 3207 509 3258; x_wconf 94' lang='lat' dir='ltr'>et</span> <span class='ocrx_word' id='word_1_273' title='bbox 531 3196 711 3258; x_wconf 81' lang='lat' dir='ltr'>dictatorem</span> <span class='ocrx_word' id='word_1_274' title='bbox 732 3195 823 3258; x_wconf 87' lang='lat' dir='ltr'>vellet</span> <span class='ocrx_word' id='word_1_275' title='bbox 845 3196 954 3258; x_wconf 82' lang='lat' dir='ltr'>lacere.</span> <span class='ocrx_word' id='word_1_276' title='bbox 971 3196 1158 3278; x_wconf 87' lang='lat' dir='ltr'>prohibuisse</span> <span class='ocrx_word' id='word_1_277' title='bbox 1180 3205 1297 3258; x_wconf 85' lang='lat' dir='ltr'>statuas</span> <span class='ocrx_word' id='word_1_278' title='bbox 1320 3196 1378 3256; x_wconf 87' lang='lat' dir='ltr'>sibi</span> <span class='ocrx_word' id='word_1_279' title='bbox 1401 3197 1433 3257; x_wconf 89' lang='lat' dir='ltr'>in</span> 
     </span>
     <span class='ocr_line' id='line_1_34' title="bbox 394 3279 1437 3366; baseline 0.002 -24"><span class='ocrx_word' id='word_1_280' title='bbox 394 3282 531 3360; x_wconf 90' lang='lat' dir='ltr'>comitio,</span> <span class='ocrx_word' id='word_1_281' title='bbox 557 3283 589 3344; x_wconf 91' lang='lat' dir='ltr'>in</span> <span class='ocrx_word' id='word_1_282' title='bbox 616 3280 744 3360; x_wconf 83' lang='lat' dir='ltr'>Rostris,</span> <span class='ocrx_word' id='word_1_283' title='bbox 766 3283 798 3344; x_wconf 89' lang='lat' dir='ltr'>in</span> <span class='ocrx_word' id='word_1_284' title='bbox 823 3284 916 3360; x_wconf 86' lang='lat' dir='ltr'>curia,</span> <span class='ocrx_word' id='word_1_285' title='bbox 942 3282 979 3355; x_wconf 59' lang='lat' dir='ltr'>in⁸</span> <span class='ocrx_word' id='word_1_286' title='bbox 1001 3279 1166 3366; x_wconf 87' lang='lat' dir='ltr'>Capitolio,</span> <span class='ocrx_word' id='word_1_287' title='bbox 1192 3281 1223 3343; x_wconf 88' lang='lat' dir='ltr'>in</span> <span class='ocrx_word' id='word_1_288' title='bbox 1250 3282 1328 3344; x_wconf 82' lang='lat' dir='ltr'>cells</span> <span class='ocrx_word' id='word_1_289' title='bbox 1348 3280 1437 3344; x_wconf 85' lang='lat' dir='ltr'>Jovis</span> 
     </span>
     <span class='ocr_line' id='line_1_35' title="bbox 393 3368 1438 3452; baseline 0 -22"><span class='ocrx_word' id='word_1_290' title='bbox 393 3369 478 3449; x_wconf 90' lang='lat' dir='ltr'>poni.</span> <span class='ocrx_word' id='word_1_291' title='bbox 493 3369 691 3450; x_wconf 88' lang='lat' dir='ltr'>prohibuisse,</span> <span class='ocrx_word' id='word_1_292' title='bbox 706 3390 744 3430; x_wconf 88' lang='lat' dir='ltr'>ne</span> <span class='ocrx_word' id='word_1_293' title='bbox 763 3369 984 3447; x_wconf 89' lang='lat' dir='ltr'>decerneretur,</span> <span class='ocrx_word' id='word_1_294' title='bbox 1000 3379 1034 3430; x_wconf 89' lang='lat' dir='ltr'>ut</span> <span class='ocrx_word' id='word_1_295' title='bbox 1057 3371 1158 3450; x_wconf 81' lang='lat' dir='ltr'>imago</span> <span class='ocrx_word' id='word_1_296' title='bbox 1180 3387 1236 3430; x_wconf 90' lang='lat' dir='ltr'>sua</span> <span class='ocrx_word' id='word_1_297' title='bbox 1257 3368 1438 3452; x_wconf 90' lang='lat' dir='ltr'>triumphali</span> 
     </span>
     <span class='ocr_line' id='line_1_36' title="bbox 394 3453 1151 3539; baseline -0.004 -21"><span class='ocrx_word' id='word_1_298' title='bbox 394 3465 505 3518; x_wconf 90' lang='lat' dir='ltr'>ornatu</span> <span class='ocrx_word' id='word_1_299' title='bbox 519 3475 536 3514; x_wconf 88' lang='lat' dir='ltr'>c</span> <span class='ocrx_word' id='word_1_300' title='bbox 551 3454 666 3536; x_wconf 86' lang='lat' dir='ltr'>templo</span> <span class='ocrx_word' id='word_1_301' title='bbox 681 3453 766 3518; x_wconf 86' lang='lat' dir='ltr'>Jovis</span> <span class='ocrx_word' id='word_1_302' title='bbox 781 3456 889 3539; x_wconf 88' lang='lat' dir='ltr'>optimi</span> <span class='ocrx_word' id='word_1_303' title='bbox 906 3455 1030 3518; x_wconf 82' lang='lat' dir='ltr'>maximi</span> <span class='ocrx_word' id='word_1_304' title='bbox 1046 3456 1151 3517; x_wconf 85' lang='lat' dir='ltr'>exiret.</span> 
     </span>
     <span class='ocr_line' id='line_1_37' title="bbox 437 3537 1438 3624; baseline 0.002 -23"><span class='ocrx_word' id='word_1_305' title='bbox 437 3537 533 3602; x_wconf 91' lang='lat' dir='ltr'>LVll.</span> <span class='ocrx_word' id='word_1_306' title='bbox 557 3537 643 3620; x_wconf 78' lang='lat' dir='ltr'>Hae,</span> <span class='ocrx_word' id='word_1_307' title='bbox 665 3541 713 3602; x_wconf 85' lang='lat' dir='ltr'>uel</span> <span class='ocrx_word' id='word_1_308' title='bbox 736 3543 768 3603; x_wconf 90' lang='lat' dir='ltr'>in</span> <span class='ocrx_word' id='word_1_309' title='bbox 789 3541 961 3604; x_wconf 84' lang='lat' dir='ltr'>laudatione</span> <span class='ocrx_word' id='word_1_310' title='bbox 976 3542 1085 3624; x_wconf 87' lang='lat' dir='ltr'>posita,</span> <span class='ocrx_word' id='word_1_311' title='bbox 1105 3541 1261 3622; x_wconf 85' lang='lat' dir='ltr'>ingentem</span> <span class='ocrx_word' id='word_1_312' title='bbox 1280 3541 1438 3623; x_wconf 84' lang='lat' dir='ltr'>magnitu-</span> 
     </span>
     <span class='ocr_line' id='line_1_38' title="bbox 391 3625 1485 3711; baseline 0.003 -23"><span class='ocrx_word' id='word_1_313' title='bbox 391 3625 496 3688; x_wconf 80' lang='lat' dir='ltr'>dinem</span> <span class='ocrx_word' id='word_1_314' title='bbox 522 3626 615 3688; x_wconf 88' lang='lat' dir='ltr'>animi</span> <span class='ocrx_word' id='word_1_315' title='bbox 642 3627 834 3689; x_wconf 86' lang='lat' dir='ltr'>moderandis</span> <span class='ocrx_word' id='word_1_316' title='bbox 858 3632 881 3667; x_wconf 88' lang='lat'>¹¹</span> <span class='ocrx_word' id='word_1_317' title='bbox 895 3628 936 3690; x_wconf 88' lang='lat' dir='ltr'>ad</span> <span class='ocrx_word' id='word_1_318' title='bbox 960 3628 1080 3690; x_wconf 90' lang='lat' dir='ltr'>civilem</span> <span class='ocrx_word' id='word_1_319' title='bbox 1106 3628 1245 3690; x_wconf 89' lang='lat' dir='ltr'>habitum</span> <span class='ocrx_word' id='word_1_320' title='bbox 1271 3626 1437 3691; x_wconf 89' lang='lat' dir='ltr'>honoribus</span> <span class='ocrx_word' id='word_1_321' title='bbox 1483 3703 1485 3711; x_wconf 33' lang='grc' dir='ltr'>Ι</span> 
     </span>
    </p>
   </div>
   <div class='ocr_carea' id='block_1_3' title="bbox 648 3747 1188 3814">
    <p class='ocr_par' dir='ltr' id='par_1_3' title="bbox 648 3747 1188 3814">
     <span class='ocr_line' id='line_1_39' title="bbox 648 3747 1188 3814; baseline 0.004 -15"><span class='ocrx_word' id='word_1_322' title='bbox 648 3747 660 3783; x_wconf 65' lang='lat' dir='ltr'>l</span> <span class='ocrx_word' id='word_1_323' title='bbox 671 3749 726 3800; x_wconf 77' lang='lat' dir='ltr'>lieo</span> <span class='ocrx_word' id='word_1_324' title='bbox 736 3751 810 3802; x_wconf 89' lang='lat' dir='ltr'>Gron.</span> <span class='ocrx_word' id='word_1_325' title='bbox 819 3753 886 3801; x_wconf 80' lang='lat' dir='ltr'>Cres.</span> <span class='ocrx_word' id='word_1_326' title='bbox 957 3749 1113 3814; x_wconf 77' lang='lat' dir='ltr'>¹polliceretur</span> <span class='ocrx_word' id='word_1_327' title='bbox 1123 3751 1188 3801; x_wconf 67' lang='lat' dir='ltr'>uad.</span> 
     </span>
    </p>
   </div>
   <div class='ocr_carea' id='block_1_4' title="bbox 332 3847 1439 4560">
    <p class='ocr_par' dir='ltr' id='par_1_4' title="bbox 389 3847 1439 4238">
     <span class='ocr_line' id='line_1_40' title="bbox 426 3847 1364 3916; baseline -0.002 -16"><span class='ocrx_word' id='word_1_328' title='bbox 426 3849 581 3900; x_wconf 70' lang='lat' dir='ltr'>th&#39;oatnren</span> <span class='ocrx_word' id='word_1_329' title='bbox 599 3849 669 3909; x_wconf 83' lang='lat' dir='ltr'>nudo,</span> <span class='ocrx_word' id='word_1_330' title='bbox 690 3851 751 3897; x_wconf 85' lang='lat' dir='ltr'>nudo</span> <span class='ocrx_word' id='word_1_331' title='bbox 770 3859 898 3916; x_wconf 78' lang='lat' dir='ltr'>nugatorem</span> <span class='ocrx_word' id='word_1_332' title='bbox 932 3847 1050 3898; x_wconf 76' lang='lat' dir='ltr'>Consilium</span> <span class='ocrx_word' id='word_1_333' title='bbox 1063 3872 1088 3896; x_wconf 67' lang='grc' dir='ltr'>κ.</span> <span class='ocrx_word' id='word_1_334' title='bbox 1101 3884 1107 3898; x_wconf 94' lang='grc'><strong><em>.</em></strong></span> <span class='ocrx_word' id='word_1_335' title='bbox 1120 3847 1258 3898; x_wconf 52' lang='lat' dir='ltr'>monetatis</span> <span class='ocrx_word' id='word_1_336' title='bbox 1266 3849 1364 3909; x_wconf 63' lang='lat' dir='ltr'>exempli.</span> 
     </span>
     <span class='ocr_line' id='line_1_41' title="bbox 390 3911 1438 3980; baseline -0.004 -15"><span class='ocrx_word' id='word_1_337' title='bbox 390 3915 508 3980; x_wconf 62' lang='lat' dir='ltr'>appellet]</span> <span class='ocrx_word' id='word_1_338' title='bbox 523 3915 602 3963; x_wconf 86' lang='lat' dir='ltr'>Unum</span> <span class='ocrx_word' id='word_1_339' title='bbox 620 3930 649 3963; x_wconf 83' lang='lat' dir='ltr'>ex</span> <span class='ocrx_word' id='word_1_340' title='bbox 667 3915 704 3962; x_wconf 90' lang='lat' dir='ltr'>his</span> <span class='ocrx_word' id='word_1_341' title='bbox 721 3917 782 3963; x_wconf 77' lang='lat' dir='ltr'>rnrrdo</span> <span class='ocrx_word' id='word_1_342' title='bbox 797 3917 897 3974; x_wconf 68' lang='lat' dir='ltr'>relegant</span> <span class='ocrx_word' id='word_1_343' title='bbox 960 3913 1059 3966; x_wconf 83' lang='lat' dir='ltr'>⁹Quurn</span> <span class='ocrx_word' id='word_1_344' title='bbox 1079 3917 1186 3962; x_wconf 85' lang='lat' dir='ltr'>aruitirnn</span> <span class='ocrx_word' id='word_1_345' title='bbox 1204 3947 1268 3964; x_wconf 92' lang='lat'><strong>....</strong></span> <span class='ocrx_word' id='word_1_346' title='bbox 1284 3911 1438 3979; x_wconf 67' lang='lat' dir='ltr'>polliceretur]</span> 
     </span>
     <span class='ocr_line' id='line_1_42' title="bbox 390 3977 1439 4045; baseline -0.003 -14"><span class='ocrx_word' id='word_1_347' title='bbox 390 3982 465 4031; x_wconf 72' lang='lat' dir='ltr'>Mss</span> <span class='ocrx_word' id='word_1_348' title='bbox 482 3982 576 4030; x_wconf 72' lang='lat' dir='ltr'>&#39;thuan</span> <span class='ocrx_word' id='word_1_349' title='bbox 592 3991 617 4029; x_wconf 82' lang='lat' dir='ltr'>st</span> <span class='ocrx_word' id='word_1_350' title='bbox 633 3979 713 4042; x_wconf 65' lang='lat' dir='ltr'>Visa,</span> <span class='ocrx_word' id='word_1_351' title='bbox 738 3979 768 4028; x_wconf 86' lang='lat' dir='ltr'>Et</span> <span class='ocrx_word' id='word_1_352' title='bbox 787 3982 819 4030; x_wconf 83' lang='lat' dir='ltr'>sic</span> <span class='ocrx_word' id='word_1_353' title='bbox 835 3995 896 4045; x_wconf 74' lang='lat' dir='ltr'>serpe</span> <span class='ocrx_word' id='word_1_354' title='bbox 929 3977 1017 4027; x_wconf 84' lang='lat' dir='ltr'>Melius</span> <span class='ocrx_word' id='word_1_355' title='bbox 1030 3980 1156 4041; x_wconf 68' lang='lat' dir='ltr'>pollicem.-</span> <span class='ocrx_word' id='word_1_356' title='bbox 1174 3982 1234 4042; x_wconf 85' lang='lat' dir='ltr'>quod</span> <span class='ocrx_word' id='word_1_357' title='bbox 1249 3979 1316 4027; x_wconf 78' lang='lat' dir='ltr'>haber</span> <span class='ocrx_word' id='word_1_358' title='bbox 1329 3980 1439 4029; x_wconf 70' lang='lat' dir='ltr'>Andreas</span> 
     </span>
     <span class='ocr_line' id='line_1_43' title="bbox 389 4043 1273 4104; baseline 0.003 -12"><span class='ocrx_word' id='word_1_359' title='bbox 389 4047 469 4098; x_wconf 72' lang='lat' dir='ltr'>Euius</span> <span class='ocrx_word' id='word_1_360' title='bbox 484 4045 508 4093; x_wconf 91' lang='lat' dir='ltr'>in</span> <span class='ocrx_word' id='word_1_361' title='bbox 519 4043 720 4094; x_wconf 82' lang='lat' dir='ltr'>distributionibus.</span> <span class='ocrx_word' id='word_1_362' title='bbox 763 4045 811 4094; x_wconf 81' lang='lat' dir='ltr'>Lib.</span> <span class='ocrx_word' id='word_1_363' title='bbox 824 4058 896 4094; x_wconf 67' lang='grc' dir='ltr'>ΝΜ.</span> <span class='ocrx_word' id='word_1_364' title='bbox 929 4056 953 4091; x_wconf 82' lang='lat' dir='ltr'>st</span> <span class='ocrx_word' id='word_1_365' title='bbox 966 4044 1019 4092; x_wconf 86' lang='lat' dir='ltr'>MS.</span> <span class='ocrx_word' id='word_1_366' title='bbox 1032 4044 1190 4104; x_wconf 68' lang='lat' dir='ltr'>moguntinus.</span> <span class='ocrx_word' id='word_1_367' title='bbox 1267 4089 1273 4095; x_wconf 95' lang='lat'><strong>.</strong></span> 
     </span>
     <span class='ocr_line' id='line_1_44' title="bbox 389 4099 1438 4175; baseline -0.006 -13"><span class='ocrx_word' id='word_1_368' title='bbox 389 4114 432 4164; x_wconf 77' lang='lat' dir='ltr'>st.</span> <span class='ocrx_word' id='word_1_369' title='bbox 483 4109 556 4175; x_wconf 72' lang='lat' dir='ltr'>vegs</span> <span class='ocrx_word' id='word_1_370' title='bbox 576 4111 637 4168; x_wconf 64' lang='lat' dir='ltr'>aas,</span> <span class='ocrx_word' id='word_1_371' title='bbox 657 4112 699 4158; x_wconf 73' lang='lat' dir='ltr'>aur</span> <span class='ocrx_word' id='word_1_372' title='bbox 722 4113 793 4159; x_wconf 70' lang='lat' dir='ltr'>murs</span> <span class='ocrx_word' id='word_1_373' title='bbox 812 4111 896 4170; x_wconf 60' lang='lat' dir='ltr'>ruffus.</span> <span class='ocrx_word' id='word_1_374' title='bbox 963 4099 1064 4156; x_wconf 53' lang='grc' dir='ltr'>ΜΡΝ</span> <span class='ocrx_word' id='word_1_375' title='bbox 1081 4109 1240 4170; x_wconf 64' lang='lat' dir='ltr'>amamus</span> <span class='ocrx_word' id='word_1_376' title='bbox 1259 4106 1383 4173; x_wconf 62' lang='lat' dir='ltr'>„men</span> <span class='ocrx_word' id='word_1_377' title='bbox 1398 4108 1438 4156; x_wconf 82' lang='lat' dir='ltr'>ar</span> 
     </span>
     <span class='ocr_line' id='line_1_45' title="bbox 389 4175 1434 4238; baseline -0.003 -14"><span class='ocrx_word' id='word_1_378' title='bbox 389 4177 419 4225; x_wconf 89' lang='lat' dir='ltr'>L.</span> <span class='ocrx_word' id='word_1_379' title='bbox 432 4179 522 4226; x_wconf 67' lang='lat' dir='ltr'>mh.</span> <span class='ocrx_word' id='word_1_380' title='bbox 535 4175 753 4237; x_wconf 74' lang='lat' dir='ltr'>Puroeinipublicae5</span> <span class='ocrx_word' id='word_1_381' title='bbox 769 4176 896 4236; x_wconf 77' lang='lat' dir='ltr'>buiaotqns</span> <span class='ocrx_word' id='word_1_382' title='bbox 926 4176 1063 4238; x_wconf 76' lang='lat' dir='ltr'>pensandam</span> <span class='ocrx_word' id='word_1_383' title='bbox 1086 4175 1146 4222; x_wconf 82' lang='lat' dir='ltr'>hane</span> <span class='ocrx_word' id='word_1_384' title='bbox 1171 4185 1308 4237; x_wconf 77' lang='lat' dir='ltr'>praesentem</span> <span class='ocrx_word' id='word_1_385' title='bbox 1333 4175 1434 4222; x_wconf 72' lang='lat' dir='ltr'>mentis</span> 
     </span>
    </p>

    <p class='ocr_par' dir='ltr' id='par_1_5' title="bbox 332 4239 1206 4334">
     <span class='ocr_line' id='line_1_46' title="bbox 332 4239 1206 4334; baseline -0.003 -44"><span class='ocrx_word' id='word_1_386' title='bbox 332 4301 335 4309; x_wconf 36' lang='grc' dir='ltr'>Ι</span> <span class='ocrx_word' id='word_1_387' title='bbox 388 4241 436 4302; x_wconf 83' lang='lat' dir='ltr'>r&#39;tb‘,</span> <span class='ocrx_word' id='word_1_388' title='bbox 456 4249 484 4290; x_wconf 80' lang='lat' dir='ltr'>at</span> <span class='ocrx_word' id='word_1_389' title='bbox 505 4239 713 4304; x_wconf 58' lang='lat' dir='ltr'>quaquaestum</span> <span class='ocrx_word' id='word_1_390' title='bbox 732 4241 834 4300; x_wconf 70' lang='lat' dir='ltr'>prtrrnn</span> <span class='ocrx_word' id='word_1_391' title='bbox 854 4248 896 4288; x_wconf 83' lang='lat' dir='ltr'>sat</span> <span class='ocrx_word' id='word_1_392' title='bbox 926 4240 1206 4334; x_wconf 61' lang='lat' dir='ltr'>iscripsprsbenslonsrm</span> 
     </span>
    </p>

    <p class='ocr_par' dir='ltr' id='par_1_6' title="bbox 385 4303 1437 4433">
     <span class='ocr_line' id='line_1_47' title="bbox 385 4303 1437 4433; baseline -0.001 -16"><span class='ocrx_word' id='word_1_393' title='bbox 385 4306 784 4433; x_wconf 45' lang='grc' dir='ltr'>ἯῌἯιὲηωῖἑῖἰιᾶεη]</span> <span class='ocrx_word' id='word_1_394' title='bbox 810 4369 846 4418; x_wconf 79' lang='lat' dir='ltr'>lta</span> <span class='ocrx_word' id='word_1_395' title='bbox 866 4383 894 4418; x_wconf 85' lang='lat' dir='ltr'>ut</span> <span class='ocrx_word' id='word_1_396' title='bbox 926 4303 1325 4432; x_wconf 48' lang='lat' dir='ltr'>mileivihrc&#39;lihemmmrhih&#39;hlhcied</span> <span class='ocrx_word' id='word_1_397' title='bbox 1337 4304 1437 4422; x_wconf 42' lang='lat' dir='ltr'>”defiat</span> 
     </span>
    </p>

    <p class='ocr_par' dir='ltr' id='par_1_7' title="bbox 411 4433 1437 4502">
     <span class='ocr_line' id='line_1_48' title="bbox 411 4433 1437 4502; baseline -0.002 -18"><span class='ocrx_word' id='word_1_398' title='bbox 411 4435 559 4484; x_wconf 78' lang='lat' dir='ltr'>umfrstrsm</span> <span class='ocrx_word' id='word_1_399' title='bbox 570 4435 892 4498; x_wconf 56' lang='lat' dir='ltr'>ageretrnrginqurmcirern</span> <span class='ocrx_word' id='word_1_400' title='bbox 924 4436 963 4496; x_wconf 87' lang='lat' dir='ltr'>qul</span> <span class='ocrx_word' id='word_1_401' title='bbox 981 4451 1028 4484; x_wconf 85' lang='lat' dir='ltr'>nou</span> <span class='ocrx_word' id='word_1_402' title='bbox 1038 4435 1125 4486; x_wconf 81' lang='lat' dir='ltr'>officiat</span> <span class='ocrx_word' id='word_1_403' title='bbox 1136 4433 1261 4502; x_wconf 67' lang='lat' dir='ltr'>aequalitati</span> <span class='ocrx_word' id='word_1_404' title='bbox 1273 4435 1358 4483; x_wconf 77' lang='lat' dir='ltr'>sirium</span> <span class='ocrx_word' id='word_1_405' title='bbox 1374 4433 1437 4482; x_wconf 78' lang='lat' dir='ltr'>iuter</span> 
     </span>
    </p>

    <p class='ocr_par' dir='ltr' id='par_1_8' title="bbox 425 4498 958 4560">
     <span class='ocr_line' id='line_1_49' title="bbox 425 4498 958 4560; baseline -0.004 -8"><span class='ocrx_word' id='word_1_406' title='bbox 425 4516 465 4552; x_wconf 81' lang='lat' dir='ltr'>ura</span> <span class='ocrx_word' id='word_1_407' title='bbox 481 4498 649 4550; x_wconf 80' lang='lat' dir='ltr'>observantem.</span> <span class='ocrx_word' id='word_1_408' title='bbox 692 4499 738 4560; x_wconf 82' lang='lat' dir='ltr'>Sic,</span> <span class='ocrx_word' id='word_1_409' title='bbox 747 4501 763 4550; x_wconf 93' lang='lat' dir='ltr'>l.</span> <span class='ocrx_word' id='word_1_410' title='bbox 777 4511 823 4548; x_wconf 79' lang='lat' dir='ltr'>un.</span> <span class='ocrx_word' id='word_1_411' title='bbox 835 4515 856 4550; x_wconf 88' lang='lat' dir='ltr'>c.</span> <span class='ocrx_word' id='word_1_412' title='bbox 868 4501 891 4548; x_wconf 80' lang='lat' dir='ltr'>b.</span> <span class='ocrx_word' id='word_1_413' title='bbox 924 4515 958 4550; x_wconf 85' lang='lat' dir='ltr'>se.</span> 
     </span>
    </p>
   </div>
   <div class='ocr_carea' id='block_1_5' title="bbox 0 0 1567 5194">
    <p class='ocr_par' dir='ltr' id='par_1_9' title="bbox 0 0 1567 5194">
     <span class='ocr_line' id='line_1_50' title="bbox 0 0 1567 5194; baseline 0 0"><span class='ocrx_word' id='word_1_414' title='bbox 0 0 1567 5194; x_wconf 95' lang='lat' dir='ltr'> </span> 
     </span>
    </p>
   </div>
  </div>
 </body>
</html>
