3110 5204
412 363 908 455 arnxxrurrc'rrssxxxu
1127 399 1185 456 ns

129 540 186 590 ret
208 527 329 606 liberas,
351 547 516 613 omnesque
544 531 674 597 Graecas.
717 531 800 596 Ante
825 536 929 597 omnia
954 536 1183 615 denunciatum,
1195 539 1230 589 u·
1241 537 1271 590 0·
1282 533 1344 590 Μ’

128 633 174 676 ne
188 615 221 676 in
236 613 392 697 Europam
408 629 460 678 aut
474 619 540 700 ipae
554 621 707 698 transiret,
728 627 782 683 aut
796 623 902 703 copias
916 621 1081 704 trajiceret.
1123 623 1165 685 Di
1179 667 1181 670 -
1194 606 1226 656 Δ·
1236 607 1265 656 ⁰
1278 603 1333 655 Μ’
1348 679 1352 686 .

128 701 235 762 missis
259 703 341 782 regis
366 701 486 784 legatis,
512 716 680 767 concentus
708 707 845 786 gentium
877 708 1104 792 civitatiumque
1134 719 1184 771 eat

131 786 241 847 haberi
257 797 396 869 coeptos:
422 808 520 869 eoquo
542 791 688 853 maturius
710 795 920 873 peragebatur,
941 796 965 840 ⁷¹
977 793 1059 874 quod
1075 795 1182 856 decre-

130 883 169 934 ta
199 872 304 934 decem
334 873 505 954 legatorum
544 875 683 938 civitates
718 878 900 940 nominatim
928 879 1181 962 pronunciabant.

131 956 264 1032 Orestis,
284 955 505 1038 (Macedonum
520 980 557 1021 ea
578 983 654 1043 gens
677 962 735 1041 est)
764 964 847 1043 quod
873 965 962 1046 primi
985 967 1023 1026 ab
1039 985 1109 1046 rege
1125 965 1179 1026 de·'

131 1042 287 1121 fecissent,
320 1063 380 1106 sure
411 1045 494 1126 leges
524 1046 658 1109 redditae.
702 1045 875 1129 Magnetes,
902 1062 934 1112 et
959 1049 1118 1128 Perrhaebi,
1147 1053 1180 1112 et

130 1125 282 1210 Dolopes,
312 1129 398 1190 liberi
432 1149 550 1214 qnoque
582 1133 783 1215 pronunciati.
837 1134 1053 1198 Thessalorum
1082 1137 1180 1217 genti,

130 1224 243 1294 praeter
268 1213 441 1277 libertatem
465 1236 651 1296 concessam,
672 1218 776 1280 Achaei
792 1218 943 1282 Phthiotae
957 1224 983 1267 ⁷²
997 1223 1072 1299 dati,
1094 1221 1181 1282 the-

131 1299 182 1360 bis
207 1299 390 1362 Phthioticis
414 1312 447 1363 et
471 1299 617 1372 Pharsalo
640 1315 779 1384 excepto.
823 1302 945 1367 AEtolos
971 1307 1009 1366 de
1035 1307 1182 1369 Pharsalo

130 1397 168 1446 et
181 1382 321 1448 Leucade
336 1387 533 1468 postulantes,
555 1401 590 1450 ut
612 1409 651 1450 ex
674 1388 787 1449 foedere
803 1389 859 1450 sibi
876 1391 1117 1470 restituerentur,
1139 1393 1180 1454 ad

132 1482 274 1532 senatum
289 1469 466 1551 rejecerunt.
510 1475 537 1518 ⁷³
547 1472 728 1550 Phocenses,
752 1471 928 1552 Locrenses,
953 1486 985 1536 et
1012 1495 1078 1556 quae
1099 1477 1180 1538 sicut

132 1567 208 1616 ante
229 1556 347 1618 haerent
368 1555 508 1637 adjecta,
525 1558 639 1636 decreti
662 1560 852 1620 auctoritate·
868 1559 914 1618 his
937 1561 1178 1623 contribuerunt.

132 1639 311 1720 Corinthus,
336 1653 367 1703 et
379 1640 548 1726 lhiphylia,
576 1654 607 1705 et
622 1637 730 1706 Heraea
748 1643 1010 1725 (Peloponnesiet
1023 1645 1089 1727 ipsa
1102 1647 1181 1708 'urbe

132 1726 197 1806 est)
215 1727 332 1789 reddita
353 1726 483 1790 Achaeis.
526 1729 639 1791 Oreum
663 1741 695 1790 et
707 1729 857 1792 Eretriam
880 1729 985 1792 decem
1003 1731 1097 1811 legati
1112 1729 1178 1792 Eu·

134 1813 221 1872 meni
236 1813 308 1893 regi,
329 1813 428 1875 Attali
449 1813 524 1891 lilio,
549 1815 673 1876 dabant.
698 1815 894 1877 dissentiente
916 1815 1072 1893 Quinctio,
1092 1816 1179 1879 venit

133 1915 186 1978 ras
200 1898 230 1957 in
246 1897 401 1960 arbitrium
417 1910 561 1961 senatus:
589 1911 711 1962 senatus
733 1900 905 1962 libertatem
931 1901 979 1962 his
1005 1901 1179 1963 civitatibus

131 1981 231 2060 dedit,
256 1985 282 2029 ⁷⁴
293 1982 421 2067 Carysto
447 1977 580 2066 adjecto.
637 1983 778 2047 Pleurato
806 1988 833 2032 ⁷⁵
847 1984 943 2068 Lycus
978 1997 1010 2048 et
1038 1983 1177 2048 Parthini

131 2066 216 2127 dati:
242 2067 409 2151 lllyriorem
434 2083 562 2152 unaque
591 2091 666 2152 gens
691 2071 886 2134 subditione
911 2069 1042 2152 Philippi
1067 2071 1178 2134 suerat.

130 2151 362 2298 Amynandrum
378 2166 482 2216 tenere
493 2154 654 2236 jusserunt·
663 2156 798 2234 castella,
820 2175 885 2238 quae
900 2176 954 2237 per
969 2155 1040 2216 belli
1055 2165 1178 2260 tempus
1196 2179 1201 2184 ·

200 2259 210 2298 r

132 2235 275 2384 Phkyypo
290 2251 381 2323 capta
396 2240 569 2302 ademisset.

239 2323 308 2385 XV.
330 2320 466 2386 Dimisso
490 2337 653 2401 conventu,
686 2327 791 2388 decem
817 2325 921 2406 legati,
945 2325 1047 2407 partiti
1071 2327 1178 2387 munia

132 2409 211 2471 inter
226 2431 271 2487 se,
295 2409 336 2470 ad
359 2410 530 2472 liberandas
545 2431 605 2472 suae
620 2413 745 2492 quisque
759 2412 890 2492 regionis
905 2411 1045 2475 civitates
1059 2410 1176 2472 disces-

129 2506 254 2556 serunt:
297 2493 331 2556 P.
358 2493 505 2557 Lenndus
531 2493 699 2579 Bargylias,
731 2495 766 2556 L.
778 2493 940 2557 Stertinius
965 2495 1175 2578 Hephaestiam

129 2577 332 2642 et‘l'hasum'r
356 2577 538 2642 et'Plrraoiae
560 2584 660 2658 urbes,
683 2579 716 2642 P.
732 2579 839 2642 Villius
861 2591 892 2642 et
913 2578 949 2642 L.
957 2579 1119 2642 Terentius
1134 2581 1176 2644 ad

508 2714 518 2739 ¹
533 2711 637 2760 tumn
648 2712 721 2760 Groo.
731 2711 800 2762 (ἕπον.

129 2813 261 2873 riclivius,
276 2817 390 2864 anama
405 2815 476 2864 libaria
493 2831 579 2881 nempe
596 2830 636 2865 ur·
667 2831 746 2866 canses
774 2817 944 2878 nemusque
973 2815 1022 2880 jam
1047 2815 1177 2880 antiquitas

129 2880 204 2928 bibus.
238 2881 510 2929 Hoecenimuersasunt
524 2881 635 2945 exPoly·
667 2881 790 2931 contributi
808 2879 999 2929 lucrantAEtolia.
1033 2882 1090 2934 tSic
1110 2882 1175 2930 enim

130 2944 177 3000 bio,
196 2947 262 3008 eolus
281 2946 350 2992 verba
365 2955 419 2992 sunt
435 2947 483 2992 τᾶν
500 2943 637 3004 αἰηονόμων
666 2947 735 3010 plane
755 2945 870 3009 Polybius,
890 2945 940 2992 loco
954 2949 1003 3009 Jarn
1025 2957 1172 2993 memorato:

131 3005 246 3071 (πόλων)
256 3008 404 3069 ἀπέχεσθαι.
420 3007 524 3070 Reliqua
532 3010 583 3056 duae
589 3008 634 3056 hu-
665 3006 1047 3068 caesenatensis-arnonas
1063 3008 1172 3069 συνεχώ-

131 3070 168 3181 prs
177 3070 222 3118 loci
234 3088 309 3132 voces,
319 3085 431 3133 onmesyns
441 3071 537 3131 Gneus,
546 3073 584 3120 sel
595 3087 635 3122 ce-
665 3089 743 3134 pnw
755 3071 836 3120 adroic
845 3070 922 3132 ἔχειν,
932 3070 1043 3132 satem
1052 3068 1121 3161 alpos
1130 3069 1174 3118 ml

73 3183 80 3196 Ι
142 3147 181 3181 aar
197 3136 285 3200 aliquod
306 3136 396 3192 virium,
415 3137 452 3184 vel
473 3148 528 3184 sunt
544 3136 635 3185 initium
665 3134 1040 3198 apdrepov,dvryiavprohsrelp.
1091 3135 1172 3194 Legati

132 3198 225 3248 alterius
242 3201 336 3264 periodi,
354 3203 421 3263 cujus
437 3211 548 3264 penetrem
568 3202 636 3250 rerba
666 3199 756 3262 adjecta
766 3196 853 3245 decreti
870 3197 1005 3244 auctoritate
1023 3197 1173 3244 firmmnrnr

132 3263 267 3312 exciderint.
300 3264 405 3328 Polybius
426 3264 504 3322 habet,
522 3263 562 3312 scal
579 3264 637 3326 πρὸς
666 3259 1173 3324 antiquumjsssAEtolomm,ltosquepopnloa

131 3325 633 3454 *liidlilidtrhnlsslllzfflli'
665 3323 1172 3450 tlal‘tttttlttttnllltss

131 3453 225 3502 dentur.
243 3453 349 3518 Polyblus
356 3457 495 3521 simpliciter,
505 3453 585 3504 salrab
595 3451 634 3502 db·
663 3454 750 3509 timet,
765 3452 860 3508 AEtalis‚
875 3460 960 3514 praeter
969 3449 1173 3515 antiquumjusitr

131 3513 204 3577 εἱυτα
222 3519 260 3578 τῷ·
279 3519 391 3583 συνεδρίῳ
408 3520 531 3584 brandeas.
564 3517 633 3565 Unde
665 3515 794 3566 Phocenses
816 3531 842 3564 sc
862 3516 994 3578 ἱοεηηεει,
1014 3515 1098 3579 aliquid
1117 3517 1173 3566 assi

131 3581 235 3642 colligere
303 3597 363 3631 rmus
373 3585 433 3632 hanc
449 3584 519 3632 fuisse
530 3594 633 3630 mentem
662 3582 721 3646 juris
739 3596 769 3630 ex
782 3581 828 3630 hoc
845 3579 939 3628 decreto
949 3581 1028 3630 decem
1040 3580 1171 3643 legatorum

131 3644 233 3702 Lirihm
257 3647 369 3705 iceret,eo
377 3649 487 3696 matarius
496 3663 546 3697 rem
554 3661 633 3710 perae-
663 3647 793 3696 mesine.

131 3711 212 3757 tamin
229 3713 436 3770 conventul'uisse,
452 3715 512 3776 quod
531 3713 561 3760 ibi
581 3725 635 3776 pro·
695 3711 718 3747 ⁷⁴
735 3709 825 3774 Carysti
844 3709 936 3770 adiecto.
981 3707 1098 3775 Pleu-rato]
1118 3711 1169 3758 arr:

130 3774 296 3824 uunehbantru
313 3777 455 3826 solummodo
473 3778 566 3826 decreta
583 3779 633 3841 jaro
665 3776 784 3828 maechtio
799 3773 893 3822 habuit:
916 3773 1000 3820 Coristo
1014 3789 1041 3820 aa
1051 3772 1171 3822 Pleurato.

131 3837 245 3899 elegatis
261 3841 329 3890 iacta.
362 3843 465 3890 Fortasse
484 3843 578 3890 dederet
593 3841 633 3888 l.i-'
665 3839 777 3888 Mendoae
795 3837 875 3903 procul
894 3837 969 3884 dubio.
1011 3835 1056 3883 Sed
1077 3836 1169 3884 dubita-

133 3899 190 3957 *Μ’
207 3905 263 3963 prot
279 3907 365 3953 ἀσωτία
382 3907 454 3954 decem
471 3906 591 3969 legatorum
609 3907 633 3954 irs
665 3919 716 3951 mus
733 3918 763 3951 an
782 3901 880 3951 feliciter
899 3904 943 3949 hoc
959 3899 1041 3948 vulnus
1062 3911 1170 3948 carmon

133 3965 228 4014 dodam
245 3971 381 4029 mmbsats'm,
398 3971 475 4026 idest,
492 3971 521 4018 ds
539 3969 633 4032 singulis
664 3969 702 4016 sit.
736 3969 866 4023 Corrector,
885 3966 987 4028 quisquis
1008 3963 1047 4011 ille
1065 3965 1104 4024 sir,
1125 3980 1170 4012 ex·

130 4028 262 4079 nominatim
273 4031 409 4090 civitatibus,
416 4036 626 4098 pronunciabantur.
663 4031 745 4098 pressit
756 4047 849 4080 aarum
861 4029 959 4094 Polybii‚
974 4043 1058 4090 nempe
1071 4029 1173 4092 Carysto

160 4093 183 4130 ⁷⁹
197 4093 265 4158 Dan]
281 4097 633 4163 Contriburiinunumreipub·
665 4112 755 4160 quoque
772 4095 831 4151 urbi,
848 4093 1039 4156 quemadmodum
1058 4089 1121 4140 Oreo
1143 4105 1171 4141 et

127 4155 274 4222 deutorpus.
664 4161 779 4217 Eretriae,
797 4159 926 4208 libertatem
947 4172 960 4204 a
986 4165 1067 4203 senne
1091 4157 1171 4208 datare

159 4220 182 4259 ⁷³
197 4221 326 4288 Phocenses,
347 4225 468 4286 Patrona,
484 4235 506 4274 et
524 4242 571 4289 pne
589 4227 632 4276 sis-
664 4239 721 4274 esse.
753 4225 798 4272 Sed
815 4237 860 4270 non
881 4222 948 4271 lseile
959 4217 1120 4269 crediderimus
1130 4224 1173 4271 h'u

130 4293 156 4333 ut
172 4285 233 4349 aste]
258 4290 337 4338 Scribe
355 4299 408 4340 eom
430 4291 514 4340 Ursino
531 4301 555 4339 et
572 4293 632 4339 Gro-
663 4289 812 4338 verbisillum
828 4287 919 4334 aLivio
933 4299 1026 4332 ansam
1036 4300 1170 4350 caprarum

71 4394 75 4398 .
129 4349 210 4398 novior
247 4353 363 4402 Phocenses
389 4353 552 4418 lenonesque,
576 4357 633 4402 sinat
664 4353 745 4402 iuius.

127 4423 177 4463 ante
199 4414 301 4475 suerunt,
326 4421 413 4479 adjectu
433 4421 514 4468 deant
537 4421 632 4466 aremori-
696 4417 719 4454 ⁷⁵
735 4415 820 4480 Iqttss]
837 4413 938 4464 Videtur
955 4413 1077 4477 legendum
1094 4413 1173 4481 Ly}-

127 4479 411 4539 balaamitarum.
444 4481 558 4550 ‘Nempe
572 4483 633 4532 Pho·
664 4479 886 4547 nidasexl’olybio.
