3068 5186
335 277 412 336 LIB.
432 275 609 339 XXXVIII.
631 278 715 338 chr.
732 279 877 338 XXXIV.
1066 275 1132 350 a&

89 433 262 522 perplexum
284 431 352 510 nrt,
374 444 409 495 us
432 443 465 494 et
489 433 593 496 sensi
616 433 674 496 sus
698 433 736 496 se
756 409 975 498 masmine
999 437 1299 518 persa-uena·

91 541 155 586 sum
179 518 374 601 acciperent3
409 531 442 581 et
465 516 688 584 Lacedaemonii
711 541 774 582 non
796 523 901 584 omnia
927 542 1072 584 concesm
1093 513 1211 585 iisd-‘³¹
1224 517 1284 566 ¹⁸9·

92 604 369 687 mtdrpretmentm.
392 606 450 666 hac
474 617 627 688 potestate
655 607 807 670 inmodice
821 605 925 670 Achaei
944 629 981 670 ac
1002 611 1130 692 superbe

92 696 137 758 usi
151 701 232 753 sunl.
619 724 637 758 a

133 775 283 842 XXXIII.
322 775 541 861 Philopoemeni
585 779 778 841 continuabat
819 780 1035 861 magistratus:
1080 783 1131 863 qiri

92 867 167 930 veris
190 864 290 941 Initio,
314 866 449 926 exercitu
470 865 599 941 indicto,
623 877 724 928 castra
749 865 913 928 infinibus
938 867 1133 931 Lacedaemo·

91 956 208 1018 uiorum
224 951 336 1034 posuit.
357 950 474 1032 legatos
497 951 606 1014 deinde
621 953 705 1014 misit
728 952 769 1013 ad
792 945 1003 1035 deposceridos
1026 965 1132 1028 aucto-¹

90 1062 137 1102 res
152 1037 340 1115 defectionis,
363 1050 395 1100 et
408 1039 563 1100 civitatem
579 1039 609 1100 in
625 1059 702 1122 pace
722 1038 865 1116 futuram,
879 1040 904 1102 si
921 1041 952 1104 id
977 1041 1132 1118 fecissent,

90 1125 246 1212 pollicens,
268 1135 301 1186 et
315 1124 384 1186 illos
408 1125 484 1186 nihil
501 1124 618 1187 indicta
643 1145 749 1187 caussa
771 1146 924 1208 passuros.
969 1125 1132 1190 Silentium

91 1233 152 1296 pra
178 1223 262 1272 metu
288 1222 457 1274 ceterorum
487 1211 554 1272 fuit
585 1231 660 1292 quos
689 1212 871 1274 nominatim
899 1212 1132 1296 depoposcerat,

90 1299 149 1381 Ipsi
172 1298 323 1367 scituros
338 1297 464 1380 professi
478 1310 571 1374 sunt3
595 1297 655 1358 fide
670 1309 797 1378 accepta
811 1298 850 1359 ab
865 1298 984 1379 legatis,
991 1289 1060 1360 'viru
1076 1301 1131 1362 ab·

91 1387 236 1461 futuram,
258 1383 356 1445 donec
377 1405 514 1446 caussam
540 1384 698 1446 dixissent.
724 1384 824 1446 ierunt
845 1384 901 1446 alii.
920 1386 1013 1448 etiam
1036 1385 1131 1446 inlus·
1144 1393 1161 1408 “

93 1483 154 1534 tres
170 1469 235 1548 viri,
261 1481 293 1533 et
309 1469 485 1532 ¹⁴advocati
505 1470 640 1552 privatis,
665 1482 696 1532 et
721 1469 794 1551 quia
819 1470 970 1551 pertinere
994 1491 1133 1535 carneam

94 1577 197 1620 eorum
219 1556 258 1617 ad
281 1556 497 1638 rempublicam
523 1556 703 1618 censebant..
743 1554 916 1639 Numquam
940 1557 1016 1618 alins
1041 1577 1133 1618 exsu-

93 1645 135 1706 Ies
164 1639 459 1704 Lacedaemoniorum
488 1639 592 1704 Achaei
628 1663 730 1704 secum
766 1642 957 1706 adduxerant
986 1644 1018 1704 in
1048 1642 1134 1721 fines,

94 1729 164 1811 quia
193 1727 268 1790 nihil
297 1748 380 1810 aeque
409 1721 608 1790 alienaturum
643 1729 760 1790 animos
797 1729 930 1792 civitatis
965 1730 1134 1792 videbatur.

48 1843 52 1854 ·
94 1829 165 1879 tunc
189 1815 337 1876 exercitus
363 1815 458 1876 totius
482 1835 576 1898 prope
603 1815 792 1896 antesignani
819 1816 938 1878 exsules
964 1827 1060 1878 erant.
1107 1813 1133 1878 Ii
1146 1805 1290 1884 lacessas·

94 1901 280 1964 venientibus
317 1897 553 1962 Lacedaemoniis
582 1902 622 1962 ad
658 1913 777 1984 portam
808 1913 973 1964 castrorum
1011 1885 1279 1984 agminsm'lfss'ss,

96 1987 177 2050 facto
192 1989 399 2049 obcurrerunt.
423 2000 456 2050 et
470 1987 567 2070 primo
590 1987 736 2052 lacessere
747 1987 877 2070 jurgiis:
909 1989 1019 2050 deiude
1041 1989 1131 2050 alter·
1144 1951 1220 2076 ilina
1231 2017 1274 2050 er·

94 2075 211 2136 catione
236 2086 315 2151 orta,
341 2093 434 2154 quum
460 2075 698 2136 accenderentur
720 2076 780 2153 irae,
796 2073 973 2136 ferocissimi
996 2075 1136 2136 exsulum
1144 2066 1239 2116 rutubus.

93 2161 229 2243 inpetum
255 2161 287 2222 in
312 2157 557 2224 bacedaemonios
583 2161 728 2222 feceruut.
786 2159 887 2231 Quum
917 2162 959 2223 illi
989 2159 1071 2226 Deos
1102 2173 1134 2226 et

93 2247 183 2308 fidem
206 2247 375 2328 legatorum
390 2257 581 2324 testarentur,
604 2259 636 2308 et
651 2246 743 2328 legati
765 2257 797 2310 et
811 2261 919 2328 praetor
942 2247 1136 2310 submoveret
1220 2273 1246 2286 ··
1273 2279 1300 2288 ··
1358 2263 1363 2280 ¹

93 2336 206 2411 turbas,
230 2344 263 2394 et
277 2344 448 2416 protegeret
470 2329 728 2411 Lacedaemonios,
749 2333 928 2414 vinculaque
949 2333 1016 2414 jam
1041 2353 1136 2414 quos·

95 2420 165 2480 dam
181 2417 352 2500 injicientes
367 2432 493 2497 arceret,
511 2423 535 2460 ¹⁵
547 2421 704 2482 crescebat
727 2419 858 2482 tumultu
873 2421 1049 2481 concitator
1069 2433 1138 2482 tur-

93 2508 143 2590 ba.
176 2505 228 2566 *Et
251 2505 355 2568 Achaei
378 2506 419 2567 ad
445 2506 652 2586 spectaculum
677 2506 778 2587 primo
803 2507 1057 2568 concurrebant&
1079 2507 1133 2568 de·
1219 2529 1241 2540 ·’
1296 2535 1301 2548 ·

96 2591 165 2654 iude
179 2591 414 2654 vociferantibus
438 2592 599 2670 exsulibus,
615 2611 679 2738 quipp
699 2592 779 2674 passi
794 2591 904 2669 forent,
928 2604 959 2654 et
979 2593 1133 2654 orantibus

374 2677 381 2690 .
529 2679 535 2690 .
627 2679 636 2710 ι
1031 2680 1038 2692 .

96 2677 1137 2847 ntrsttnttnnctt...:aaut

97 2849 202 2932 ‘quod
216 2849 376 2934 Olympiae,
391 2850 474 2932 quod
488 2851 519 2912 in
535 2871 603 2912 arce
625 2849 754 2914 Athenis
770 2869 921 2916 sacratum
937 2851 1137 2930 brisacairn·
1202 2903 1207 2916 .

98 2937 184 2998 ‘tum
201 2957 256 3019 per
270 2937 338 2999 illos
354 2957 437 2998 esse:
460 2937 634 3019 prinsquam
656 2938 717 3000 alio
732 2938 770 2999 de
786 2939 904 3019 integro
927 2937 1039 2999 foedere
1054 2937 1134 2998 obli-

7 3059 8 3062 *
98 3021 108 3055 ‘
121 3036 274 3104 gerentur,
290 3024 397 3086 noxios
413 3023 582 3106 puniendos
597 3022 688 3098 esse3’
714 3043 842 3084 accensa
857 3024 904 3084 his
918 3025 1039 3084 vocibus
1055 3021 1134 3084 mul·

97 3109 192 3172 titudo
208 3109 249 3172 ad
265 3130 368 3190 vocem
384 3111 482 3187 unius,
498 3107 609 3190 qui,'ut
621 3109 755 3189 ferirent,
771 3110 957 3188 inclamavit,
968 3129 1042 3172 saxa
1056 3130 1135 3170 con-

93 3193 187 3276 jecit:
223 3191 315 3278 atrine
331 3195 376 3258 ita
395 3195 623 3279 septemdecim,-
639 3196 746 3277 quibus
760 3195 881 3258 nucius
902 3215 955 3278 per
969 3195 1134 3257 tumultum

97 3279 205 3364 injecta
215 3294 314 3362 erant,
326 3282 479 3346 Interfecti
495 3294 581 3344 sunt:
604 3282 763 3364 sexaginta
774 3293 834 3343 tres
849 3293 970 3364 postero
983 3282 1033 3344 die
1048 3303 1135 3344 com·

98 3369 247 3449 prehensi,
259 3393 278 3432 a
288 3370 396 3451 quibus
410 3381 518 3451 praetor
531 3370 592 3430 vim
608 3379 825 3446 arcuerat,110n
840 3369 911 3448 quia
922 3369 1019 3432 salvos
1033 3369 1137 3446 vellet,

98 3455 148 3517 sed
163 3457 236 3537 quia
260 3456 359 3539 perire
380 3476 489 3518 caussa
513 3455 630 3518 indicta
651 3456 785 3533 nolebat,
810 3453 922 3536 objecti
947 3455 1134 3518 multitudIni

98 3539 188 3620 irata,
213 3563 308 3626 quum
337 3543 447 3604 aversis
471 3542 591 3604 auribus
616 3563 714 3626 pauca
738 3542 832 3605 locuti
858 3553 971 3622 assent,
999 3541 1134 3612 damnati

99 3645 210 3708 omnes,
226 3643 259 3692 et
275 3627 379 3692 traditi
395 3639 465 3691 sunt
480 3627 521 3690 ad
531 3628 722 3712 supplicium.

138 3713 286 3783 XXXIV.
314 3713 497 3795 Hocnmetu
527 3711 649 3797 injectu,
679 3712 916 3778 Lacedaemoniis
953 3716 1133 3798 imperatum
1147 3713 1292 3830 braun&

99 3799 236 3882 primum,
262 3815 297 3866 ut
320 3821 428 3871 muros¹
451 3801 625 3876 diruerent:
665 3801 787 3880 deinde,
818 3815 859 3864 nt'
881 3823 987 3864 omnes
1017 3803 1136 3865 externi
1147 3785 1303 3898 23„th

97 3887 265 3968 mulina,
295 3889 346 3970 qui
376 3886 515 3957 mercede
545 3889 628 3972 apud
658 3899 803 3972 tyrannos
832 3889 1025 3967 militassent,
1056 3899 1138 3950 terra

185 4034 396 4087 'muame
417 4037 579 4085 μιάνθην.
708 4013 1059 4085 amnemamnem.
1165 4103 1171 4116 ·

132 4163 154 4200 ¹⁴
168 4167 183 4195 ⁰
200 4167 305 4216 Advocati
320 4165 424 4230 prImtir]
450 4163 559 4214 Adfaturi
575 4165 602 4214 'ds
632 4165 784 4223 aliheancitr:
807 4166 866 4214 unde
877 4165 1005 4214 Gronovius
1016 4165 1141 4228 legendum

101 4229 138 4290 qai
147 4234 232 4281 evocari
242 4234 341 4289 fueraut¹
349 4233 379 4280 ab
389 4233 498 4296 privatam
507 4247 561 4280 arm
572 4231 601 4280 i'u
629 4231 738 4295 Judlcrnt
747 4231 838 4278 concitas
871 4232 945 4292 Vulgo
955 4233 1010 4280 editi
1024 4231 1139 4282 habebant

100 4297 298 4348 mserum.
406 4317 408 4326 ¹
513 4325 517 4334 ·
633 4297 968 4344 warmacensem
983 4299 1063 4344 tube:
1079 4299 1140 4362 quod

133 4359 153 4392 ¹⁵
176 4363 285 4412 Crem
304 4361 403 4410 tumba
422 4363 506 4411 andra
522 4361 604 4426 turba]
634 4361 677 4408 errl
688 4360 781 4409 salusti
792 4361 1042 4425 poterer‚GronorIms
1059 4379 1139 4416 ersen-

101 4421 293 4495 ffieftmreripti,
308 4427 473 4492 mrimdii
491 4429 605 4488 molleta
635 4423 864 4491 drtbmgirplrcer.
1139 4460 1146 4475 .
