3044 5194
345 387 365 440 6
622 469 626 476 ⁴
705 371 968 440 ·-T1trt,1vl'1
1048 409 1051 419 =

183 551 216 602 rr.
228 551 257 602 c.
269 551 323 599 aaz.
346 537 420 600 clua-
435 537 539 599 consul
561 535 682 600 ntulit:
710 547 890 617 senatusque
910 535 1051 612 decoerlt,
1070 536 1114 598 uti
1129 533 1267 598 eonsules
1281 531 1381 616 sunjo-

184 616 318 668 A·⁰·²⁰⁰·
348 626 428 687 ribus
451 625 556 686 hostiis
582 646 644 685 rem
667 624 799 685 divinam
825 622 968 700 facerent,
994 617 1101 704 quibus
1126 619 1193 683 Diis
1212 622 1284 706 ipsis
1299 621 1383 682 vide·

276 719 279 725 '
349 721 439 790 retur,
454 727 523 772 eum
538 711 712 794 precatione
727 723 781 770 ea:
803 709 829 747 ²³
842 709 852 741 ‘
864 707 963 778 Quam
980 723 1044 770 rem
1059 721 1180 772 senatus
1194 707 1382 791 populusque

348 801 359 832 ‘
373 795 528 860 Romanus
543 797 587 858 de·
597 795 749 878 republica
763 795 861 876 deque
877 795 1008 858 ineundo
1023 813 1113 857 novo‘
1123 795 1204 857 bello
1226 796 1258 856 in
1278 794 1381 856 animo

349 883 508 961 ‘heberet
530 903 566 946 ea
586 899 631 944 ras
654 883 698 944 uti
723 881 835 964 populo
855 881 1004 960 Romano,
1028 881 1187 964 sociisque,
1212 901 1248 942 ao
1265 879 1383 942 nomini

349 971 359 1003 ‘
374 969 492 1047 Latino,
508 969 584 1032 berre
600 989 635 1030 ac
650 968 779 1030 feliciter
801 969 933 1030 eveniret
944 965 965 1028 ι’
987 969 1153 1031 secundom
1168 981 1232 1030 rem
1248 967 1391 1028 divinam-

348 1057 622 1139 precatlonemque,
650 1063 684 1115 ut
709 1053 746 1116 de
770 1056 923 1137 republica
947 1055 1043 1138 deque
1065 1057 1227 1136 prouinciis
1242 1064 1382 1116 senatum

349 1142 564 1204 consulerent
592 1139 651 1202 Per
672 1161 725 1202 eos
749 1141 812 1202 dies
840 1153 1009 1224 opportune
1037 1142 1189 1206 irritandis
1211 1141 1252 1202 ed
1271 1139 1382 1202 bellum

350 1229 467 1305 animis,
484 1237 514 1288 et
529 1227 622 1289 litera
638 1249 656 1288 a
671 1225 717 1287 M.
734 1225 856 1292 Aurelio
872 1228 983 1310 legato,
1004 1239 1036 1289 et
1052 1226 1099 1288 M.
1119 1221 1242 1290 Valerio
1265 1225 1383 1288 ltedno
1404 1279 1408 1296 ,

347 1324 531 1401 propraetore
546 1313 653 1375 adlatae
665 1334 680 1372 :1
697 1323 729 1373 et
742 1312 972 1375 Atheniensium
986 1335 1066 1375 nova
1085 1313 1195 1396 legatio
1209 1315 1302 1392 venit,
1318 1327 1383 1394 qua

348 1419 450 1480 regem
464 1399 706 1481 adpropinquare
727 1399 835 1460 linibus
859 1401 919 1461 suis
943 1401 1119 1463 nunciaret:
1145 1401 1297 1482 brevique,
1321 1417 1382 1460 irorr

349 1501 437 1566 agros
451 1485 554 1563 mode,
569 1487 623 1548 sed
641 1487 746 1547 urbem
766 1488 857 1548 etiarn
879 1487 910 1548 in
930 1487 1045 1548 ditione
1067 1487 1132 1570 ejua
1156 1487 1296 1562 futuram,
1324 1485 1383 1546 nisi

349 1571 421 1652 quid
436 1572 467 1632 in
482 1570 632 1633 Romanis
651 1571 753 1633 auxilii
777 1571 865 1634 forat.
914 1571 1013 1643 Quum
1037 1575 1283 1656 pronunciassent
1307 1591 1383 1632 cort-

350 1657 439 1734 sules,
455 1673 519 1718 rem
534 1658 663 1718 diuinam
680 1655 735 1719 rite
755 1657 920 1740 perfectam
946 1679 1021 1736 esse,
1047 1671 1079 1722 et
1098 1661 1303 1742 precationem
1324 1659 1382 1719 ad-

350 1744 466 1804 misisse
489 1737 571 1804 Deos
596 1745 746 1827 aruspices
772 1745 962 1827 respondere,
988 1740 1116 1827 iateque
1140 1759 1212 1809 exta
1233 1743 1335 1822 trisse,
1351 1755 1384 1806 et

335 1830 550 1911 prolationem
565 1829 682 1909 linium,
705 1824 934 1913 victoriamque,
958 1844 989 1894 et
1012 1834 1198 1915 triumphurn
1218 1831 1382 1916 portendi3

350 1928 415 1978 turn
431 1917 524 1978 literae
543 1911 654 1978 Valerii
676 1917 847 1998 Aureliique
870 1919 964 1996 lecta,
987 1932 1019 1980 et
1041 1921 1133 2002 legati
1153 1915 1383 1980 Atheniensium

351 1997 459 2063 auditi.
481 2044 483 2052 ·
501 2000 628 2084 Senatus
653 2003 723 2064 iude
747 2005 916 2067 consultum
936 2005 1049 2067 facturn
1073 2017 1131 2083 est,
1152 2019 1185 2068 ut
1206 2005 1293 2067 sociis
1314 2023 1383 2086 gre-

349 2089 399 2149 tia
427 2095 605 2169 egerentem
632 2089 713 2170 quod
739 2090 790 2152 diu
817 2092 980 2169 sollicitati,
1010 2113 1048 2154 ue
1072 2092 1236 2154 obsidionis
1262 2091 1405 2172 quidem*

350 2185 433 2236 metu
455 2174 515 2236 lide
538 2175 745 2244 decessissent.
766 2177 804 2238 de
829 2178 941 2240 auxilio
967 2179 1117 2240 mittendo
1137 2191 1202 2240 tum
1223 2181 1384 2262 ¹⁴respou-

350 2260 419 2322 dere
434 2256 562 2343 placere,
586 2281 677 2348 quum
693 2264 830 2324 consules
845 2266 1011 2346 provincias
1030 2263 1130 2328 sortiti
1145 2276 1265 2327 essentt
1294 2277 1384 2345 atqua

348 2346 373 2407 is
403 2347 518 2424 consui,
547 2349 596 2409 cui
626 2342 810 2410 Macedonia
838 2351 993 2432 provincia
1025 2353 1185 2428 evanescet,
1219 2352 1256 2412 ad
1286 2366 1383 2435 popu·

350 2431 412 2577 ΙΙιιιη
432 2433 559 2512 tulisset,
579 2445 614 2495 ut
637 2432 777 2516 Philippo
801 2437 863 2518 regi
891 2436 1094 2501 Macedonum
1118 2437 1302 2501 indiceretur
1320 2437 1386 2500 bei·

362 2537 424 2579 um.

188 2619 315 2670 paenas.
394 2603 448 2666 Vi.
467 2601 500 2666 P.
521 2601 655 2687 Sulpicio
680 2608 834 2688 producis
857 2605 1043 2673 Macedonia
1065 2623 1146 2675 sorte
1167 2613 1277 2692 euenit,
1301 2609 1385 2692 isque

186 2686 338 2735 maerente.
352 2691 540 2772 rogationem
570 2692 781 2773 promulgavit,
812 2691 968 2775 ‘Vellent,
990 2696 1136 2779 juberent
1155 2697 1294 2782 Philippo
1323 2699 1387 2780 regi

352 2777 363 2810 ‘
377 2777 666 2859 Macedonibusque,
675 2779 726 2860 qui
737 2782 791 2841 sub
803 2799 896 2866 regno
908 2783 972 2865 ejus
980 2795 1092 2862 essent,
1104 2786 1144 2847 ob
1155 2785 1277 2867 injurias
1287 2805 1385 2848 arma-

352 2865 362 2897 ‘
377 2882 435 2946 que
450 2864 544 2926 inlata
558 2865 648 2925 sociis
663 2867 766 2947 populi
782 2860 921 2947 Romani,
944 2871 1057 2932 bellum
1073 2871 1186 2934 iudici!
1210 2874 1296 2938 alteri
1311 2891 1385 2934 con·

353 2951 408 3010 suli
424 2949 546 3011 Aurelio
563 2949 651 3012 Italia
674 2953 829 3034 provincia
843 2955 962 3037 obtigit.
1006 2955 1150 3019 Praetoree
1166 2961 1274 3021 exinde
1289 2960 1386 3021 sortiti

353 3047 433 3116 suunt,
458 3035 514 3097 Cn.
530 3033 651 3117 Sergius
676 3037 801 3100 Plancus
826 3042 1040 3116 usquamst.
1064 3043 1182 3106 Fulvius
1205 3044 1285 3106 Gillo
1308 3043 1387 3107 Sici-

353 3123 437 3200 liam,
452 3123 489 3194 Q.
510 3119 663 3184 Minucius
684 3123 779 3188 Rarius
800 3123 946 3204 Bruttios,
967 3127 1002 3189 L.
1023 3127 1128 3192 Furius
1148 3129 1297 3216 Purpureo
1312 3131 1387 3194 Gal·

354 3209 436 3271 liam.
481 3204 613 3290 Rogatio
629 3209 762 3274 debello
778 3209 979 3276 Macedonico
994 3215 1098 3298 primis
1113 3219 1242 3282 comitiis
1267 3219 1304 3282 ab
1320 3207 1387 3284 om-

354 3295 442 3355 nibus
458 3295 551 3356 ferme
566 3297 708 3358 centuriis
724 3301 751 3337 ²⁵
764 3301 922 3380 antiquata
934 3313 991 3364 est.
1011 3303 1043 3363 id
1062 3318 1154 3384 quum
1177 3304 1246 3366 lessi
1272 3305 1387 3368 diutur-

355 3383 450 3442 nitate
470 3392 501 3442 et
523 3383 669 3462 gravitate
693 3383 764 3444 belli
788 3405 842 3470 sua
864 3398 972 3467 sponte
995 3389 1131 3450 homines
1146 3392 1235 3466 taedio
1251 3392 1387 3454 laborum

355 3467 613 3548 periculorumque
642 3469 787 3547 fecerant,
810 3481 874 3532 tum
901 3471 939 3540 Q.
968 3469 1086 3536 Baebius
1115 3477 1252 3539 tribunus
1281 3479 1389 3560 plebis,

241 3581 245 3584 ·
355 3552 435 3614 viam
467 3553 622 3632 antiquam
657 3555 835 3616 criminandi
866 3555 969 3619 Patres
1002 3562 1163 3642 ingressus,
1204 3565 1390 3627 incusaverat

356 3637 437 3697 bella
457 3657 495 3697 ex
510 3638 603 3698 ¹bellis
626 3640 694 3718 seri,
725 3661 763 3701 ne
792 3659 867 3722 pace
898 3661 1039 3726 umquam
1070 3647 1127 3709 frui
1158 3651 1243 3732 plebs
1276 3663 1389 3734 posset.

356 3719 452 3804 AEgre
468 3743 535 3786 earn
551 3743 613 3786 rem
632 3725 711 3808 passi
736 3725 850 3806 Patres,
873 3729 1077 3814 laceratusque
1099 3737 1216 3817 probris
1236 3739 1389 3802 insensatu

358 3809 494 3872 tribunus
518 3810 633 3890 plebis:
659 3823 690 3872 et
715 3815 869 3876 consulem
893 3837 948 3896 pro
973 3821 1005 3880 'se
1023 3821 1147 3902 quisque
1162 3824 1287 3900 hortari,
1301 3836 1336 3885 ut
1351 3824 1389 3886 de

358 3895 476 3976 integro
506 3897 632 3958 comitia
662 3899 811 3978 rogationi
842 3900 971 3964 ferendae
997 3905 1138 3986 ediceret,
1169 3910 1388 3992 castigaretque

250 4047 252 4052 .
328 4041 335 4050 ,
359 3982 517 4082 segnitiem
532 3981 656 4082 populi:
681 3996 771 4065 atque
785 3985 917 4068 doceret,
936 4001 1050 4070 quanto
1065 3991 1176 4058 damno
1191 3995 1391 4079 dedecorique

360 4065 465 4130 dilatio
481 4089 517 4130 ea
533 4069 603 4130 belir
619 4067 719 4132 futura
732 4083 821 4135 esset.
1364 4086 1367 4095 '

392 4223 415 4258 2³
427 4223 499 4276 Quone
516 4241 561 4274 ren
581 4237 667 4276 undere
685 4262 711 4279 ..
728 4263 734 4278 .
749 4233 774 4278 in
791 4235 862 4280 animo
892 4248 1028 4287 emarcescat.

362 4288 454 4364 baberet,
462 4305 487 4336 co
497 4289 542 4352 res]
565 4291 620 4340 Non
637 4296 717 4372 minus·
727 4295 786 4372 bene
798 4296 863 4348 Vict.
923 4303 944 4336 ²⁴
957 4301 1192 4372 chpndenploeere]
1212 4307 1297 4358 Nouae
1310 4309 1395 4374 polius,

361 4352 432 4401 luter:
454 4352 517 4405 Quod
539 4365 631 4407 motus.
664 4359 746 4408 Similis
768 4372 803 4408 est
822 4379 860 4412 ro·
892 4370 1024 4426 responderi?
1243 4372 1247 4382 '

296 4437 298 4443 ι
362 4417 437 4466 lenuis
470 4423 712 4497 senatusconsultemm
748 4426 860 4476 fortunis:
925 4432 1099 4498 eventurus«
1115 4436 1157 4501 ert]
1183 4437 1238 4488 Vid.
1252 4439 1393 4490 noscare

365 4479 428 4534 Quod
443 4483 861 4548 undesecrtconsul...dcearae'tu
893 4495 968 4550 ιιὸθ,
1082 4505 1094 4525 '
