3110 5204
417 397 495 458 111ss.
509 397 652 459 XXXIV.
665 398 755 458 ‚cult
765 397 837 457 Xll.
1114 405 1171 463 145

16 575 17 580 ¹
120 551 134 586 ‘
148 573 210 616 sua
220 553 399 636 obpugnari,
414 573 472 616 nec
486 573 572 636 spem
587 554 681 615 ullam
696 573 761 614 esse
773 552 942 631 resistendi,
961 552 1020 617 uisi
1030 554 1168 636 praesidio
1183 562 1216 614 U.
1228 562 1256 612 c.
1267 567 1324 616 557.

13 647 15 652 ’
118 637 311 702 ‘Romanus
323 640 409 701 miles
421 650 510 700 esset.
552 636 650 700 'Priab
665 639 761 700 millia
771 639 901 712 militum
913 640 986 702 satis
1002 661 1087 703 esse:
1110 662 1168 704 nec
1182 628 1252 682 Μ·
1264 631 1318 680 ¹⁹⁵·

118 725 136 758 ‘
151 726 269 804 hostes,
290 725 316 786 si
331 737 418 788 tanta
432 747 538 788 manus
552 726 694 804 venisset,
715 723 893 789 mansuros?
936 725 987 789 Ad
1001 748 1038 788 ea
1052 728 1168 808 consul,

14 851 15 854 =
119 811 136 846 ‘
151 809 306 873 ⁴⁹Moveri
319 812 442 892 quidem
457 823 508 874 see
521 812 568 874 vel
583 812 717 895 periculo
735 831 851 891 eorum,
866 813 914 874 vel
925 811 1031 892 metu,’
1046 813 1168 876 dicerer

121 897 138 966 ‘,
154 899 211 961 sed
223 897 278 960 sibi
294 919 486 981 nequaquam
498 909 617 962 tantum
635 900 790 982 copiarum
803 920 879 978 esse,
889 909 934 977 ut,
950 919 1042 981 quum
1057 920 1170 982 magna

122 985 138 1018 ‘
152 985 200 1046 vis
215 984 350 1047 hostium
367 985 449 1047 haud
460 985 565 1068 procul
577 985 668 1064 absit,
683 987 711 1024 ⁵⁰
721 1005 791 1047 cum
806 1006 866 1068 qua
877 985 973 1047 mou‘¹
987 986 1080 1068 signis
1096 1006 1170 1049 cou-

55 1121 63 1133 .
124 1071 141 1105 ⁶
156 1071 229 1133 tatis
238 1070 444 1134 dimicandum
456 1071 513 1133 sibi
525 1073 557 1134 in
570 1071 634 1134 dies
643 1082 811 1154 exspectet,
827 1071 990 1134 dividendo
1005 1072 1171 1134 exercitum

125 1156 140 1190 ‘
154 1157 292 1219 minuere
301 1167 369 1220 tuto
378 1158 455 1220 vires
465 1156 588 1241 posset?
619 1155 739 1240 Legati,
747 1158 799 1220 ubi
811 1158 875 1219 haec
885 1158 1054 1236 audierunt,
1066 1157 1172 1220 flentes

127 1243 172 1306 ad
183 1264 285 1325 genus
292 1244 423 1306 consulis
434 1245 658 1327 provolvuntur.
700 1243 809 1321 Orant,
824 1241 894 1304 ‘Ne
909 1265 942 1305 se
959 1245 990 1306 in
1000 1244 1089 1306 rebus
1101 1247 1171 1306 'tam

124 1329 140 1362 ‘
153 1330 282 1412 trepidis
294 1329 422 1392 deserat.
456 1329 525 1406 Quo
535 1331 615 1392 enim
628 1351 670 1408 se,
685 1330 820 1412 repulsos
834 1331 872 1390 ab
883 1329 1041 1408 Romanis,
1052 1329 1175 1392 ituros?

126 1415 141 1448 ‘
155 1414 266 1478 Nullos
275 1438 306 1479 se
316 1419 427 1495 socios,
436 1417 513 1483 nihil
522 1436 648 1498 usquam
657 1417 689 1476 in
699 1416 785 1476 terris
797 1415 879 1476 aliud
887 1416 951 1498 spei
960 1416 1095 1476 habere
1113 1415 1173 1477 Po-

126 1501 141 1534 ‘
157 1503 251 1564 tuisse
262 1523 294 1564 se
305 1514 392 1564 extra
400 1503 432 1566 id
441 1503 607 1586 periculum
617 1522 693 1579 esse,
705 1501 730 1562 si
739 1499 886 1562 decedere
896 1501 967 1579 lide,
978 1501 1003 1562 si
1015 1500 1174 1582 conjurare

127 1587 142 1620 ‘
158 1609 231 1651 cum
240 1589 347 1651 ceteris
361 1589 530 1651 voluissent
539 1588 629 1650 nullis
644 1588 745 1664 minis,
759 1586 848 1648 nullis
860 1587 1006 1649 terriculis
1017 1607 1050 1648 se
1062 1597 1173 1665 motos,

128 1671 143 1706 ‘
159 1687 316 1756 sperantes
331 1675 404 1737 satis
416 1675 482 1758 opis
492 1686 526 1738 et
534 1674 639 1736 auxilii
651 1674 708 1736 sibi
716 1674 748 1734 in
757 1672 903 1758 Romanis
915 1694 989 1735 esse.
1023 1671 1060 1734 ld
1070 1672 1095 1734 si
1104 1672 1174 1734 nul-

128 1759 143 1792 ‘
160 1761 228 1822 lum
237 1763 286 1840 sit,
297 1763 321 1823 si
337 1761 394 1822 sibi
410 1762 561 1824 sconsule
576 1771 712 1843 negetur,
723 1759 806 1821 Deos
820 1760 1018 1840 hominesque
1033 1780 1065 1820 se
1080 1769 1174 1821 testes

128 1843 143 1878 ‘
160 1846 274 1926 facere,
290 1847 442 1910 invitoset
452 1859 575 1910 coactos
590 1869 633 1926 se,
647 1867 687 1909 ne
699 1845 818 1924 eadem,
840 1866 904 1928 quse
920 1843 1080 1926 Saguntini
1092 1843 1175 1927 passi

129 1930 144 1965 ‘
159 1933 224 1994 sint
232 1943 255 2012 ‘,
270 1934 434 2017 patiantur,
451 1933 638 1997 defecturos:
657 1943 689 1996 et
704 1953 772 1994 cum
783 1931 1007 2017 ceterispotius
1017 1928 1175 2014 Hispanis,
1241 1931 1243 1936 ’

130 2017 253 2102 ‘quam
267 2021 357 2100 solos,
372 2022 519 2104 perituros
534 2017 621 2082 esse?

176 2102 250 2167 ΧΗ.
271 2105 313 2168 Et
326 2106 379 2168 illo
395 2107 516 2189 quidem
533 2107 582 2168 die
596 2107 641 2169 sic
652 2107 716 2170 sine
731 2127 876 2191 responso
887 2105 1012 2168 dimissi.
1057 2101 1176 2165 Consu-

134 2190 196 2252 lem
210 2204 313 2270 nocte,
329 2214 393 2277 quse
417 2194 554 2256 insecuta
568 2205 626 2272 est,
648 2215 759 2276 anceps
774 2215 846 2255 cura
860 2192 998 2274 agitare:
1024 2190 1106 2252 nolle
1122 2189 1176 2252 de-

132 2296 234 2338 serere
258 2279 368 2356 socios,
390 2280 472 2342 nolle
495 2281 631 2343 minuere
655 2281 820 2342 exercitum
832 2302 843 2356 3
876 2277 958 2359 quod
982 2287 1035 2339 aut
1059 2295 1178 2338 moram

134 2361 192 2423 sibi
222 2363 263 2424 ad
294 2364 513 2444 dimicandum,
542 2377 595 2429 sut
623 2368 655 2428 iu
678 2365 850 2428 dimicando
874 2363 1039 2446 periculum
1061 2361 1179 2424 adferre

134 2457 252 2530 posset.
298 2445 369 2510 Stat
383 2453 544 2530 sententia,
556 2474 618 2514 non
628 2452 763 2514 minuere
778 2451 891 2533 copias,
911 2471 950 2512 ne
968 2448 1040 2531 quid
1055 2447 1179 2510 interim

133 2533 242 2596 hostes
253 2532 387 2594 inferant
401 2535 592 2616 ignominis:
614 2538 704 2600 sociis
724 2558 808 2620 spem
825 2557 880 2619 pro
895 2556 927 2597 re
942 2532 1182 2598 ostendendam‘

136 2629 254 2682 censet
299 2615 385 2700 Saepe
398 2637 478 2679 vana
491 2639 546 2700 pro
559 2624 648 2702 veris,
670 2623 803 2684 maxime
818 2623 850 2683 in
864 2621 954 2698 bello,
974 2620 1123 2682 valuisse:
1148 2627 1181 2681 et

137 2705 316 2767 credentem
337 2724 369 2764 se
384 2703 497 2786 aliquid
520 2706 623 2766 auxilii
642 2705 764 2782 habere,
785 2705 910 2787 perinde
931 2719 1021 2791 atque
1042 2706 1181 2785 haberet,

137 2791 207 2873 ipsa
220 2789 340 2868 fiducia,
362 2800 395 2850 et
417 2791 566 2872 sperando
586 2802 677 2872 atque
698 2791 838 2854 audendo
853 2803 1013 2857 servatum.
1046 2792 1182 2856 'Postero

139 2876 191 2939 dic
201 2876 310 2958 legatis
320 2875 489 2958 respondit,
505 2876 717 2958 ‘Quamquam
725 2889 873 2957 vereatur,
887 2898 926 2940 ne
938 2877 1005 2941 suas
1016 2881 1104 2959 vires,
1115 2880 1182 2942 aliis
1195 2884 1291 2937 Catonis

137 2963 151 2996 ‘
165 2983 218 3024 aas
228 2961 462 3039 commodando,
474 2962 592 3024 minuat
599 2984 610 3040 3
628 2975 730 3026 tamen
746 2964 866 3026 illorum
879 2985 911 3026 se
922 2968 1067 3048 temporis
1079 2988 1115 3030 ac
1128 2988 1183 3052 pe·
1193 2969 1339 3024 mlum

137 3048 536 3129 ‘riculimagis,quamsui,
547 3049 836 3112 rationemhabere.’
858 3051 1043 3115 Denunciari
1052 3055 1183 3120 militum

137 3135 221 3218 parti
243 3135 338 3197 tertie
358 3155 397 3196 ex
418 3135 558 3197 omnihus
582 3137 756 3199 cohortibus
776 3134 876 3218 jubet,
900 3148 936 3200 ut
957 3139 1069 3218 cibum,
1092 3162 1183 3225 quem

136 3222 173 3283 in
187 3241 280 3283 naves
293 3221 455 3302 inponant,
477 3233 597 3282 mature
619 3233 772 3303 coquant:
798 3231 948 3303 navesque
970 3223 1002 3286 in
1025 3227 1105 3288 diem
1121 3239 1183 3291 ter-

138 3308 221 3368 tium
244 3306 378 3389 expediri
399 3305 500 3386 jussit.
543 3305 629 3369 Duos
650 3327 688 3368 ex
711 3306 820 3388 legatie
835 3306 974 3389 Bilistagi
1001 3322 1092 3392 atque
1108 3312 1184 3376 ller-

91 3421 94 3426 ·
135 3393 263 3474 getihus
284 3392 425 3454 nunciare
452 3415 499 3454 ea
508 3390 619 3474 jubet3
645 3391 740 3454 lilium
764 3393 860 3474 reguli
881 3395 1008 3457 comiter
1030 3395 1187 3479 habendo,

139 3490 181 3542 et.
203 3478 376 3540 muneribus
403 3479 483 3562 apud
507 3499 540 3540 sc
566 3479 688 3541 retinet.
732 3475 841 3560 Legati
864 3501 927 3543 non
949 3491 1019 3544 ante
1042 3484 1187 3566 piofecti,

140 3583 230 3648 quarn
246 3565 394 3647 inpositos
409 3566 441 3627 in
457 3585 546 3628 naves
561 3565 672 3628 milites
686 3565 844 3628 videnmt:
868 3566 901 3628 id
914 3587 970 3652 pro
986 3569 1069 3632 haud
1091 3571 1188 3636 dubio

169 3744 184 3780 s
196 3719 551 3808 metanomiam.
586 3747 907 3802 conmmeatum.
992 3751 1186 3806 curetum.

135 3809 152 3872 ,θ
161 3826 213 3880 erm
222 3827 267 3874 quo
276 3827 324 3860 mos
333 3812 378 3876 leg.
386 3821 533 3874 etquenam
544 3811 613 3861 Crcr.
657 3819 730 3864 etuttt
740 3815 815 3863 Gran.
827 3813 895 3862 Cret.
939 3813 1103 3866 ‘weomadum
1114 3818 1186 3870 Cret.

171 3941 196 3987 ⁴⁹
210 3947 645 4019 quuldemse]Gronovienaeedi·
726 3968 791 4015 qnam
810 3951 904 4016 prefert
912 3954 977 4016 quod.
1008 3943 1098 4003 Eodem
1115 3955 1187 4004 modo

137 4012 215 4064 tiones
235 4028 314 4065 carent
335 4018 370 4077 τῷ
385 4032 415 4066 ts
444 4017 496 4066 Noe
514 4028 644 4066 ceterarum
686 4029 820 4066 mutescat
837 4018 1011 4080 Livius,l.m.
1030 4023 1103 4070 c.37.
1135 4020 1185 4070 Er·

139 4081 379 4144 :nunnunqubus
389 4081 644 4130 acceditunuseMSS.
677 4084 806 4144 spanum,
830 4097 896 4145 quam
915 4098 963 4130 mcc
988 4086 1109 4133 matthe
1134 4101 1184 4136 cre.

139 4141 527 4201 fleamuononervietecuti
537 4148 626 4195 sumus.
676 4147 740 4195 andis
759 4149 845 4195 comitio
865 4148 1011 4196 colmenar.
1045 4149 1106 4198 Etl.
1124 4165 1183 4202 uc.

174 4209 197 4242 ³⁰
212 4208 254 4267 Et,
270 4227 335 4274 pram
354 4207 402 4260 ntor
418 4211 485 4275 signis
505 4213 589 4261 collutis
611 4213 646 4260 di·
677 4212 717 4259 45.
749 4209 845 4271 intenti,
867 4227 931 4274 qrtom
948 4226 996 4258 mcc
1010 4210 1098 4274 tignum
1114 4216 1183 4266 ‹im-0.

137 4273 265 4322 miecndum
281 4277 319 4336 rit,
340 4279 366 4325 lo
381 4278 427 4325 diet
443 4276 554 4339 aspecto]
577 4275 646 4326 Hane
678 4283 724 4324 tur.
757 4275 870 4325 *Sensus
880 4286 950 4340 petet·
983 4275 1014 4325 Et
1026 4289 1142 4342 exspectet
1155 4280 1181 4330 irr

136 4336 270 4401 elegantem
304 4341 427 4391 lectionem
459 4343 555 4390 redonat
582 4343 646 4390 Livio
677 4339 859 4390 dierinstautem
872 4343 921 4406 jam
942 4353 996 4390 cum
1013 4338 1041 4388 iit
1055 4343 1180 4394 dimicatio·

137 4401 191 4452 Jrc.
208 4404 340 4454 Gronovius
351 4422 379 4456 ex
393 4407 488 4456 Thoan.
500 4407 588 4470 codice,
608 4407 646 4456 cui
676 4420 737 4454 nem
770 4405 882 4468 tvalgati
899 4401 944 4455 hoo
967 4405 1017 4455 loco
1037 4407 1105 4458 libri:
1128 4425 1180 4459 nm

136 4469 458 4520 uniunturduoetnss
469 4471 575 4521 Haemii.
600 4472 645 4521 m-
677 4486 779 4533 qunmor
794 4474 863 4537 signia
876 4473 960 4523 collatis
973 4473 1122 4526 dlmltcndttm
1138 4475 1180 4529 tlt

139 4543 182 4583 ret
203 4549 295 4600 quoqne
316 4549 394 4588 nater
414 4535 504 4588 Victor.
521 4537 565 4588 niti
586 4539 645 4604 quod
677 4537 876 4601 indiam.
1021 4573 1024 4580 .
1096 4582 1097 4585 ,
