3026 5164
426 357 504 416 LlB.
517 355 663 416 XXXIX.
685 352 771 416 CAP.
784 356 835 416 Ll.
1085 363 1156 456 ¹4⁴}

116 519 198 571 tuna
223 511 420 594 virtutisque:
466 525 497 575 et
522 533 619 595 neque
644 512 701 596 ipsi
728 512 853 576 domum
887 512 1019 596 recipere
1052 525 1154 576 casto-
1171 527 1204 578 U.
1216 529 1245 579 c.
1256 532 1313 582 569.

19 666 26 682 .
112 595 260 659 diendum
287 598 450 674 audebant,
485 620 541 661 nee
567 601 708 681 cuiquam
733 601 786 661 nni
812 601 981 662 custodium
1009 598 1074 682 ejus
1104 621 1154 662 aa·
1170 594 1239 646 ¹²0·
1254 598 1298 649 ¹⁸3

111 682 153 744 tis
178 685 353 748 eredebant.
398 685 575 748 Admoneat
597 687 707 748 deinde
729 687 862 769 quidam,
889 707 953 748 esse
978 687 1152 750 thesaurum

111 771 269 852 publicum
303 773 358 834 sub
389 783 480 850 terra,
514 793 587 835 saxo
621 774 769 854 quadrato
802 785 932 857 septum.
965 796 1003 836 eo
1037 775 1154 838 vinctus

38 893 40 900 ,
111 856 295 936 demittitur,
310 869 341 920 et
355 861 381 898 ⁸⁹
393 880 499 921 saxum
515 860 632 941 ingens,
646 880 707 941 quo
721 861 867 942 operitur,
883 860 1025 922 machina
1050 881 1154 944 snper·

113 943 279 1025 inpositum
300 957 356 1007 est.
377 947 421 1007 ita
436 945 503 1007 loco
526 949 638 1029 potius,
663 967 754 1026 quarn
770 947 885 1008 homini
912 948 1064 1028 cuiquam,
1089 969 1154 1010 cre-

112 1029 245 1092 dendam
258 1032 427 1095 custodiam
443 1035 511 1110 rati,
538 1033 637 1094 lucem
663 1033 871 1114 insequentem
893 1045 1154 1117 exspectaverunt.

112 1113 239 1179 Postero
254 1118 304 1180 die
319 1121 346 1159 ⁰⁰
359 1120 522 1181 multitudo
538 1120 661 1202 quidem
678 1121 806 1201 integra,
829 1141 945 1182 memor
959 1121 1153 1203 pristinorum

112 1201 178 1284 ejus
193 1204 223 1264 in
238 1205 394 1267 civitatem
409 1207 596 1284 meritomm,
621 1207 818 1288 parcendum,
842 1228 878 1269 ae
894 1228 947 1289 per
963 1227 1033 1268 eum
1057 1229 1154 1270 remc-

111 1289 339 1372 disquerenda
354 1313 419 1354 esse
435 1295 624 1374 praesentium
641 1294 800 1369 malorum,
816 1295 981 1356 censebant
991 1305 1024 1355 ¹:
1049 1294 1153 1356 defec-

111 1377 203 1438 tionis
230 1391 381 1458 auctores,
401 1401 527 1462 quorum
552 1381 582 1442 in
598 1400 690 1441 manu
704 1380 875 1462 respublica
889 1391 964 1456 erat,
991 1381 1022 1442 iu
1037 1393 1155 1444 secreto

112 1463 331 1544 consultantes,
360 1487 464 1528 omnes
493 1467 533 1528 ad
563 1487 669 1528 necem
699 1465 763 1547 ejus
797 1467 1046 1528 consentiebant:
1091 1469 1155 1546 sed,

111 1562 214 1611 utrum
238 1563 436 1631 maturarent,
463 1575 501 1614 an
528 1553 693 1630 differrent,
717 1553 936 1632 ambigebatur.
979 1551 1063 1616 Vicit
1086 1575 1156 1636 pars
1171 1568 1323 1622 venenoru-

115 1637 232 1699 auidior
265 1659 372 1721 poenae,
406 1640 583 1720 missusque,
617 1641 668 1719 qui
693 1660 843 1700 venenum
874 1638 975 1701 ferret.
1017 1639 1156 1723 Accepto
1167 1635 1230 1685 ¹³⁸⁰*

114 1724 236 1804 poculo,
262 1725 336 1787 nibil
365 1726 446 1788 aliud
472 1726 608 1788 locutum
623 1726 734 1805 serunt,
760 1747 850 1807 quarn
871 1725 1025 1808 quaesisse,
1044 1727 1094 1789 ‘si
1108 1729 1155 1790 in·
1238 1771 1246 1788 .

115 1809 269 1872 ‘columis
301 1810 467 1897 bycortas’
501 1813 539 1892 (is
565 1814 642 1875 alter
675 1815 839 1896 imperator
865 1813 1043 1875 Aehaeorum
1075 1817 1153 1894 erat)

116 1896 317 1980 ‘equitesque
341 1900 541 1962 evasissenti'
565 1899 728 1982 Postquam
750 1900 867 1962 dictum
882 1911 938 1977 est,
963 1901 1155 1963 ‘incolumes

116 1984 127 2016 ‘
143 2005 228 2061 esse;
251 1983 334 2056 Bene
351 1986 463 2064 habet,'
480 1987 598 2068 inquit;
621 1999 664 2066 et,
680 1991 704 2027 ⁰¹
718 1986 829 2070 poculo
843 1987 982 2069 inpavide
996 1987 1156 2066 exhausto,

112 2070 195 2132 baud
219 2072 263 2134 ita
289 2073 388 2148 multo
409 2085 478 2156 post
503 2075 676 2156 exspiravit.
719 2072 815 2134 Nony
847 2074 1020 2136 dintumum
1047 2076 1153 2136 mortis

115 2157 181 2239 ejus
195 2159 339 2240 gaudium
356 2161 527 2222 auctoribus
543 2161 728 2222 cmdelitatis
743 2160 811 2222 suit.
825 2158 905 2221 victa
925 2180 1054 2241 namque
1069 2159 1155 2223 Mes-

114 2265 188 2306 sene
225 2246 305 2308 bello
342 2249 574 2329 exposcentibus
598 2247 722 2324 ¹Achaeis
759 2247 867 2314 noxios
905 2246 1032 2324 dedidit,
1069 2267 1154 2310 ossa-

114 2351 174 2412 que
204 2333 320 2394 reddita
349 2332 583 2416 Philopoemenis
614 2345 706 2396 sunt:
744 2345 776 2394 et
802 2337 828 2374 ⁹¹
853 2334 987 2415 sepultus
1018 2335 1056 2395 ab
1086 2335 1155 2396 uni·

113 2439 201 2480 verso
226 2418 362 2482 Achaico
388 2431 461 2482 est¹
482 2419 623 2498 concilio,
646 2421 723 2482 adeo
746 2420 886 2482 omuibus
913 2421 1053 2502 humanis
1080 2441 1155 2482 eon·

113 2506 209 2586 gestis
232 2505 406 2585 honoribus,
440 2519 475 2570 ut
500 2529 539 2568 ne
564 2508 673 2569 divinis
700 2507 821 2592 quidem
856 2507 1064 2569 abstineretur.
1106 2506 1156 2568 Ab

112 2591 309 2674 scriptoribus
334 2615 431 2656 rerum
446 2591 558 2656 Graecis
583 2593 757 2676 Latinisque
783 2603 902 2656 tantum
930 2594 1000 2656 huic
1020 2595 1085 2656 viro
1100 2593 1156 2655 tri-

107 2679 227 2758 buitur,
245 2691 281 2742 ut
294 2701 313 2742 a
327 2681 506 2761 quibusdam
521 2701 635 2758 eorum,
659 2680 795 2743 velutad
813 2681 962 2761 insignem
977 2692 1082 2742 notam
1099 2681 1155 2741 bu-

109 2763 162 2848 jus
178 2767 260 2844 anni,
281 2767 432 2830 mernoriae
447 2768 623 2842 mandatum
645 2768 693 2844 sit,
717 2780 777 2828 tres
792 2767 889 2829 claros
905 2767 1103 2849 imperatores
1118 2787 1155 2828 eo
1166 2773 1225 2826 lis·
1235 2779 1301 2828 uoti-

116 2867 198 2914 snno
213 2853 386 2932 decessisse,
402 2851 669 2937 Philopoemenem,
685 2852 902 2930 Hannibalem,
918 2853 952 2914 P.
970 2852 1154 2936 Scipionem.
1166 2841 1285 2958 afflet·

114 2938 193 3000 adeo
209 2941 240 3001 in
254 2961 340 3020 aequo
355 2961 423 3002 eum
447 2941 573 3002 duamm
589 2941 865 3024 potentissimarum
876 2941 1012 3021 gentium
1029 2941 1154 3001 summis
1252 2945 1258 2958 '

115 3026 348 3108 imperatoribus
363 3040 538 3110 posuerunt.

161 3111 213 3174 Ll.
235 3113 285 3174 Ad
306 3113 438 3175 Pmsiam
461 3135 562 3194 regem
587 3113 703 3194 legatus
724 3111 763 3174 T.
786 3112 946 3183 Quinctius
969 3111 1234 3179 lbamininusMon
1253 3131 1321 3180 Ηιιι-

115 3201 208 3278 venit‚
236 3220 325 3281 quem
341 3211 512 3284 suspectum
528 3198 673 3262 Romanis
696 3211 728 3262 et
741 3203 768 3240 ⁰³
791 3211 930 3281 receptus
957 3211 1027 3283 post
1052 3199 1155 3282 lugam
1168 3197 1258 3245 niualis.

1367 1692 1378 1722 b

199 3356 210 3382 ¹
221 3351 315 3400 eemebot
326 3350 394 3400 Creu.
523 3357 533 3393 l
546 3347 592 3398 Nee
603 3349 679 3401 Grou.
690 3349 759 3398 Creu.
889 3358 937 3400 'est
947 3350 992 3400 del.
1003 3351 1068 3399 End.

148 3464 517 3530 ⁸⁹Sssrrnuingens,‹pnsoopsritrsd
531 3445 621 3516 buum
653 3466 753 3514 ssltmssto
773 3466 812 3514 illo
836 3465 912 3528 poculo
937 3470 1018 3516 nortis.
1052 3467 1082 3516 Et
1108 3469 1158 3534 ipse

114 3531 207 3592 ingens,
225 3548 270 3593 quo
280 3533 364 3592 tegitur
384 3534 505 3580 thesaurus
517 3533 555 3580 ille
565 3531 620 3579 sub-
654 3529 742 3589 Livius,
759 3531 803 3579 boc
823 3531 885 3580 libro.
899 3547 921 3580 o.
936 3547 984 3594 seq.
1002 3534 1104 3593 poculum
1119 3554 1157 3583 es-

115 3608 245 3653 terranem,
257 3598 455 3661 superimpositum
466 3611 500 3646 est
511 3613 556 3712 gpe
572 3614 621 3645 rna·
654 3598 734 3644 bursis.
768 3599 850 3659 ltaque
872 3597 1006 3646 utrumlibet
1029 3597 1067 3646 hic
1090 3598 1159 3661 legas,

115 3662 193 3708 chine
202 3664 229 3710 sd
242 3677 332 3723 magnas
343 3664 469 3727 ponderum
487 3679 510 3711 tn
535 3679 560 3711 es
577 3663 621 3712 tol·
653 3661 1114 3726 tellurisque}abeuntqpsrvirelert.

113 3726 194 3775 lendes
204 3739 270 3790 sptoe.
685 3727 708 3762 Ἀ
718 3727 820 3788 Sepultus
832 3729 859 3774 nb
868 3730 967 3775 unriuerso
977 3729 1066 3776 cornilio
1076 3729 1157 3777 Aelni-

148 3791 328 3841 ⁹⁰Multitudo.
362 3826 368 3841 .
403 3783 524 3857 .nsog·‹'n]
556 3793 622 3841 Sanre
653 3789 688 3852 sn]
709 3791 786 3856 Hujus
796 3793 898 3840 funebris
910 3807 997 3856 pompa
1009 3793 1158 3858 description.

117 3859 212 3915 mentis,
228 3874 272 3905 non
289 3871 391 3923 corrupte
407 3858 551 3907 lectionibus.
582 3858 621 3906 Sic
654 3873 691 3906 em
703 3869 755 3920 pete
764 3875 791 3906 er
805 3857 867 3905 Plut.
878 3857 900 3905 in
914 3856 1091 3920 Philopoemene.

115 3923 133 3970 l.
152 3935 188 3970 rx.
205 3937 226 3969 c.
240 3925 279 3970 ⁴6.
296 3926 381 3988 integer
393 3925 586 3988 populus,sc1stor
601 3933 622 3971 st
684 3921 707 3958 [ν’
723 3921 831 3984 Receptus
861 3931 907 3984 post
934 3923 1021 3986 jisgnrn
1056 3923 1158 3972 Antiochi

114 3987 189 4036 eebor
199 3988 307 4037 lentorum.
654 3987 760 4050 Annibal]
784 3990 853 4036 Corn.
880 3985 959 4050 Nepos
984 3988 1006 4034 in
1034 3989 1158 4045 Annibale,

151 4053 171 4089 ⁹¹
186 4051 266 4100 Paculo
285 4055 392 4115 inpavide
411 4053 522 4117 smum]
557 4053 622 4114 Sigo-
654 4064 677 4099 et
697 4053 802 4100 lustinus
821 4053 839 4101 l.
861 4064 949 4100 xxxrr.
974 4067 995 4098 e.
1023 4055 1046 4101 4.
1073 4055 1156 4102 docent

113 4117 150 4166 nii
171 4117 232 4164 liber
252 4130 277 4166 et
295 4116 452 4166 eastervinus.
470 4119 553 4166 launo.
585 4119 622 4165 Sic
654 4117 801 4174 Auuibslern,
829 4118 945 4164 Antiocho
970 4117 1039 4174 victo,
1058 4120 1156 4167 veritum

116 4183 266 4246 Sophonbbq
298 4199 366 4247 suprs
390 4183 407 4232 l.
436 4195 500 4232 xxx.
533 4201 553 4231 c.
583 4185 620 4232 15.
644 4176 684 4230 xne
704 4182 817 4231 Romanb
831 4183 962 4238 dederetur,
977 4182 1155 4233 inerersmfu-

112 4249 241 4312 mun.
264 4283 270 4298 .
294 4249 422 4310 .impcrids
437 4247 516 4296 bausit
548 4249 619 4295 Siein
652 4249 718 4310 glute.
751 4249 815 4305 lnde,
836 4263 906 4310 quum
928 4263 952 4294 se
970 4247 1059 4297 invidie
1077 4252 1156 4314 objec-

114 4329 143 4362 η
155 4314 253 4362 multum
269 4313 371 4361 dissimili
382 4313 452 4362 buin
468 4314 530 4374 apud
541 4313 620 4374 Virgil.
653 4327 701 4360 tum
723 4327 815 4377 propter
837 4314 917 4361 nimias
939 4329 994 4376 opes
1015 4315 1111 4373 uiderer,
1128 4319 1156 4363 ad

115 4379 211 4428 AEneid.
234 4383 250 4428 Ι.
276 4392 293 4426 ι.
315 4395 336 4426 ν.
362 4380 417 4430 tlt.
436 4379 530 4442 inpiger
549 4380 622 4426 hausit
653 4379 755 4427 Prusism
779 4381 929 4436 contendisse,
950 4379 1025 4442 eique,
1046 4382 1069 4429 in
1097 4381 1157 4428 bellu

113 4441 255 4504 Spmtes
280 4453 385 4504 muron.
426 4443 516 4490 Tsnen
542 4455 621 4492 ramur
651 4445 757 4494 adserere
768 4445 906 4503 Eumenem,
921 4443 1000 4495 utilem
1011 4459 1156 4511 qnnurns·

112 4507 232 4572 vulgum
241 4508 291 4557 Cic.
302 4523 351 4574 pru.
362 4509 456 4560 cluens.
467 4521 492 4560 ιι.
503 4509 543 4559 at.
568 4507 620 4559 dan
650 4521 723 4563 sens.
