3080 5196
395 378 475 439 utu.
494 377 638 442 xxxvl.
659 378 740 444 car.
760 377 875 440 xxxi.
1085 391 1146 455 κο

106 531 869 706 llllllltslttlttllltlltlllm
892 531 1048 604 Nm
1069 559 1143 606 ⁰⁰¹¹*
1155 557 1231 676 ili·
1243 565 1319 686 tr·

146 703 248 771 XXX.
271 701 330 768 Μ’.
345 705 471 785 Acilius,
491 707 626 786 vendita,
649 719 702 770 aut
717 729 863 772 concessa
876 707 964 772 militi
980 711 1061 774 circa
1075 711 1143 792 Hs·

106 793 235 856 cocleam
250 791 361 874 praeda,
376 804 536 874 postquam
552 814 607 855 nec
630 791 761 876 Hypata
782 808 896 878 pacata
916 816 982 858 esse
1006 799 1143 880 consilia,

104 891 136 942 et
161 875 357 959 Naupactum
382 879 568 940 concurrisse
593 877 724 960 AEtolos,
746 891 782 943 ut
805 881 877 944 inde
892 892 991 946 totum
1006 883 1142 966 inpetum

104 963 172 1026 belli
187 965 383 1041 sustinerent,
397 964 510 1026 audivit
517 985 528 1040 3
553 966 707 1043 premisso
718 965 777 1050 Ap.
789 963 919 1050 Claudio
931 989 1000 1032 cum
1016 984 1144 1052 quamor

103 1050 233 1115 millibus
255 1048 386 1112 militum
409 1049 450 1110 ad
469 1047 648 1130 occupanda
664 1049 750 1132 juga,
794 1073 835 1116 ua
849 1053 985 1116 difficiles
1001 1059 1143 1122 transitus

101 1136 249 1200 montium
264 1145 362 1213 erant,
374 1135 438 1217 ipse
453 1133 564 1220 Oetam
580 1133 748 1212 adscendit,
764 1073 950 1222 llerculique
965 1141 1145 1209 sacrificium

100 1221 174 1286 iecit
190 1222 221 1284 in
237 1243 274 1284 eo
289 1221 369 1300 loco,
391 1241 481 1303 quem
496 1217 617 1304 Pyram,
638 1221 720 1368 guod
746 1221 787 1283 ibi
814 1225 942 1286 mortale
957 1246 1067 1310 corpus
1082 1227 1146 1312 ejus

98 1307 158 1370 Dei
174 1308 215 1370 sit
229 1317 407 1384 crematum,
430 1305 596 1390 adpellant.
611 1327 641 1368 rn
664 1327 681 1370 e
697 1317 763 1370 toto
778 1308 914 1370 exercitu
929 1311 1082 1392 profectus
1098 1335 1146 1376 re-

98 1393 215 1476 liquum
230 1395 287 1458 iter
301 1393 374 1456 satis
389 1393 533 1476 expedito
548 1391 669 1474 agmine
684 1391 767 1454 tecit.
816 1391 861 1454 Ut
875 1393 916 1455 ad
933 1391 1082 1463 Coracem
1098 1414 1146 1466 eat

96 1493 235 1558 ventum,
260 1479 360 1559 (mons
381 1491 428 1542 est
441 1479 602 1542 altissimus
618 1478 696 1540 inter
711 1475 875 1560 Callipolin
890 1489 923 1541 et
936 1477 1142 1564 Naupactum)

96 1566 139 1628 ibi
153 1565 334 1647 etjumenta
349 1565 445 1630 rnulta
454 1585 492 1628 ex
504 1563 624 1647 agmine
637 1563 827 1647 praecipitata
837 1584 907 1626 cum
920 1565 992 1648 ipsis
1005 1569 1145 1632 oneribus

97 1663 181 1730 sunt,
204 1661 236 1714 et
255 1651 394 1714 homines
408 1651 518 1714 vexati.
562 1647 620 1712 Εῑι
646 1649 736 1712 facila
758 1649 936 1734 adparebat,
962 1672 1053 1736 quam
1074 1676 1143 1718 cum

96 1737 189 1802 inerti
206 1735 292 1803 hoste
313 1759 360 1801 rcs
380 1747 470 1816 esset,
485 1736 536 1818 qui
552 1747 615 1798 tam
629 1735 799 1818 inpeditum
812 1737 925 1800 saltum
941 1737 1024 1804 nullo
1039 1742 1143 1824 praesi-

96 1824 171 1904 dio,¹
183 1835 219 1886 ut
234 1823 389 1888 clauderet
404 1823 574 1901 transitum,
591 1821 762 1890 insedisset.
805 1825 831 1862 ⁰⁹
842 1819 924 1886 'lium
938 1844 1056 1908 quoque
1071 1848 1144 1892 vex·

94 1922 148 1974 ato
160 1911 309 1989 exercitu,
319 1909 360 1972 ad
372 1907 567 1992 Naupactum
579 1907 756 1972 descendit:
774 1917 816 1986 et,
826 1929 888 1972 uno
901 1909 1026 1974 castello
1038 1911 1144 1976 adver·
1158 1932 1212 1983 eor.
1223 1933 1291 1982 Nasu.

93 2019 146 2061 sua
163 2018 265 2060 arcem
281 1995 395 2079 posito,
414 2009 532 2058 ceteras
548 2005 650 2079 partes
666 1994 759 2074 urbis,
781 1994 882 2056 divisis
899 1995 995 2078 copiis
1010 2017 1065 2078 pro
1083 1999 1144 2064 situ
1157 2009 1250 2076 perum
1261 1999 1305 2048 ⁰¹*-

94 2084 257 2162 murnium‚
272 2081 477 2148 circumsedit.
493 2102 550 2144 nec
562 2082 662 2144 minus
674 2079 773 2164 operis
785 2079 958 2166 laborisque
974 2103 1011 2146 ea
1024 2073 1145 2170 obpug„
1157 2066 1225 2115 '‘N‘'

95 2169 198 2248 natio,
211 2191 302 2250 quam
318 2167 486 2246 Heraclea,
502 2167 617 2230 habuit.

135 2253 260 2320 XXXI.
280 2253 400 2332 Eodem
431 2265 568 2336 tempore
592 2263 624 2322 ct
647 2249 790 2316 Messene
814 2251 845 2317 in
871 2251 1081 2336 Peloponneso
1108 2257 1146 2322 ab

91 2341 231 2418 Achaeis,
253 2341 336 2422 quod
351 2339 473 2410 concilii
488 2359 592 2402 eorum
608 2350 761 2402 recusaret
774 2359 852 2418 csse,
864 2339 1032 2424 obpugnari
1046 2355 1148 2426 coepta

89 2439 153 2490 est.
201 2425 325 2490 Etenim
340 2426 406 2488 duae
421 2427 570 2503 civitates,
586 2422 729 2490 Messene
744 2435 776 2488 et
789 2422 865 2504 Elis,
881 2437 969 2491 extra
984 2429 1145 2493 concilium

88 2513 269 2577 Achaicum
283 2521 389 2576 erant:
416 2532 486 2574 cum
501 2507 614 2576 AEtolis
629 2509 813 2575 sentiebant.
856 2505 923 2572 Elei
939 2521 1053 2592 tamem
1076 2527 1147 2598 pest

88 2597 239 2682 iugatum
256 2621 295 2662 ex
309 2595 427 2662 Graecia
441 2596 640 2674 Antiochum,
657 2597 767 2680 legatia
782 2595 964 2662 Achaeorum
981 2597 1077 2664 lerrim
1099 2622 1147 2662 res

88 2685 306 2769 aponderant3
342 2683 493 2748 ‘dimhso
541 2682 660 2746 raesidio
686 2681 780 2766 regio,
804 2684 991 2766 cogitaturos
1007 2707 1051 2766 se,
1073 2686 1148 2770 quid

88 2773 150 2836 sibi
169 2770 345 2836 iaciendum
368 2768 469 2838 caret!
552 2769 674 2850 essenii,
695 2770 760 2832 sine
783 2789 930 2852 responso
951 2769 1083 2836 dimissis
1101 2773 1148 2836 le·
1231 2837 1234 2850 ,

86 2859 186 2942 gatis,
200 2867 357 2920 mouerant
371 2856 505 2936 hellum3
528 2855 699 2938 trepidique
715 2875 815 2918 rcnrm
826 2877 961 2938 sumum,
972 2878 1067 2938 quum
1085 2857 1148 2920 'am

87 2966 167 3028 ager
184 2945 282 3008 effuso
297 2943 434 3008 exercitu
454 2941 568 3026 passim
585 2951 732 3022 ureremr,
747 2953 909 3024 castraque
928 2963 1024 3028 prope
1043 2881 1148 3008 urbem

88 3031 168 3114 poni
186 3031 338 3107 viderem,
352 3029 469 3112 legatus
486 3019 664 3092 Chalcidem
680 3027 721 3090 ad
734 3023 773 3090 T.
788 3025 979 3108 Quinctium,
990 3040 1148 3094 auctorem
1237 3101 1240 3108 1

86 3117 257 3195 libertatis,
272 3116 430 3194 miaean
452 3113 503 3196 qui
518 3112 708 3192 nunciarent,
723 3107 896 3176 Messenios
912 3109 1071 3194 Romanis,
1086 3134 1148 3178 nou

84 3203 230 3284 Achaeis,
254 3213 289 3264 et
317 3201 433 3284 aperire
459 3209 576 3282 portas,
604 3209 638 3259 et
662 3197 773 3260 dedere
793 3197 899 3262 urbem
922 3211 1043 3282 puratos
1074 3219 1150 3266 csse

83 3289 221 3370 Auditis
235 3286 356 3368 legatis,
375 3281 531 3366 extemplo
547 3282 701 3368 profectus
724 3280 898 3364 Quinctius,
918 3303 939 3346 a
960 3281 1149 3370 Megalopoli

84 3377 130 3456 sd
162 3371 366 3454 Diophanem
394 3381 553 3452 praetorem
578 3367 760 3432 Achaeorunm
787 3368 885 3452 misit,
918 3369 970 3450 qui
996 3370 1150 3454 extemplo

84 3461 244 3526 reducere
258 3477 330 3520 eum
344 3477 365 3516 a
378 3451 521 3522 Messene
536 3453 715 3536 exercitum,
737 3465 770 3516 et
783 3453 885 3514 uenire
907 3453 946 3518 ad
968 3474 1001 3520 ac
1019 3454 1150 3540 juberet,

83 3545 191 3610 Dicto
203 3543 307 3627 paruit
321 3539 518 3624 Diophanes:
542 3549 585 3617 et,
600 3537 701 3600 soluta
715 3537 885 3618 obsidione,
901 3539 1060 3626 expeditus
1074 3539 1151 3626 ipse,

179 3651 282 3696 ressus
304 3647 425 3716 agrneu,
447 3626 529 3688 circa
548 3623 736 3703 Andaniam,
750 3643 876 3710 parsum
891 3623 1049 3710 oppidum,
1071 3627 1151 3692 inter

84 3655 322 3802 Mtegnlopolim
346 3711 579 3811 Merrenerupue·
592 3709 737 3794 positum,
762 3707 908 3782 Quinctio
928 3707 1083 3791 obcurrit3
1108 3727 1151 3800 et,

86 3795 191 3890 quum
216 3821 340 3866 cauum
361 3799 596 3882 obpugnationis
620 3808 797 3880 exponeret,
810 3796 1005 3882 ¹castigatum
1031 3797 1151 3882 leniter,

84 3891 177 3978 guod
194 3897 317 3952 tantam
330 3885 473 3970 remeius
485 3883 669 3946 auctoritate
682 3895 877 3949 suaconatus
889 3897 980 3964 esset,
998 3883 1151 3952 dimittere

85 3975 270 4042 exercitum
281 3973 383 4056 jussit,
406 3991 463 4033 nec
478 3990 588 4054 pacem
608 3967 747 4031 omnium
769 3967 852 4030 bono
875 3980 996 4052 partum
1021 3971 1151 4036 turbare.

85 4062 262 4127 Messeniis
293 4057 462 4144 imperavit,
486 4068 523 4120 ut
547 4055 668 4120 exarte
691 4054 882 4132 reducerent,
908 4065 941 4117 et
968 4055 1150 4120 Achaeorum

85 4149 224 4215 concilii
244 4158 355 4210 essem.
378 4144 403 4208 si
425 4165 485 4226 qua
501 4142 659 4223 habereut,
682 4139 721 4207 de
736 4141 846 4231 quibus
859 4151 914 4207 aut
927 4161 1077 4230 recusare,
1099 4156 1152 4214 aut

525 4312 532 4348 ¹
547 4313 577 4364 ld
588 4312 662 4374 Grac·
671 4309 742 4368 cuer.

116 4461 144 4496 Ν
164 4455 230 4506 Tu
245 4447 339 4517 mue]
356 4449 395 4502 Sic
413 4465 513 4514 qam,
527 4447 550 4500 ta
566 4459 610 4506 att,
641 4423 947 4501 bammum.
972 4445 1153 4514 Fracturusque

84 4522 201 4588 qrrsmvia
213 4517 271 4569 nrrlli
281 4517 357 4568 hostes
372 4529 528 4580 occurrerent,
541 4519 608 4570 ten·
641 4511 773 4572 Qumis·
783 4527 827 4578 pro
838 4522 885 4562 trrrrr
894 4511 939 4576 legi
947 4511 1013 4590 luber
1022 4522 1078 4564 tare.
