3080 5196
386 371 447 430 sto
689 415 691 420 ,
743 347 748 358 “
798 357 904 426 utut
922 345 1022 428 urvtr

220 523 255 576 U·
267 523 295 576 0·
308 527 364 580 ⁵⁶1·
387 523 575 590 deterrerent
589 542 641 588 eos
657 541 676 584 a
690 519 743 587 tali
769 518 891 588 furores
925 530 1086 602 postquam
1113 537 1305 602 perseverare
1330 519 1362 580 in
1381 518 1423 585 iu·

220 590 289 684 μ’
304 593 356 649 ¹⁹¹·
385 622 477 694 cepto
501 611 586 688 vidit,
609 609 731 674 tribuno
756 613 783 652 ⁵⁵
797 628 866 670 cum
890 607 1019 675 duorum
1038 607 1194 692 signorum
1208 606 1357 671 militibus
1372 606 1423 668 eis.

311 770 313 779 ,
384 698 560 776 commisso,
572 697 742 764 interclusit
762 695 803 761 ad
817 696 922 760 urbem
936 695 995 760 iter
1010 695 1146 772 amictis,
1160 715 1351 776 vacuamque
1365 714 1423 756 eam
1533 695 1534 698 ’

384 787 477 868 cepit.
492 797 570 863 tum,
581 784 713 849 clamore
728 783 767 848 ab
779 795 866 864 tergo
880 793 977 866 capta
992 781 1074 844 urbis
1089 780 1205 860 audito,
1217 781 1423 863 rehrgientium

383 873 516 954 undique
531 891 570 936 cx
581 871 662 936 silvis
674 869 884 938 insidiatorum
896 869 991 934 caedes
1004 868 1085 932 lacta
1099 879 1156 932 cst.
1180 909 1183 916 -
1199 867 1229 938 A
1243 867 1422 936 Thaumacis

383 959 478 1024 altero
504 959 554 1023 die
580 957 684 1022 consul
707 957 748 1022 ad
763 955 944 1040 Sperchium
959 953 1081 1020 amnem
1097 957 1253 1040 pervenit:
1277 954 1351 1018 inde
1366 953 1443 1040 Hy·v

381 1059 547 1129 porcorum
562 1065 651 1128 agros
666 1045 806 1112 vastarit.

423 1131 493 1197 XV.
515 1131 617 1204 Quum
632 1132 697 1198 hac
712 1133 892 1214 agebantur,
907 1128 1055 1195 Chalcide
1071 1141 1137 1200 erat
1150 1129 1348 1198 Antiochus:
1369 1130 1424 1214 qui,

375 1217 441 1301 jam
458 1230 521 1284 turn
537 1240 675 1296 cernens,
690 1219 767 1284 nihil
783 1239 817 1284 se
835 1239 874 1285 ex
885 1215 1011 1294 Graecia,
1023 1228 1131 1300 prater
1147 1239 1270 1289 amoena
1283 1216 1423 1286 Chalcide

380 1307 549 1372 hibernaret
563 1309 589 1350 ⁵⁵
597 1305 726 1370 infames
736 1306 869 1388 nuptias,
879 1304 1001 1388 petisse,
1011 1303 1185 1369 AEtolorum
1195 1327 1274 1368 vana
1283 1305 1426 1390 promissa

379 1393 517 1458 incusare
537 1404 569 1458 ct
586 1391 781 1459 Thoantem:
805 1390 1011 1462 Hannibalem
1026 1413 1108 1472 vero,
1123 1413 1186 1456 non
1201 1403 1236 1456 ut
1250 1393 1424 1475 prudentem

379 1491 498 1546 tuntum
513 1480 621 1557 virum,
633 1480 687 1544 sed
703 1501 798 1564 prope
816 1491 918 1543 vatem
930 1479 1076 1558 omniurn,
1092 1499 1157 1560 quac
1177 1491 1242 1545 tum
1263 1480 1424 1556 evenirent,

380 1567 533 1632 admirari.
544 1587 583 1630 ne
597 1577 702 1634 minen
718 1579 831 1630 temere
854 1577 966 1649 empta,
981 1566 1112 1648 segnitia
1131 1569 1253 1650 insuper
1267 1579 1424 1643 everteret,

380 1655 507 1718 nuncios
522 1651 716 1734 inAEtuliam
727 1654 834 1732 mittit,
847 1664 892 1732 ut,
904 1654 988 1717 omni
1002 1665 1162 1718 contracto
1169 1653 1345 1736 juveutute,
1358 1675 1424 1720 con-

380 1741 527 1806 venirent.
570 1739 640 1804 lam
657 1752 689 1808 et
703 1740 784 1824 lpse¹
800 1762 837 1806 eo
857 1741 964 1806 decern
981 1741 1081 1805 millia
1096 1740 1159 1804 fere
1174 1743 1313 1824 peditum
1330 1763 1369 1808 ex·
1383 1741 1424 1820 iis,

351 1826 353 1837 '
382 1828 433 1908 qui
456 1839 563 1910 postea
581 1841 729 1895 venerant
744 1849 783 1893 ex
802 1827 886 1906 Asia,
912 1827 1044 1910 expleta,
1065 1839 1098 1892 et
1112 1829 1230 1910 equites
1245 1829 1425 1911 quingentos

382 1913 480 1980 duxlt.
511 1913 581 1986 Quo
597 1929 694 1998 quum
707 1916 861 1996 aliquanto
876 1916 1045 1998 pauciores,
1061 1935 1150 1996 quam
1166 1935 1313 1998 umquam
1330 1929 1425 1995 antee,

381 2000 602 2080 convenissent,
620 2015 651 2064 et
666 2003 817 2085 principes
833 2002 1047 2065 tantummodo
1062 2021 1132 2066 oum
1147 2001 1252 2084 paucis
1268 2003 1425 2068 clientibus

382 2101 492 2166 essent,
506 2098 598 2170 atque
614 2088 634 2150 ii
655 2089 802 2165 dicerent,
822 2089 927 2152 omnia
948 2089 1055 2150 sedulo
1077 2093 1116 2154 eb
1135 2112 1166 2152 se
1182 2090 1426 2173 facta,utquau1

360 2239 368 2245 ,
381 2175 527 2256 plurimos
539 2197 578 2242 ex
589 2177 760 2241 civitatibus
775 2176 836 2238 suis
852 2186 1031 2253 evocaretur
1057 2198 1113 2240 nec
1129 2181 1155 2224 ⁵⁷
1166 2180 1363 2256 auctoritate,
1375 2199 1425 2242 nec

214 2276 346 2354 antiochus
380 2262 489 2342 gratia,
512 2284 568 2326 nec
592 2263 720 2346 imperio
736 2263 875 2328 adversus
891 2263 1096 2326 detrectantes
1116 2265 1258 2331 militiam
1281 2267 1426 2342 valuisset

214 2353 274 2390 ’Μ
285 2345 368 2392 arrum
381 2349 543 2415 destitutus
558 2349 693 2432 undique
707 2359 741 2416 et
756 2351 794 2412 ab
809 2351 880 2427 suis,
903 2351 954 2431 qui
972 2351 1167 2416 morabantur
1185 2352 1217 2416 in
1237 2352 1324 2431 Asis,
1346 2353 1426 2416 stab

212 2406 367 2524 {¹1¹¹}ssssssss
380 2437 481 2514 walis,
496 2438 547 2518 qui
568 2459 615 2514 ca,
626 2439 667 2498 «in
682 2457 810 2520 quorum
829 2457 916 2520 spem
936 2450 1130 2516 vocaverant,
1154 2460 1217 2502 non
1233 2442 1427 2524 praestabas,

213 2537 281 2588 uses.
379 2521 461 2587 intra
475 2523 586 2587 saltum
605 2521 881 2608 Thermopylarum
902 2544 968 2586 sese
988 2528 1114 2608 recepit.
1159 2525 1192 2590 ld
1207 2525 1329 2609 jugum,
1351 2528 1429 2591 sicut

378 2607 532 2692 Apennini
542 2609 633 2672 dorso
648 2609 739 2678 ltalia
753 2610 906 2690 dividitur,
928 2611 973 2674 ita
987 2612 1120 2678 mediam
1134 2610 1282 2679 (tractem
1299 2613 1428 2683 diriutit.

211 2701 346 2772 metipso
379 2709 451 2765 ante
471 2696 582 2762 saltum
600 2695 874 2786 Thermopylarum
894 2699 925 2766 iu
945 2701 1185 2782 septentrionem
1203 2721 1287 2766 versa
1302 2699 1430 2782 Epirus,

212 2772 324 2822 ΜΨ·
379 2794 411 2846 et
436 2782 613 2862 Perrhaebis,
639 2787 673 2848 et
696 2783 869 2866 Magnesia,
891 2795 924 2856 et
947 2784 1109 2858 Thessalia
1134 2799 1192 2868 est,
1212 2795 1242 2853 et
1270 2785 1428 2858 Phthiotae

378 2868 493 2948 Aonaei,
516 2882 548 2932 et
573 2871 655 2936 sinus
685 2868 847 2939 Maliacus.
874 2872 954 2935 intra
978 2873 1082 2943 serraca
1108 2875 1148 2946 ad
1173 2875 1328 2948 meridiem
1358 2883 1432 2939 v'er-

379 2968 456 3040 gont
480 2955 605 3023 AEtoliae
636 2979 705 3041 pars
731 2957 839 3040 major,
870 2969 902 3028 et
927 2961 1110 3041 Acarnania,
1144 2973 1177 3034 et
1203 2983 1273 3032 cum
1295 2960 1430 3034 Iurando

378 3043 499 3124 Phocis,
515 3055 548 3110 et
561 3041 684 3114 Bootis
699 3044 905 3128 adjunctaque
928 3047 1026 3113 insula
1039 3046 1166 3129 Euboea,
1182 3062 1225 3128 et,
1246 3062 1429 3122 mumurante
1533 3051 1535 3058 ²

378 3130 410 3194 in
427 3132 532 3210 altum,
548 3132 630 3198 velut
643 3133 864 3215 promontorio,
886 3133 993 3205 Attica
1008 3149 1100 3216 terra,
1115 3138 1176 3202 sita
1191 3137 1231 3200 ab
1246 3151 1336 3220 tergo
1360 3138 1388 3180 ⁵⁸
1398 3149 1430 3198 at

378 3216 614 3302 Peloponnesus.
659 3218 729 3282 Hoc
752 3219 872 3302 jugum,
898 3222 938 3285 ab
965 3220 1097 3290 leucate
1121 3235 1153 3290 at
1176 3225 1252 3289 mari
1279 3225 1321 3292 ad
1345 3226 1429 3292 occi-

378 3305 502 3373 dentem
525 3328 610 3373 verso
633 3328 687 3391 par
709 3304 861 3388 AEtoliam
887 3309 927 3371 ad
952 3309 1080 3376 alterum
1096 3331 1180 3382 marc
1193 3313 1307 3376 orienti
1323 3310 1428 3394 objec-

377 3403 443 3456 tum
458 3395 598 3469 torrdens,
620 3416 658 3456 ea
676 3405 799 3478 aspreta
817 3415 964 3477 rupesque
987 3397 1163 3480 interjectos
1183 3400 1289 3477 habet,
1310 3412 1346 3465 ut
1366 3420 1429 3462 noa

376 3479 471 3544 modo
497 3481 659 3559 exercitus,
685 3481 739 3548 sed
764 3502 803 3548 na
828 3482 963 3566 expediti
993 3485 1116 3566 quidem
1143 3486 1232 3556 facile
1258 3487 1364 3558 ullas*
1387 3486 1428 3555 ed

377 3564 655 3635 aemimm'osltes
681 3568 847 3632 inveniant.
890 3568 1051 3640 Extremas
1079 3573 1118 3644 ad
1138 3574 1289 3646 orierrtern
1310 3585 1429 3644 moulan

376 3649 487 3716 ossam
502 3666 625 3733 vocant,
637 3675 765 3736 qaorum
776 3655 859 3738 quod
869 3657 1051 3730 altissimum
1066 3672 1124 3741 est,
1147 3661 1359 3734 Callidromon
1374 3661 1431 3724 ad-

376 3737 527 3821 pellatur:
552 3742 583 3802 in
599 3739 684 3823 cujus
698 3742 776 3806 valle
796 3743 834 3808 ad
851 3741 1019 3813 Maliacum
1033 3749 1135 3815 sinunt
1149 3760 1294 3832 vergente
1308 3751 1368 3818 lter
1384 3759 1433 3810 est

375 3845 438 3888 non
462 3827 564 3906 latius,
586 3848 677 3910 quom
702 3831 864 3912 sexaginta
882 3853 998 3914 passos.
1042 3833 1117 3904 Haec
1140 3857 1202 3900 una
1224 3837 1366 3900 militaris
1380 3837 1432 3903 ria

377 3924 434 3994 est,
449 3935 509 3998 qua
523 3916 641 3980 traduci
657 3917 820 3996 exercitus,
842 3919 868 3980 si
883 3940 945 3984 aon
962 3923 1189 4004 prohibeantur,
1211 3925 1343 4009 possint.
1360 3923 1432 3988 iden

443 4070 719 4134 monomachorum,
730 4083 751 4123 et
761 4075 804 4158 ipae
813 4075 877 4143 nup.
1028 4114 1032 4123 .
1109 4075 1121 4111 ¹
1137 4078 1194 4132 allos
1205 4075 1279 4130 Gron-
1291 4079 1362 4130 Crer.

410 4194 431 4228 ⁵⁵
448 4194 464 4224 *
476 4195 758 4263 Gstmduorumrignonrm
767 4199 882 4263 militibus]
916 4200 1170 4255 clanculantur.
1187 4201 1436 4253 Gratiaavolentibut
1533 4161 1535 4226 i

377 4257 676 4314 rossemanno.
691 4269 713 4314 1.
891 4315 896 4330 ,
916 4266 1064 4319 eblanditur:
1079 4273 1207 4320 cacanus
1226 4270 1299 4333 injicit
1320 4283 1435 4319 rerem·
1533 4259 1535 4332 s

411 4323 432 4360 ⁵⁶
444 4325 459 4352 ’
476 4325 571 4391 Irffmees
580 4329 678 4404 scaptiae]
695 4330 797 4398 Nuptias
807 4347 886 4398 parurn
917 4334 977 4382 darn
989 4336 1108 4384 recusandi
1117 4353 1123 4383 ι
1143 4339 1257 4400 superisa
1268 4335 1338 4406 cogit.

377 4390 608 4455 decmarramorep.
951 4399 973 4433 ⁵⁸
995 4397 1010 4427 ¹*
1030 4399 1060 4448 Er
1079 4401 1244 4467 Peloponnesus]
1269 4401 1332 4453 Dele
1351 4415 1438 4472 supet·

411 4455 433 4496 ⁵7
449 4459 465 4486 ¹
482 4457 670 4510 Arrctoritate...
685 4465 885 4528 pallunianu-
917 4465 986 4519 fluum
997 4467 1100 4518 voculam
1109 4477 1137 4520 at.

376 4517 421 4584 rio]
443 4519 481 4572 De
499 4523 589 4572 uocibus
608 4529 738 4578 actuoritate
756 4541 780 4578 ct
799 4531 887 4593 capena
