3068 5186
380 391 439 444 808
642 420 645 427 -
799 379 883 438 TlTl
902 378 1003 440 mvn

150 519 153 530 Ι
217 533 364 590 umam:
383 539 453 615 alia,
482 557 587 620 parum
621 537 698 597 inter
731 545 867 596 auctores
889 543 1020 596 constat.
1043 531 1094 594 alii
1123 531 1275 615 principio
1301 530 1387 608 belli,
1408 551 1428 592 a

244 605 289 654 'c‘
301 607 354 656 ¹⁹⁰·
384 625 529 687 Chalcide
551 623 665 684 Oreum
686 631 853 705 petentem,
874 619 1110 682 circumventum
1126 621 1165 682 ab
1188 619 1279 700 regiis
1299 618 1427 680 naribus

382 711 526 782 tradunt:
550 709 611 787 alii,
627 703 785 790 postquam
801 707 961 768 transitum
985 707 1016 767 in
1031 704 1135 767 Asiam
1158 717 1215 783 est,
1238 725 1310 766 cum
1326 717 1428 766 turma

383 797 563 878 Fregellana
598 796 722 856 missum
760 793 949 875 exploratum
988 793 1026 853 ad
1063 793 1147 873 regia
1167 791 1291 870 'castra
1330 789 1427 852 effuso

383 885 504 946 obviam
527 881 674 962 equitatu,
697 900 789 961 quum
815 879 964 961 reciperet
989 899 1066 956 sese,
1083 879 1115 940 in
1136 899 1175 939 eo
1190 877 1360 960 delapsum
1378 888 1426 939 tu-

383 970 482 1031 multu
505 989 545 1030 ex
568 987 646 1049 equo
657 970 678 1045 ⁸,
703 987 773 1028 cum
800 965 916 1028 duobus
938 966 1088 1047 equitibus
1108 964 1298 1048 obpressum,
1322 966 1368 1026 ita
1389 964 1427 1024 ad

384 1071 486 1136 regem
503 1049 665 1116 deductum
680 1074 755 1116 esse.
799 1052 877 1115 Illud
899 1053 972 1114 satis
995 1063 1126 1134 constat,
1148 1052 1173 1113 si
1195 1073 1257 1135 pax
1275 1072 1347 1113 cum
1370 1071 1425 1133 po-

383 1140 456 1224 pulo
486 1134 626 1202 Romano
656 1151 801 1218 maneret,
832 1139 1057 1222 hospitiumque
1088 1132 1227 1221 privatim
1254 1140 1319 1220 regi
1354 1137 1425 1198 cum

385 1225 576 1310 Scipionibus
601 1239 691 1305 esset,
706 1247 805 1308 neque
831 1226 993 1303 liberalius,
1017 1247 1114 1308 neque
1136 1226 1295 1307 benignius
1317 1225 1424 1286 haberi

312 1315 317 1332 “
385 1315 501 1395 colique
529 1309 766 1390 adolescentem,
792 1303 883 1393 quarn
898 1313 995 1374 cultus
1019 1326 1076 1391 est,
1099 1313 1243 1395 potuisse.
1287 1310 1336 1374 Ob
1356 1313 1424 1372 haec

385 1393 477 1481 quum
502 1401 663 1462 adventum
691 1398 724 1461 P.
750 1398 900 1480 Scipionis
929 1399 1045 1480 legatus
1070 1409 1287 1480 exspectasset,
1315 1398 1367 1459 ubi
1398 1398 1424 1458 is

383 1488 476 1564 venit,
493 1481 648 1549 consulem
664 1487 739 1564 adit,
755 1487 902 1568 petitque,
917 1496 953 1546 ut
967 1485 1113 1546 mandata
1127 1485 1255 1547 audiret.
1328 1505 1332 1513 ·

219 1580 360 1656 mation-
425 1571 556 1634 XXXV.
578 1573 736 1636 Advocato
765 1573 913 1654 frequenti
946 1573 1082 1650 consilio,
1104 1571 1195 1653 legati
1225 1571 1318 1633 verba
1352 1581 1421 1632 sunt

219 1654 253 1694 ⁸¹⁰
263 1648 291 1698 ‘¹⁹
306 1663 370 1713 ΡΜ·
383 1659 499 1722 audita.
522 1659 561 1739 ls,
577 1659 703 1721 ‘multis
719 1671 789 1721 ante
804 1659 1005 1741 legationibus
1020 1659 1222 1742 nequidquam
1236 1657 1317 1719 ultro
1330 1658 1422 1718 citro-

263 1751 273 1772 ·
383 1746 465 1827 ‘que
493 1747 529 1808 de
544 1739 619 1830 pace
643 1742 752 1823 missis,
777 1765 844 1806 eam
871 1745 968 1827 ipsam
993 1744 1135 1806 fiduciam
1160 1744 1344 1828 impetrandi
1365 1744 1421 1804 sibi

355 1869 358 1875 ι
383 1830 496 1910 ‘esse,’
512 1829 599 1911 dixit,
615 1833 626 1866 ‘
640 1832 721 1913 quod
737 1833 850 1914 priores
864 1832 956 1913 legati
971 1831 1048 1892 nihil
1062 1831 1285 1913 impetrassent.
1315 1828 1419 1916 Smyr-

383 1919 481 2004 ‘nam
507 1919 599 1996 enim,
623 1931 655 1980 et
672 1916 890 2000 Lampsacum,
914 1928 946 1978 et
967 1917 1182 1979 Alexandriam
1203 1917 1368 1993 Troadem,
1390 1929 1421 1979 et

383 2004 630 2089 ‘Lysimachiam
653 2005 683 2065 in
698 2002 831 2087 Europa,
852 2003 984 2086 jactatas
1007 2005 1039 2066 in
1064 2005 1121 2066 illis
1147 2004 1420 2086 disceptationibus

382 2092 482 2154 ‘esse
504 2113 630 2173 quarum
653 2089 845 2175 Lysimachia
866 2088 931 2172 jam
947 2092 1072 2152 cessisse
1091 2111 1207 2172 regem,
1229 2111 1268 2152 ne
1292 2091 1365 2171 quid
1387 2091 1419 2150 in

383 2177 532 2262 ‘Europa
545 2177 656 2240 habere
681 2199 749 2239 emn
765 2177 920 2239 dicerent:
953 2198 1015 2255 eas,
1038 2197 1104 2258 quae
1119 2179 1150 2238 in
1164 2175 1240 2238 Asia
1260 2178 1333 2254 sint,
1349 2177 1420 2238 ciri-

381 2263 486 2326 ‘tates
502 2259 631 2343 tradere,
647 2277 786 2347 paratum
802 2285 878 2340 esse,
902 2276 934 2327 et
945 2259 974 2325 ‘si
989 2285 1063 2346 quas
1079 2265 1153 2325 alias
1179 2262 1323 2341 Romani,
1339 2263 1420 2344 quod

381 2350 527 2412 ‘suarum
543 2352 674 2434 partium
697 2351 817 2426 fixerint,
831 2350 984 2412 vindicare
1006 2351 1045 2412 ab
1066 2351 1194 2432 imperio
1210 2347 1295 2432 regio
1317 2350 1420 2411 velint.

381 2435 543 2520 ‘Inpensae
559 2458 688 2519 quoque,
712 2439 744 2499 in
759 2437 871 2498 bellum
886 2436 984 2514 lactas,
1005 2448 1123 2520 partem
1139 2436 1297 2499 dimidiam
1319 2457 1420 2518 regem

381 2521 393 2578 f
409 2535 616 2603 praestaturum
631 2524 743 2606 populo
758 2522 918 2585 Romano?
953 2523 1010 2584 Hae
1024 2524 1216 2586 conditiones
1230 2536 1319 2586 erant
1329 2524 1421 2606 pacis.

380 2605 509 2688 Reliqua
524 2610 622 2670 oratio
638 2605 705 2687 fuit,
720 2608 791 2671 ‘Ut
806 2631 952 2672 memores
968 2632 1068 2672 rerum
1087 2611 1297 2688 humanarum,
1313 2622 1347 2672 et
1362 2631 1424 2670 suae
1532 2623 1533 2636 ¹

380 2692 532 2756 ‘fortunae
547 2695 784 2774 moderarentur,
800 2700 856 2757 'et
871 2696 1001 2757 alienam
1015 2717 1054 2758 ne
1068 2709 1236 2778 arguerent.
1280 2696 1424 2757 Finirent

379 2777 528 2861 ‘Europa
542 2780 710 2864 imperium.
733 2782 765 2843 id
780 2802 898 2864 quoque
921 2783 1090 2844 inmensum
1113 2803 1187 2844 esse.
1227 2781 1290 2846 ΕΗ
1315 2779 1422 2864 parari

379 2864 524 2950 ‘singula
539 2867 724 2947 adquirendo
747 2867 863 2930 facilius
884 2870 1028 2951 potuisse,
1050 2890 1140 2951 quam
1163 2870 1297 2930 universa
1317 2869 1423 2930 teneri

379 2951 391 2984 ‘
401 2945 501 3036 posse.
532 2952 613 3034 quod
638 2953 663 3014 si
687 2953 766 3016 Asia
790 2959 911 3037 quoque
936 2967 1052 3038 partem
1079 2956 1211 3037 aliquam
1240 2956 1418 3016 abstrahere

379 3037 390 3070 ‘
404 3038 507 3118 velint,
533 3040 700 3102 dummodo
713 3061 774 3102 non
790 3042 887 3107 dubiis
908 3043 1080 3122 regionibus
1096 3041 1213 3120 finiant,
1228 3043 1309 3104 vinci
1334 3061 1419 3102 suam

379 3123 390 3156 ‘
404 3127 636 3210 temperantiam
647 3124 788 3188 Romana
798 3127 974 3210 cupiditate,
985 3129 1069 3211 pacis
1080 3139 1113 3190 et
1122 3129 1291 3190 concordia
1302 3149 1420 3204 caussa,

379 3208 506 3292 ‘regem
521 3212 696 3295 passurum!
739 3212 796 3292 Ea,
820 3234 884 3294 quae
907 3214 1009 3295 legato
1035 3235 1147 3297 magna
1172 3214 1213 3277 ad
1233 3235 1343 3298 pacem
1363 3215 1419 3276 im·

211 3317 358 3386 Mamm
378 3298 558 3378 petrandam
580 3300 769 3378 videbantur,
785 3320 887 3383 parva
909 3299 1055 3362 Romanis
1074 3303 1146 3364 visa.
1190 3299 1284 3379 Nam,
1300 3302 1310 3335 ‘
1325 3312 1358 3363 et
1371 3301 1419 3362 in·

213 3381 329 3437 homano-
380 3383 391 3416 ‘
405 3404 540 3465 pensam,
556 3406 622 3466 quae
633 3387 664 3447 in
677 3387 789 3449 bellum
802 3387 884 3448 facta
898 3398 989 3464 esset,
1001 3409 1124 3450 omnem
1136 3401 1278 3470 praestare
1294 3387 1418 3471 regem,'

213 3463 275 3499 Μ·
380 3489 496 3556 aequum
512 3473 687 3550 censebant,
711 3473 822 3555 ‘cujus
837 3474 925 3555 culpa
940 3475 1050 3536 bellum
1068 3474 1234 3536 excitatum
1251 3486 1351 3550 esset3
1373 3487 1415 3554 et,

381 3555 393 3587 ‘
407 3576 467 3617 nou
481 3551 567 3619 Ionia
577 3560 670 3620 modo
682 3570 773 3641 atque
781 3557 912 3621 AEolide
924 3560 1032 3622 deduci
1046 3562 1155 3623 debere
1166 3561 1307 3642 prasidio
1319 3561 1416 3642 regia:

380 3642 469 3720 ‘sed,
485 3643 563 3705 sicut
587 3643 704 3706 Graecia
727 3647 825 3708 omnis
852 3646 980 3708 liberata
1005 3659 1096 3724 esset,
1124 3648 1176 3726 ita,
1202 3669 1269 3729 quae
1291 3648 1323 3709 in
1343 3649 1417 3709 Asia

380 3730 391 3762 ⁴
405 3728 477 3805 sint,
493 3725 608 3792 onrnes'
619 3730 737 3793 liberari
753 3733 851 3808 urbes.
896 3732 932 3793 ld
947 3733 1034 3795 aliter
1048 3733 1113 3795 fieri
1132 3735 1197 3796 'non
1211 3755 1311 3817 posse,
1323 3733 1417 3816 'quam

379 3815 389 3848 ‘
405 3826 440 3876 ut
453 3816 495 3876 cis
509 3814 644 3878 Taurum
659 3829 794 3880 montem
810 3821 997 3901 possessione
1012 3819 1091 3882 Asiae
1104 3819 1275 3882 Antiochus
1294 3819 1406 3883 cedat!

212 3912 314 3993 aniani
402 3900 569 3966 XXXVI.
607 3901 750 3986 legatus,
789 3915 951 3988 postquam
990 3907 1064 3967 nihil
1106 3908 1181 3990 aqui
1219 3907 1250 3968 in
1287 3907 1417 3970 consilio

208 3993 313 4095 {¹⁸⁰⁰ss
377 3990 541 4070 impetrare
556 4011 588 4052 se
611 3993 765 4069 censebat,
787 3992 926 4076 privatim
950 3991 1006 4071 (sic
1028 3993 1109 4054 enim
1131 3995 1313 4076 imperatum
1336 3994 1416 4073 crat)

206 4058 284 4160 ,ξω
304 4063 355 4110 ‘⁸²'
376 4073 408 4137 P.
439 4073 590 4159 Scipionis
622 4089 738 4140 tentare
764 4079 897 4140 animum
926 4089 974 4152 est
1003 4091 1138 4142 conatus.
1182 4080 1328 4142 Omnium
1345 4081 1421 4164 ¹pri·

374 4183 469 4241 mum,
499 4164 593 4225 filium
616 4166 644 4227 ei
666 4165 732 4227 sine
753 4167 851 4247 pretio
879 4156 1065 4228 redditurum
1089 4187 1202 4248 regem,
1229 4168 1330 4230 dixit:
1362 4167 1420 4230 de·

374 4248 456 4328 inde,
489 4251 611 4332 ignarus
634 4249 666 4314 et
691 4252 783 4313 animi
815 4249 976 4335 Scipionis,
1005 4264 1037 4315 ct
1058 4255 1149 4314 moris
1180 4252 1324 4333 Romani,
1354 4255 1420 4316 auri

484 4375 555 4424 ‘meo
566 4376 930 4438 conabamupnoeqaooron.
942 4379 1011 4427 Crer.
1140 4378 1237 4428 'etdeh
1249 4377 1318 4426 Crcr.

403 4467 489 4516 ²⁰Et
502 4470 757 4537 alienamroeargerent]
774 4473 806 4520 Et
820 4473 876 4522 alie.
908 4475 1027 4540 editiones,
1038 4477 1112 4524 oliam.
1138 4475 1235 4524 Notavit
1245 4475 1266 4522 id
1276 4475 1421 4539 Gronovius,

370 4548 407 4580 nae
425 4533 545 4582 labascerni
564 4551 594 4584 ne
613 4552 691 4598 graver
709 4535 876 4588 incumberent.
907 4537 1038 4592 nectamen
1050 4558 1064 4593 e
1075 4550 1184 4592 contextu
1196 4551 1349 4607 expunxerit.

369 4599 514 4672 †hlendum
533 4599 572 4651 bio
588 4603 677 4666 irrepsit
696 4603 720 4650 in
736 4603 874 4653 recentiores
