3080 5196
457 367 873 432 Mamurrarum
1043 321 1049 328 ¹
1101 393 1118 428 .·
1135 375 1195 430 ass

146 523 300 588 hortando
315 523 449 607 perpulit
462 519 591 602 bivium,
608 534 644 586 ut
667 523 798 604 quinque
816 522 913 589 millia
935 522 1067 586 militum
1088 541 1194 586 seeum
1209 533 1243 588 U.
1254 531 1352 586 emsa.

147 610 296 675 mitteret.
319 610 403 674 missi
419 609 576 691 ingentem
598 609 730 693 predam
753 611 835 676 iutra
853 629 966 693 paucos
986 609 1052 672 dies
1074 619 1195 674 averte-
1208 603 1240 670 b·
1252 600 1283 654 0·
1295 597 1353 660 ¹9⁰·

148 707 231 760 nint.

193 780 251 846 IX.
274 781 357 844 Inter
372 783 434 847 hac
451 779 585 846 Phocaea
604 781 715 847 seditio
737 793 815 858 orta,
832 782 1009 863 quibusdam
1028 783 1069 844 ad
1082 781 1195 847 Antio·

148 869 242 936 chum
272 868 477 932 multitudiuis
506 868 626 930 arrimos
654 867 861 930 avocantibus.
918 867 1031 932 Gravia
1067 869 1194 932 hiberna

132 1003 136 1010 .
151 955 274 1017 nauium
289 966 376 1016 erant
385 977 396 1032 ;
418 973 510 1036 grave
526 951 685 1032 tributum,
706 955 789 1038 quod
813 957 840 994 ²⁵
854 966 933 1036 toga
946 957 1119 1038 quingenta
1134 955 1193 1016 im-

149 1053 264 1128 peratae
287 1052 386 1119 erant,
407 1061 478 1108 curn
505 1041 678 1122 quingentis
702 1041 833 1117 tunicis3
865 1042 964 1124 gravis
980 1043 1074 1104 etiam
1090 1041 1195 1124 inopia

150 1127 306 1205 frumenti,
329 1139 454 1210 propter
469 1148 561 1209 quam
576 1147 668 1196 nayes
683 1147 803 1209 quoque
823 1137 856 1189 et
880 1127 1052 1209 presidium
1079 1127 1193 1190 Roma·

151 1233 226 1276 num
241 1213 381 1276 excessit.
397 1226 463 1276 tum
478 1235 549 1276 vero
561 1213 692 1275 liberata
705 1227 789 1276 metu
800 1212 895 1276 factio
908 1225 984 1292 erat,
997 1235 1063 1294 quae
1075 1213 1194 1295 plebem

150 1300 185 1362 in
200 1299 397 1363 concionibus
412 1300 452 1362 ad
466 1299 654 1362 Antiochum
670 1300 820 1362 trahebat.
842 1297 973 1361 Senatus
986 1312 1018 1362 ct
1032 1301 1195 1382 optimates
1234 1329 1237 1347 ι

151 1387 186 1448 iu
202 1385 344 1448 Romana
359 1385 508 1448 societate
525 1385 721 1469 perstandum
732 1386 908 1448 censebant.
922 1385 1102 1448 defectionis
1121 1405 1195 1446 auc·
1205 1367 1230 1449 ,l

150 1482 233 1536 tores
249 1473 316 1554 plus
331 1471 413 1554 apud
428 1471 654 1534 multitudinem
669 1472 836 1533 raluenmt.
882 1469 1007 1550 Rhodii,
1022 1492 1084 1552 quo
1099 1471 1196 1552 magis

131 1569 304 1621 cessatum
330 1557 430 1640 priore
456 1568 560 1620 astate
584 1568 661 1636 erat,
683 1578 720 1619 eo
737 1557 883 1620 maturius
898 1557 1082 1638 aequinoctio
1102 1577 1196 1618 verno

150 1645 292 1709 eumdem
309 1643 527 1706 Pausistratum
543 1643 647 1704 elassis
662 1642 835 1723 praefectum
853 1663 921 1706 cum
938 1663 992 1704 sex
1015 1654 1049 1706 et
1070 1643 1196 1724 triginta

132 1732 277 1793 *navibus
293 1731 449 1794 miserunt.
491 1728 562 1791 Jarn
575 1727 678 1792 livius
694 1751 713 1793 a
733 1728 826 1792 Canis
842 1751 912 1792 cum
927 1729 1055 1809 triginta
1069 1729 1195 1790 navibus

150 1828 184 1881 et
208 1828 325 1899 septem
353 1815 602 1897 quadriremibus,
625 1835 699 1896 quas
714 1836 818 1878 secum
833 1814 986 1878 Eumenes
1008 1835 1061 1878 rex
1077 1813 1195 1876 addux-

132 1947 135 1954 ·
151 1913 229 1981 erat,
240 1901 474 1984 Hellespontum
488 1901 613 1984 petebat
620 1923 631 1978 3
655 1912 689 1962 ut
703 1901 743 1962 nd
760 1902 919 1964 transitum
931 1901 1093 1978 exereitus,
1104 1920 1196 1982 quem
1209 1911 1293 1962 cusu

131 1999 236 2052 -terrs
260 1999 420 2052 venturum
444 1987 637 2069 opinabatur,
668 1999 861 2069 praepararet,
892 2007 958 2067 quae
984 2007 1060 2069 opus
1086 1996 1196 2048 essent.
1209 1975 1353 2028 lim-³⁸¹·

153 2073 191 2138 In
207 2087 340 2158 portum,
356 2093 446 2154 quem
460 2083 574 2136 vocant
588 2071 782 2151 Achreoruur,
798 2071 926 2135 classem
943 2073 1074 2154 primurn
1090 2072 1196 2133 adver·
1209 2044 1340 2173 {ww

153 2161 204 2224 tit.
219 2161 290 2223 inde
306 2159 396 2222 Ilium
411 2159 582 2237 adscendit,
604 2157 813 2240 sacrificioque
829 2157 975 2222 Minerva
997 2158 1091 2236 facto,
1114 2157 1198 2238 lega·

131 2293 133 2298 -
155 2247 255 2310 tiones
279 2246 426 2310 finitimas
452 2246 491 2307 ab
515 2243 663 2322 Elaeunte,
685 2256 718 2307 et
743 2243 898 2322 Dardano,
920 2256 953 2306 et
968 2242 1111 2320 Rhoeteo,
1134 2255 1197 2306 tra·

152 2332 264 2396 dentes
286 2333 320 2393 in
344 2331 437 2394 fidem
461 2330 599 2392 civitates
622 2349 702 2408 suas,
725 2331 857 2412 benigne
882 2331 1006 2392 audivit.
1059 2327 1134 2392 lnde
1159 2329 1200 2392 ad

101 2471 109 2486 ,
151 2417 349 2500 Hellesponti
377 2417 480 2478 lauces
505 2416 648 2497 navigan
680 2425 722 2493 et,
748 2416 854 2478 decem
875 2417 1001 2480 navibus
1017 2416 1048 2477 in
1064 2416 1197 2478 statione

132 2499 561 2586 ,contraAbydum'relictis
584 2514 686 2564 cetera
711 2502 807 2566 classe
830 2503 862 2564 in
888 2501 1041 2583 Europam
1065 2502 1104 2564 ad
1126 2497 1198 2564 Ses-

151 2589 249 2652 tum¹²
276 2589 512 2672 obpugnandam
549 2586 680 2670 trajecit.
734 2588 807 2650 lam
838 2589 1036 2652 subeuntibus
1071 2587 1198 2652 annatis

131 2695 257 2738 muros
283 2679 311 2714 ²⁶
324 2675 450 2737 fanatici
477 2673 558 2736 Galli
581 2675 713 2756 primum
737 2695 807 2736 cum
831 2675 971 2738 sollemni
996 2674 1103 2736 habitu
1127 2685 1198 2736 astte

132 2773 275 2845 ‚portam
300 2761 474 2826 obcurruut.
516 2759 607 2822 lussu
628 2781 661 2822 se
676 2761 782 2822 matris
798 2759 899 2824 Deum
914 2761 1044 2824 famulos
1058 2759 1132 2824 Deae
1145 2782 1198 2824 ve·

151 2848 220 2910 nire
236 2859 417 2926 memorant,
440 2846 480 2908 ad
494 2846 679 2927 precandum
695 2845 880 2926 Romanum,
904 2859 937 2910 ut
961 2860 1100 2928 parceret
1120 2867 1197 2910 urae·
1312 2919 1316 2928 ¹

152 2935 243 2996 nibus
267 2934 405 3014 urbique.
447 2931 549 2994 Nemo
574 2953 679 2994 eorum
702 2934 833 2995 violatus
856 2945 922 2997 est:
956 2954 1030 2996 mox
1044 2933 1198 2995 universus

153 3031 279 3082 senatus
303 3040 372 3081 cum
400 3018 627 3100 magistratibus
650 3018 691 3079 ad
714 3018 887 3092 dedendam
909 3020 1014 3080 urbem
1040 3019 1200 3100 processit.

137 3103 232 3168 ,Inde
246 3105 390 3188 Abydum
404 3103 530 3186 trajecta
547 3104 661 3165 classis.
675 3104 727 3166 ubi
743 3126 847 3186 quum,
863 3105 990 3168 tentatis
1015 3124 1069 3184 per
1092 3105 1199 3167 conlo·

154 3193 229 3273 quia
252 3193 371 3269 animis,
396 3190 472 3254 nihil
491 3189 594 3274 pacati
616 3189 862 3272 responderetur,
884 3191 925 3252 ad
939 3190 1199 3271 obpugnationem

153 3299 222 3342 sesa
236 3279 452 3360 expediebant.

199 3363 243 3426 X.
266 3363 348 3426 Dum
363 3363 427 3428 baec
442 3364 474 3426 in
489 3359 693 3446 Hellesponto
711 3373 869 3444 geruntur,
884 3361 1085 3447 Polyxenidas
1100 3361 1199 3445 regius
1211 3377 1366 3444 Polyxenida

153 3450 324 3534 praefectus,
352 3447 431 3530 (erat
449 3459 552 3511 autern
568 3449 654 3512 exsul
670 3448 820 3530 Rhodius)
850 3470 943 3532 quum
959 3450 1106 3528 audisset,
1128 3469 1196 3532 pros
1211 3443 1315 3521 manem

136 3583 139 3590 -
153 3538 272 3600 sectam
287 3538 326 3598 ab
342 3537 434 3598 domo
446 3535 637 3618 popularium
653 3557 775 3598 suorum
787 3535 926 3614 classem,
938 3549 969 3598 et
982 3535 1200 3598 Pausistratum
1211 3511 1352 3626 mmm

151 3623 332 3706 praefectum
351 3623 479 3705 superbe
503 3622 640 3703 quaedam
664 3633 697 3685 et
720 3624 901 3686 contemtim
916 3625 947 3686 in
962 3645 995 3685 se
1011 3623 1198 3686 concionan-

154 3707 236 3774 tem¹
252 3709 374 3787 dixisse,
386 3691 537 3790 praebipuo
553 3710 719 3772 certamine
735 3710 829 3772 animi
845 3711 986 3773 adversus
1002 3731 1071 3771 eum
1087 3720 1201 3786 sumto,

152 3796 232 3858 nihil
257 3796 340 3857 aliud
367 3795 431 3857 dies
455 3807 623 3876 noctesque
650 3797 788 3877 agitabat
812 3797 925 3875 animo,
950 3817 1041 3878 quarn
1060 3807 1095 3857 ut
1110 3795 1201 3857 verba

153 3878 322 3962 magnifica
343 3880 408 3962 ejus
434 3882 523 3943 rebus
547 3881 728 3945 confutaret.
772 3879 875 3946 Mittit
898 3882 938 3944 sd
958 3903 1028 3944 eum
1044 3882 1200 3952 hominem

154 3977 188 4030 et
204 3967 247 4030 illi
270 3979 389 4046 notum,
412 3968 462 4050 qui
483 3967 609 4045 diceret,
632 3967 699 4032 ‘Et
714 3990 746 4030 se
761 3967 948 4032 Pausistrato
963 3969 1126 4052 patriaeque
1141 3989 1201 4030 sua

155 4054 297 4137 ‘magam
318 4055 396 4134 usui,
422 4057 449 4100 ⁹7
460 4053 486 4116 si
511 4054 612 4134 liceat,
635 4054 723 4134 snre3
747 4071 779 4120 ct
800 4052 1019 4118 aPausistrato
1034 4075 1067 4117 se
1083 4053 1201 4118 restitui

286 4185 299 4221 l
314 4187 386 4238 &don
396 4188 470 4238 Grau.
481 4188 550 4240 Cret.
742 4249 746 4257 ⁸
827 4190 834 4225 ¹
847 4192 995 4240 maciomtum
1008 4189 1072 4238 aas.

183 4301 208 4336 ὓ
225 4299 289 4366 Toga
305 4303 440 4368 quingenta]
454 4301 508 4351 Vid.
519 4313 570 4354 not.
581 4303 620 4354 68.
632 4304 660 4353 ad
693 4305 802 4372 Cybeles.

145 4364 249 4417 Lxxn.
261 4383 282 4416 c.
294 4369 334 4416 54.
723 4373 746 4410 ⁹⁷
762 4372 787 4420 st
805 4367 880 4432 ileon]
911 4369 956 4421 Per
976 4369 1155 4422 Pausistratum:
1181 4369 1202 4419 si

184 4431 208 4468 Β
223 4429 327 4480 Fonctici
343 4431 417 4554 Galla
431 4435 606 4490 Debaeebaater
619 4455 662 4504 pro
691 4438 751 4490 sinat
762 4437 920 4488 Pausistratu.

147 4509 217 4568 port
232 4497 370 4551 Sacerdotes
418 4519 481 4566 syna
497 4505 680 4572 Mansuetus,
