3080 5196
435 407 514 470 ma.
530 407 690 469 xxxva.
712 405 937 468 cnuxxvrr.
1037 394 1041 401 '
1168 413 1226 472 aar

177 559 240 624 diae
255 561 359 623 classis
381 561 462 624 circa
475 559 585 624 Patara
607 583 683 641 esse,
705 575 737 626 et
750 561 918 626 Eumenem
940 583 1043 646 regem
1066 582 1135 625 curn
1158 583 1272 632 om-u.
1287 579 1383 638 ctas.

179 648 271 709 nibus
293 649 417 710 navibus
440 648 500 710 suis
522 649 638 710 consuli
661 649 782 711 obviam
804 651 836 710 in
852 648 1085 734 Hellespontum
1128 651 1393 714 rofec-A·0·1⁹⁰·-

180 743 251 795 tum
273 735 420 798 audierat.
445 735 558 816 aliquid
581 735 674 797 etiarn
696 735 823 798 inflabat
842 738 958 798 animos
974 737 1077 798 classis
1093 671 1227 817 llhodia,

180 820 225 882 ad
252 818 377 883 Samum
408 842 462 905 per
497 820 688 883 occasionem
718 821 824 885 fraude
853 835 1053 906 praeparatam
1079 824 1227 887 absumta.

181 904 244 968 His
258 906 362 986 fretus,
378 905 563 991 Polyxenida
584 929 653 970 cum
672 907 768 970 classe
783 908 823 970 ad
840 909 1019 972 tentandam
1035 910 1118 971 omni
1135 911 1227 974 modo

181 993 359 1056 certaminis
387 994 540 1056 fortunam
570 995 674 1072 misso,
703 995 767 1078 ipse
803 996 907 1078 copias
943 996 982 1058 ad
1012 993 1140 1058 Notium
1171 998 1227 1059 du·

184 1080 246 1142 cit:
273 1079 304 1141 id
320 1081 466 1164 oppidum
483 1079 719 1164 Colophonium,
740 1082 814 1142 mari
841 1081 1003 1160 inminens,
1027 1084 1115 1144 abest
1138 1105 1157 1146 a
1175 1105 1228 1146 ve-

182 1175 250 1228 tere
266 1164 444 1249 Colophone
468 1167 529 1228 duo
551 1166 646 1229 ferme.
667 1168 764 1228 millia
778 1189 940 1251 passuum:
971 1173 997 1216 ⁷⁹
1008 1180 1040 1231 et
1063 1170 1160 1251 ipsam
1176 1191 1227 1231 ur-

180 1253 254 1315 bem
281 1275 340 1314 suae
364 1274 429 1315 esse
453 1255 614 1337 potestatis
638 1254 770 1332 volebat,
797 1254 874 1316 adeo
897 1255 1098 1338 propinquam
1123 1255 1227 1340 Ephe-

180 1361 230 1419 so,
252 1351 288 1401 ut
307 1339 383 1401 nihil
405 1350 485 1401 terra
506 1340 618 1402 marive
642 1351 755 1422 ageret,
770 1341 852 1421 quod
868 1361 929 1402 non
947 1339 1116 1423 subjectum
1132 1343 1227 1404 oculis

180 1425 457 1508 Colophoniorum,
471 1440 507 1488 aa
530 1447 584 1510 per
605 1448 657 1488 eos
676 1438 780 1488 notum
797 1427 951 1509 extemplo
967 1425 1113 1488 Romanis
1129 1440 1226 1490 esset:

181 1534 270 1594 quos,
296 1513 400 1574 audita
422 1513 593 1590 obsidione,
617 1533 678 1573 non
706 1512 866 1573 dubitabat
891 1513 930 1573 ad
955 1533 1045 1594 opem
1070 1513 1227 1576 ferendam

181 1599 273 1661 sociae
294 1600 358 1660 urbi
382 1598 508 1661 classem
531 1620 550 1659 a
572 1597 665 1660 Samo
680 1613 825 1660 moturos.
840 1619 908 1660 earn
929 1599 1120 1660 occasionem
1136 1597 1227 1684 Poly-

177 1687 299 1748 xenidae
325 1685 363 1746 ad
388 1706 451 1746 rem
477 1684 641 1768 gerendam
669 1685 744 1746 fore.
786 1683 910 1766 igitur,
939 1687 1080 1768 operibus
1107 1687 1358 1774 obpug·c0topho·

179 1791 255 1834 nare
280 1773 385 1833 urbem
412 1772 582 1853 adgressus,
607 1784 638 1834 et
662 1770 701 1832 ad
723 1792 806 1832 mare
826 1772 961 1853 partibus
981 1771 1095 1834 duabus
1112 1773 1227 1854 pariter
1239 1792 1293 1825 nera
1307 1776 1392 1840 obpug-

180 1859 401 1921 munitionibus
427 1857 576 1935 deductis,
601 1858 753 1938 utrimque
779 1859 881 1919 vineas
910 1869 942 1919 et
968 1879 1109 1939 aggerem
1140 1857 1286 1923 marom·

181 1944 327 2027 injunxit,
349 1957 381 2008 et
406 1946 432 1984 ⁸⁰
444 1943 646 2006 testudinibus
669 1944 776 2005 arietes
797 1944 941 2006 admovit.
1000 1945 1115 2014 Quibus
1130 1945 1226 2008 territi

182 2031 273 2093 malis
298 2029 480 2114 Colophonii
505 2041 639 2092 oratores
666 2025 792 2090 Samum
819 2029 859 2091 ad
885 2027 1226 2109 L.AEmi1ium‚fiaem

182 2119 321 2198 praetoris
342 2117 506 2200 populique
525 2115 658 2178 Romani
684 2116 889 2198 implorantes,
910 2118 1065 2178 miserunt.
1125 2115 1227 2178 AEmi-

180 2205 258 2265 lium
274 2216 305 2266 et
328 2201 413 2265 Sarni
435 2204 534 2283 segnis
557 2203 609 2264 diu
631 2221 717 2263 mora
738 2201 935 2281 obtendebat,
950 2204 1026 2265 nihil
1046 2204 1146 2265 minus
1159 2205 1227 2286 opir

179 2308 321 2369 nantem,
342 2310 433 2371 quarn
449 2288 677 2372 Polyxenidam,
702 2288 749 2350 bis
775 2289 977 2372 nequidquam
1005 2291 1044 2351 ab
1068 2311 1099 2351 se
1118 2311 1227 2373 provo-

181 2388 299 2453 catum,
315 2387 499 2458 potestatem
517 2395 625 2458 pugna
637 2374 788 2437 facturum
803 2396 889 2436 esse:
920 2389 951 2437 et
967 2387 1055 2458 turpe
1071 2377 1226 2438 existima·

178 2464 250 2541 bat,
265 2461 408 2524 Eumenis
426 2462 552 2524 classem
576 2460 716 2546 adiuvare
742 2462 898 2522 consulem
924 2462 964 2523 ad
979 2461 1174 2543 trajiciendas
1195 2465 1226 2525 in

178 2545 290 2610 Asiam
313 2548 472 2630 legiones,
494 2570 526 2610 se
541 2545 729 2629 Colophonis
752 2548 880 2609 obsessae
903 2549 1028 2625 auxilio,
1049 2549 1225 2610 incertamk

179 2635 276 2696 finem
293 2635 443 2713 habituro,
459 2634 595 2714 adligari.
638 2632 794 2694 Eudamus
809 2632 956 2712 Rhodius,
973 2635 1023 2716 qui
1039 2647 1071 2697 et
1087 2646 1226 2697 tenuerat

177 2741 254 2782 eum
275 2718 370 2798 Sami,
384 2721 554 2804 cupientem
576 2718 726 2801 proficisci
748 2719 780 2780 in
797 2717 1043 2804 Hellespontum,
1064 2721 1226 2804 cunctique

182 2806 296 2868 instare
311 2819 343 2867 et
358 2807 469 2884 dicere,
493 2805 639 2876 ‘Quanto
661 2806 754 2867 satius
778 2827 853 2883 esse,
874 2807 922 2868 vel
945 2808 1043 2869 socios
1066 2807 1225 2869 obsidione

179 2894 194 2926 ‘
209 2894 351 2971 eximere,
366 2893 413 2954 vel
427 2893 539 2954 victam
552 2890 617 2974 jam
633 2893 725 2954 semel
741 2893 868 2954 classem
889 2894 998 2955 iterum
1013 2894 1160 2972 vincere,¹
1176 2905 1226 2956 to·

165 2979 194 3062 ¹⁴
211 2989 332 3061 tamque
347 2980 438 3040 maris
453 2979 674 3061 possessionem
687 2977 766 3040 hosti
783 2980 909 3060 eripere,
921 2999 1022 3061 quam,
1035 2979 1160 3042 desertis
1176 3001 1227 3042 so-

184 3066 195 3099 ‘
211 3066 275 3144 ciis,
291 3065 406 3128 tradita
419 3065 582 3127 Antiocho
590 3065 664 3126 Asia
678 3077 759 3127 terra
773 3067 921 3146 marique,
936 3067 966 3127 in
979 3064 1225 3148 Hellespontum,

179 3151 196 3186 '‘
211 3153 261 3214 ubi
271 3154 345 3214 satis
360 3162 440 3214 esset
452 3151 595 3212 Eumenis
608 3150 723 3228 classis,
735 3151 773 3211 ab
785 3171 840 3212 sua
851 3163 936 3233 parte
950 3152 1022 3213 belli
1039 3151 1193 3213 discedere
1202 3151 1226 3213 ?’

227 3236 359 3300 XXVll.
382 3237 512 3300 Profecti
531 3238 571 3298 ab
586 3235 680 3297 Samo
703 3236 741 3297 ad
764 3237 914 3318 petendos
936 3249 1227 3316 commeatus,'con-

181 3327 292 3387 sumtis
311 3324 378 3407 jam
394 3325 544 3402 omuibus,
560 3322 674 3384 Chium
689 3324 839 3405 parabant
853 3323 1003 3405 trajicere.
1026 3323 1057 3385 id
1074 3336 1139 3386 erat
1155 3325 1225 3386 hor-

181 3403 447 3490 reurn'Romanis3
478 3429 574 3491 eoque
595 3429 700 3470 omnes
722 3431 761 3470 ex
783 3408 872 3470 ltalia
894 3405 992 3473 missae
1016 3411 1159 3472 onerariae
1178 3411 1226 3472 di·

183 3498 324 3579 rigebant
347 3519 477 3560 cursum.
533 3495 734 3558 Circumvecti
757 3496 797 3558 ab
818 3496 892 3558 urbe
906 3498 930 3535 ⁸¹
942 3497 981 3558 ad
1005 3517 1108 3558 aversa
1122 3497 1227 3560 insulae

187 3582 324 3668 (objecta
345 3585 480 3666 aquiloni
504 3583 543 3646 ad
566 3582 677 3644 Chium
701 3593 733 3646 et
754 3581 900 3667 Erythras
926 3583 1008 3663 sunt)
1030 3603 1122 3668 quum
1137 3606 1226 3668 para·

184 3681 253 3732 rent
275 3669 422 3753 trajicere,
444 3670 537 3732 literis
561 3670 671 3731 certior
696 3669 733 3732 lit
757 3681 876 3752 praetor,
897 3669 1041 3732 frumenti
1055 3671 1116 3733 vim
1139 3693 1226 3754 mag-

181 3775 256 3818 nam
291 3756 402 3819 Chium
439 3779 477 3819 ex
515 3755 603 3818 ltalia
639 3757 775 3834 venisse3
813 3757 916 3819 vinum
944 3767 1098 3841 portantes
1135 3777 1226 3820 naves

182 3845 416 3926 tempestatibus
432 3855 566 3906 retentas
581 3863 657 3904 esse.
715 3840 811 3905 Simul
837 3843 972 3908 adlatum
998 3855 1054 3922 est,
1068 3841 1162 3906 Teios
1179 3864 1226 3906 re·

179 3929 240 4011 gite
265 3931 352 3992 classi
383 3931 514 4012 benigne
545 3938 731 3991 commeatus
754 3929 936 4014 praebuisse3
973 3931 1105 4012 quinque
1132 3931 1228 3993 millia

183 4037 323 4078 vasorum
337 4018 398 4078 vini
418 4039 482 4080 esse
496 4016 658 4100 pollicitos.
707 4013 805 4078 Teum
821 4037 859 4078 ex
874 4017 977 4079 medio
996 4037 1087 4078 cursu
1100 4017 1228 4080 classem
1241 4047 1346 4098 AEmtlim

183 4117 310 4186 repente
333 4106 451 4183 avertit,
470 4116 523 4167 aut
543 4102 713 4165 volentibus
739 4103 776 4164 iis
798 4123 905 4166 usurus
928 4116 1101 4166 commeatu
1119 4116 1230 4188 parato
1241 4115 1317 4166 Teum
1327 4115 1393 4182 perir.

383 4235 395 4271 ¹
406 4240 513 4286 lacertum
524 4235 593 4286 Cret.
676 4233 776 4286 ¹cr'noere
784 4239 864 4286 amm
875 4235 947 4286 Grou.
959 4237 1028 4288 Cret.

209 4341 279 4392 ’Νι
294 4346 361 4423 ipram
376 4341 462 4408 urbm]
479 4341 648 4409 Colophonem,
663 4352 690 4392 ut
721 4341 845 4442 pelgphrnt.
934 4407 940 4422 ·
1194 4411 1201 4424 1

179 4419 692 4539 μῧῑιοῗέυἶῗῧὸἴιᾙωὸἳίοπυὰἰηυω,
723 4473 779 4526 sidae
789 4407 1080 4528 §initiiinibi‘iibriei
1091 4421 1179 4478 Pam
1194 4425 1229 4464 m·

180 4539 224 4591 tub
237 4539 318 4605 quibua
328 4540 429 4591 latebant
445 4541 462 4590 ii
478 4541 518 4607 qui
533 4541 630 4592 tristem
644 4540 690 4594 im-
