3080 5196
356 373 418 432 280
445 379 452 419 ’ἑ
780 314 863 426 ΙῚΤῙΙ
879 365 982 427 LIVll

189 521 330 574 ΜΝ·
353 560 355 566 .
404 521 461 587 lll.
476 521 655 605 Priusquam
671 521 811 584 consules
822 522 854 584 in
866 521 1036 604 provincias
1048 519 1326 604 proficiscerentur,
1337 539 1409 603 pro-

191 587 265 668 Ac:
277 589 330 666 lm
361 611 445 694 digia
459 631 514 693 per
528 609 687 694 pontifices
703 602 856 691 procurari
872 608 995 691 placuit.
1026 606 1132 669 Roma
1144 605 1278 669 lunonis
1289 604 1412 668 Lucinas

194 652 313 717 mm
361 698 512 781 templum
534 697 572 758 dc
595 695 674 758 coelo
695 705 814 756 tactum
834 704 912 771 erat,
933 694 1033 756 itaut
1059 693 1238 775 ⁶fustigium
1260 693 1414 772 vulvaque

362 783 613 846 deformarentur.
657 778 790 842 Puteolis
813 779 948 863 pluribus
969 779 1043 841 locis
1068 799 1170 841 murus
1189 790 1221 841 et
1242 789 1335 861 porta
1353 779 1412 839 ful-

361 870 445 932 mine
469 869 541 946 icta,
564 878 597 930 ct
619 868 680 929 duo
700 866 839 927 homines
861 866 1039 928 exanimati.
1082 862 1200 926 Nursia
1215 885 1324 926 sereno
1339 865 1412 925 satis

363 956 524 1018 constabat
538 957 550 1000 ⁷
562 953 699 1014 nimbum
714 964 837 1015 ortum:
861 953 903 1013 ibi
919 971 1039 1033 quoque
1055 950 1131 1012 duos
1146 951 1258 1012 liberos
1273 951 1414 1012 homines
1438 995 1442 1004 .

362 1041 564 1102 exanimatos.
606 1037 703 1100 Terra
716 1039 798 1120 apud
813 1059 845 1098 se
860 1038 971 1119 pluisse
982 1036 1147 1099 'l'usculani
1165 1038 1368 1114 nunciabant,
1383 1045 1417 1097 et

361 1125 486 1188 Reatini
508 1125 622 1186 mulam
645 1125 676 1185 in
693 1144 767 1205 agro
788 1143 843 1184 suo
860 1124 1023 1205 peperisse.
1066 1121 1114 1185 Ea
1129 1135 1304 1206 procurata,
1326 1121 1413 1184 Lati·
1439 1171 1442 1176 Α

361 1231 467 1294 noeque
478 1212 670 1288 instauratae3
694 1210 777 1290 qnod
788 1208 987 1272 Laurentibus
1003 1210 1135 1287 ⁸carnis,
1147 1230 1213 1291 quae
1228 1209 1295 1270 dari
1312 1208 1414 1288 debet,

361 1299 435 1360 data
468 1318 528 1358 non
559 1298 667 1358 fuerat.
726 1293 918 1377 Supplicatio
947 1315 1068 1376 quoqne
1097 1315 1202 1356 earum
1230 1295 1413 1375 religionum

361 1403 469 1446 caussa
482 1383 548 1460 fuit,
572 1382 703 1464 ¹quibus
715 1379 783 1442 Diis
796 1381 957 1443 decemuiri
973 1401 1010 1442 ex
1023 1381 1105 1442 libris
1121 1391 1177 1444 utc
1191 1381 1290 1458 fieret,
1306 1381 1414 1442 edide-

361 1481 441 1532 runt.
484 1467 601 1530 Decem
616 1467 750 1548 ingenui,
766 1467 872 1528 decern
887 1467 1030 1549 virgines,
1044 1468 1167 1549 patrimi
1183 1487 1291 1529 omnes
1306 1467 1415 1528 matri·

360 1557 476 1636 mique,
499 1554 540 1614 ad
554 1554 586 1614 id
597 1553 778 1615 sacrificium
790 1553 937 1614 adhibiti:
962 1565 995 1615 et
1006 1553 1171 1616 decemviri
1186 1565 1279 1616 nocte
1296 1553 1415 1614 lacten·

362 1641 442 1702 tibus
458 1661 522 1701 rern
543 1639 676 1700 divinam
694 1638 842 1701 lecerunt.
887 1639 921 1702 P.
940 1638 1097 1701 Cornelius
1115 1637 1220 1721 Scipio
1235 1639 1415 1718 Africanus,

359 1727 535 1810 priusquam
558 1725 808 1807 proficisceretur,
830 1727 854 1764 ¹¹
868 1725 1016 1786 fornicem
1039 1725 1070 1785 in
1092 1723 1248 1807 Capitolio
1269 1726 1427 1790 adversus.

361 1813 454 1890 viam,
476 1831 533 1892 qua
558 1812 590 1872 in
615 1810 801 1894 Capitolium
828 1811 1034 1889 adscenditur,
1067 1830 1136 1872 curn
1169 1811 1263 1892 signis
1293 1824 1442 1893 septem.

362 1899 486 1976 auratis,
509 1895 564 1959 et¹¹
579 1897 695 1959 duobus
713 1896 807 1980 equis,
824 1908 858 1959 et
877 1917 1048 1960 marmorea
1066 1897 1126 1958 duo
1148 1897 1234 1958 labra
1250 1909 1327 1959 ante
1351 1897 1414 1958 lor-

361 1984 463 2045 nicem
481 1982 591 2065 posuit.
636 1981 693 2047 Per
705 1984 828 2045 cosdem
850 1984 913 2045 dies
936 1984 1087 2066 principes
1107 1980 1283 2047 AEtolorum
1305 1995 1368 2045 tres
1384 1997 1416 2046 et

363 2070 676 2152 quadragintainter
691 2090 767 2151 quos
782 2067 976 2131 Damocritus
997 2081 1029 2130 ct
1052 2069 1144 2130 frater
1163 2066 1226 2148 ejus
1251 2081 1353 2148 crant,
1376 2070 1419 2130 ab

363 2155 480 2217 duabus
495 2155 681 2232 cohortibus,
696 2155 794 2216 missis
806 2176 826 2215 a
836 2153 893 2216 M’.
907 2155 1019 2232 Acilio,
1031 2154 1163 2217 Romam
1178 2155 1317 2233 deducti,
1335 2167 1369 2218 et
1383 2157 1416 2216 in

363 2239 542 2302 Lautumias
560 2240 693 2322 conjecti
711 2259 793 2303 sunt.
812 2242 953 2302 cohortes
973 2242 1043 2303 inde
1063 2241 1103 2303 ad
1119 2243 1286 2302 exercitum
1304 2242 1416 2318 redire,

362 2326 399 2389 L.
415 2326 573 2388 Cornelius
588 2327 693 2388 consul
704 2325 806 2408 jussit.
849 2325 956 2407 Legati
981 2328 1020 2388 ab
1044 2331 1067 2365 ¹¹
1082 2325 1245 2390 Ptolemaeo
1265 2340 1297 2390 et
1323 2327 1416 2390 Clco·

364 2423 463 2496 patra,
486 2413 606 2492 regibus
624 2410 765 2495 AEgypti,
790 2413 976 2493 gratulantes
997 2413 1079 2496 quod
1102 2411 1160 2474 Μ’.
1173 2411 1291 2476 Acilius
1308 2414 1415 2476 consul

364 2497 552 2560 Antiochum
568 2519 669 2580 regern
686 2497 803 2561 Gracia
821 2499 997 2580 expulisset,
1010 2509 1174 2574 venerunt;
1198 2500 1419 2562 adhortantes·

366 2603 436 2664 que,
459 2594 495 2644 ut
518 2584 548 2644 in
572 2583 679 2644 Asiam
703 2585 869 2646 exercitum
893 2583 1069 2666 trajicerent
1077 2594 1100 2663 ²,
1125 2584 1254 2646 ‘omnia
1275 2586 1441 2668 perculsa.

366 2670 478 2730 ‘metu
493 2669 601 2730 nonin
626 2668 702 2730 Asia
725 2670 828 2746 modo,
854 2671 906 2732 sed
929 2671 1022 2732 etiam
1039 2671 1071 2731 in
1098 2668 1196 2754 Syria,
1217 2692 1301 2749 ssse5
1325 2691 1420 2752 reges

366 2754 379 2787 ‘
392 2751 522 2836 AEgypti
535 2755 623 2834 adea,
634 2775 700 2837 quse
710 2755 875 2817 censuisset
889 2767 1021 2834 senatus,
1033 2766 1157 2838 paratos
1169 2755 1253 2818 fore.¹
1295 2755 1416 2820 Gratiae

336 2870 339 2876 ·
365 2840 486 2920 regibus
502 2851 595 2902 acta:
615 2840 723 2922 legatis
738 2861 863 2902 munera
873 2841 937 2903 dari
949 2841 1044 2924 jussa,
1054 2843 1085 2902 in
1100 2843 1236 2923 singulos
1254 2846 1414 2926 ¹¹quatcr-
1435 2889 1441 2900 .
1537 2877 1538 2886 κ

367 2927 441 2986 nllrn
457 2926 585 3004 millium
601 2928 677 2990 aeris.

410 3008 465 3072 IV.
500 3010 537 3074 L.
558 3011 723 3086 ¹Cornelius
748 3016 864 3094 consul,
894 3016 1036 3099 peractis,
1067 3034 1132 3096 quar
1159 3013 1267 3078 Roma
1296 3015 1417 3096 agenda

367 3109 464 3174 erant,
485 3118 541 3180 pro
558 3101 704 3162 concione
719 3101 825 3180 edixit,
848 3113 883 3163 ut
905 3101 1027 3179 milites,
1050 3121 1125 3182 quos
1146 3101 1213 3183 ipsc
1235 3102 1268 3162 in
1293 3101 1437 3183 supple.

367 3193 504 3245 mentum
520 3186 700 3268 scripsisset,
716 3188 826 3267 quique
844 3187 875 3248 in
892 3185 1020 3248 Bruttiis
1035 3207 1106 3248 curn
1122 3185 1160 3248 A.
1175 3185 1323 3248 Cornelio
1344 3209 1415 3270 pro·

366 3279 493 3350 praetore
513 3284 625 3350 essent,
646 3284 682 3335 ut
702 3271 733 3333 hi
756 3293 862 3334 omnes
879 3271 981 3334 ldibus
998 3272 1201 3343 Quinctilibus
1216 3271 1417 3335 Brundisium

368 3357 575 3419 convenirent.
622 3355 699 3420 ltem
727 3369 789 3421 tres
808 3359 926 3440 legatos
951 3359 1133 3436 nominauit,
1152 3357 1225 3420 Sex.
1250 3357 1418 3441 Digitium,

401 3513 679 3565 ‘utchGronCrcn
782 3514 965 3565 ‘etdchran
1063 3517 1387 3568 'bodsoerstGromCren

368 3645 453 3694 Prima
471 3647 524 3694 dua
541 3627 692 3694 voces‘sobis
708 3644 819 3708 glossema
840 3661 874 3694 ss·
940 3641 1120 3724 ¹0l⁴⁸smicsm¹fn
1131 3643 1421 3722 Gsmtdbrrdoersqrsissn

367 3723 442 3810 Pulmi
452 3773 587 3840 fastigium]
603 3775 659 3824 vid.
669 3785 718 3822 not.
729 3774 757 3822 sd
769 3787 813 3824 xs.
825 3776 849 3822 2.
906 3725 991 3838 illiti„
1000 3708 1421 3838 ndqqutnuhqsppqqqesgqqqffilppss

401 3839 568 3904 ⁷·Nr'mtum]
583 3841 684 3889 lmbretu
702 3839 805 3888 subitum
824 3855 875 3887 cum
907 3840 981 3903 primo
992 3851 1034 3902 pro
1044 3847 1109 3900 perte
1120 3839 1221 3902 planiore
1241 3853 1266 3887 et
1283 3841 1420 3902 spatiosiore

366 3905 463 3954 tonitru.
907 3902 999 3959 montis,
1013 3902 1105 3962 deiude,
1123 3919 1163 3966 pro
1179 3905 1269 3969 templo
1286 3905 1337 3968 ipso
1349 3905 1441 3962 lova„

403 3968 522 4034 ⁸Csm2'r]
538 3969 602 4018 Nota
613 3968 873 4018 canusinrectocssu:
907 3968 968 4033 quod
994 3967 1018 4015 iu
1043 3981 1135 4016 summo
1166 3980 1247 4017 moute
1274 3982 1421 4020 exaratum

369 4034 429 4096 quod
440 4045 465 4082 st
475 4034 579 4082 observat
595 4033 721 4083 Priscianus
739 4033 755 4082 l.
766 4045 802 4083 vr.
835 4033 875 4082 De
906 4044 964 4082 erat.

367 4098 519 4211 ipsaqcviid.x
517 4111 566 4211 quq
580 4099 693 4211 uqsue.
708 4101 745 4150 17.
754 4097 771 4145 l.
784 4110 808 4147 v.
824 4099 874 4146 'et
940 4095 1102 4210 ῑῑήῐῖωὶὲζῖοι]
1123 4097 1259 4210 Eqiphsner
1276 4099 1367 4162 dequo
1381 4113 1421 4147 sss·

367 4175 874 4290 ”idimaihimasaasna
905 4178 961 4263 pn„
994 4179 1135 4278 ostend
1163 4196 1264 4275 mrsu„
1296 4226 1360 4290 aa]
1395 4227 1426 4278 ss

367 4291 495 4354 ediderunt]
514 4290 574 4340 Hoc
593 4292 792 4354 pravarerborum
803 4291 874 4341 collo-
905 4307 971 4356 graus
992 4303 1024 4337 m
1048 4288 1210 4354 intelligamus,
1232 4292 1291 4341 fient
1320 4307 1365 4341 sex
1386 4307 1442 4341 sr·.

367 4355 427 4404 estio
437 4355 583 4404 possidetur
591 4371 607 4403 a
618 4357 681 4404 Liuio
691 4371 749 4405 esse.
764 4356 873 4420 hepone:
904 4359 968 4420 genti
979 4367 1062 4404 marte
1073 4368 1186 4408 πωπω
1196 4371 1252 4406 caus
1268 4357 1362 4408 duabus
1379 4373 1423 4407 us·

424 4501 432 4533 1
450 4518 457 4534 ·
680 4511 683 4518 r
