3068 5186
361 377 421 431 aro
672 410 677 425 .
779 365 863 426 urar
882 319 984 426 mun

185 541 221 594 n.
232 543 261 593 c·
271 543 329 593 ota.
351 527 483 607 hostem,
499 538 530 589 et
546 537 727 613 postremos,
742 533 778 584 ut
793 543 926 604 quosque
944 521 1049 608 adepti
1064 535 1145 602 sunt,
1160 524 1291 586 caedunt.
1337 522 1398 586 Ce-
1422 529 1426 534 ’

185 607 259 660 Μ·
273 608 327 660 ¹⁹⁰·
351 629 447 678 terum
469 613 654 696 fugientibus
675 609 773 692 major
795 609 900 693 pestis,
915 612 940 648 ²¹
951 610 1134 671 intermixtis
1150 611 1317 693 quadrigis,
1333 611 1397 672 ele-

350 702 542 784 phantisque,
564 712 596 762 et
620 697 742 759 camelis
765 707 840 777 erat,
863 709 894 758 et
916 717 971 758 sua
991 696 1126 777 ipsorum
1147 698 1256 759 turba:
1289 717 1396 778 quum,

350 788 456 850 solutis
471 786 638 862 ordinibus,
653 783 735 845 velut
757 784 828 845 caeci
851 803 939 866 super
962 782 1036 843 alios
1058 782 1109 844 alii
1124 796 1257 860 ruentes,
1272 784 1395 847 incursu

349 874 517 936 belluarum
532 873 750 934 obtererentur.
808 867 844 929 ln
860 869 965 931 castris
980 889 1098 953 quoque
1113 871 1231 951 ingens,
1247 883 1281 932 et
1296 869 1395 950 major

350 979 446 1042 prope
461 979 552 1040 quam
574 959 606 1018 in
623 957 696 1034 acie,
712 956 808 1018 eaedes
824 967 871 1017 est
886 956 979 1017 edita.
995 976 1066 1018 nam
1088 967 1126 1032 et¹
1140 957 1308 1039 primorum
1323 957 1396 1038 fuga

351 1045 383 1106 in
405 1057 506 1108 castra
527 1045 658 1106 maxime
680 1043 851 1119 inclinarit3
882 1054 913 1104 et
935 1040 1024 1123 hujus
1046 1041 1157 1104 fiducia
1178 1043 1396 1122 multitudinis,

350 1133 402 1214 qui
439 1133 471 1192 in
500 1131 639 1213 praesidio
669 1139 765 1207 erant,
795 1129 977 1211 pertinacius
1014 1149 1070 1212 pro
1098 1129 1177 1190 uallo
1207 1144 1395 1212 pugnarunt.

349 1219 460 1281 retenti
486 1219 519 1279 in
540 1218 636 1301 portis
657 1216 806 1297 valloque,
822 1235 887 1295 quoe
909 1236 941 1276 se
961 1215 1068 1296 inpetu
1084 1216 1151 1298 ipso
1166 1233 1310 1297 capturos
1324 1237 1393 1279 cre·

350 1304 502 1381 diderant,
526 1303 670 1381 Romani,
699 1314 860 1385 postquam
890 1300 1015 1364 tandem
1044 1315 1253 1384 perruperunt,
1281 1304 1319 1364 ab
1344 1305 1392 1365 ira

349 1389 518 1472 graviorem
534 1391 694 1452 ediderunt
709 1389 832 1450 caedem.

397 1474 511 1538 XLlV.
541 1477 590 1540 Ad
616 1476 835 1557 quinquaginta
863 1475 957 1537 millia
982 1475 1120 1557 peditum
1150 1497 1227 1538 casa
1256 1487 1319 1539 eo¹²
1345 1477 1395 1538 die

289 1571 292 1576 '
350 1563 502 1641 dicuntur,
518 1563 652 1646 equitum
668 1562 748 1624 tria⁰
771 1560 884 1640 millia3
916 1561 998 1623 mille
1020 1573 1052 1624 ct
1069 1562 1283 1644 quadringenti
1299 1565 1396 1645 eapti,

349 1660 382 1710 et
408 1649 579 1731 quindecim
602 1668 671 1712 cum
693 1649 857 1710 rectoribus
880 1648 1045 1731 elephanti
1101 1648 1310 1711 Romanorum
1338 1651 1394 1711 ali·

350 1747 426 1816 quot
448 1736 594 1798 vulnerati
617 1746 707 1812 s1111t3
739 1734 915 1796 ceciderunt
936 1754 998 1796 non
1021 1735 1088 1817 plus
1111 1737 1239 1797 trecenti
1263 1736 1395 1819 pedites,

350 1832 479 1902 quatuor
495 1833 526 1882 et
539 1821 646 1902 viginti
665 1822 801 1903 equites3
829 1833 861 1883 et
883 1821 921 1884 de
936 1819 1079 1883 Eumenis
1105 1822 1240 1884 exercitu
1262 1823 1397 1904 quinque

350 1918 383 1969 et
403 1908 521 1990 viginti.
578 1906 619 1969 Et
646 1907 699 1969 illo
725 1908 846 1990 quidem
876 1908 926 1969 die
948 1908 1087 1986 victores,
1112 1909 1237 1990 direptis
1261 1909 1396 1972 hostium

350 1996 468 2071 castris,
491 2014 560 2055 cum
583 2015 695 2076 magna
719 1994 821 2076 praeda
844 1994 876 2056 in
897 2014 952 2056 sua
972 2005 1176 2070 reverterunt3
1203 2011 1330 2077 postero
1345 1997 1397 2057 die

351 2080 523 2162 spoliabant
537 2100 681 2142 caesorum
696 2101 834 2164 corpora,
849 2092 882 2142 et
896 2081 1033 2164 captivos
1049 2082 1282 2144 contrahebant.
1337 2080 1396 2144 le·

349 2168 451 2248 gati³²
468 2167 506 2228 ab
519 2165 668 2251 'lhyatira
687 2181 718 2230 et
741 2166 934 2250 ahlagnesia
953 2168 993 2230 ad
1014 2165 1151 2251 Sipylum
1173 2167 1220 2230 ad'
1236 2169 1394 2232 dedendas

349 2253 438 2314 urbes
463 2265 621 2315 venerum.
678 2249 857 2331 Antiochhs,
884 2275 952 2316 cum
981 2255 1085 2337 paucis
1110 2255 1241 2336 lugiens,
1268 2256 1300 2316 in
1327 2257 1395 2338 ipso

349 2339 459 2400 itinere
481 2340 615 2422 pluribus
641 2341 895 2422 congregantibus
922 2362 965 2419 se,
993 2341 1115 2402 modica
1140 2363 1232 2403 manu
1258 2355 1396 2404 armato·

349 2445 417 2486 rum
440 2426 544 2488 media
562 2427 657 2488 ferme
681 2439 771 2489 nocte
793 2425 904 2488 Sardes
923 2427 1207 2506 contemnende,
1230 2449 1323 2509 quum
1339 2449 1395 2489 au-

350 2510 455 2590 disset,
482 2509 641 2575 Seleucum
667 2505 763 2576 filiuni
793 2525 825 2576 et
854 2513 1001 2594 quosdam
1032 2515 1197 2579 amicorum
1224 2513 1399 2598 Apameam

349 2619 540 2680 praegressos,
556 2611 587 2661 et
601 2600 673 2682 ,ipse
695 2613 804 2682 quarta
823 2601 925 2682 vigilia
947 2621 1016 2662 cum
1036 2600 1166 2682 conjuge
1189 2621 1224 2662 ac
1239 2601 1302 2662 filia
1314 2601 1399 2684 petit

350 2680 532 2766 Apameam,
563 2685 679 2747 Zenoni
709 2686 822 2748 tradita
852 2686 992 2748 custodia
1017 2688 1110 2765 urbis,
1135 2685 1263 2749 Timone
1288 2685 1398 2771 Lydiae

350 2773 531 2854 praeposito:
562 2773 669 2852 quibus
692 2775 811 2856 spretis,
834 2793 980 2835 consensu
1008 2774 1225 2855 oppidanorum
1250 2787 1284 2836 et
1308 2775 1395 2836 mili·

350 2869 417 2919 tum
433 2859 483 2940 qui
504 2859 534 2918 in
551 2879 620 2920 arce
635 2870 732 2936 erant,
747 2858 840 2941 legati
856 2860 895 2921 ad
910 2859 1065 2922 consulem
1082 2861 1255 2922 missisunt.
1348 2896 1351 2902 ·

185 2951 326 3004 naute
394 2942 491 3006 XLV.
518 2942 581 3006 Sub
604 2945 683 3006 idem
705 2944 766 3006 fere
788 2957 906 3030 tempus
929 2958 961 3008 et
984 2947 1022 3008 ab
1036 2944 1201 3023 Trallibus,
1214 2959 1246 3008 et
1267 2945 1399 3029 aMag-

183 3034 210 3069 ⁸⁸
219 3020 314 3069 dedunt.
351 3033 446 3111 nesia,
473 3053 538 3114 quae
564 3052 653 3114 super
679 3029 869 3094 Maeandrum
893 3044 951 3111 est,
975 3043 1007 3094 et
1030 3035 1068 3094 ah
1095 3032 1217 3116 Epheso
1240 3033 1333 3114 legati
1356 3034 1397 3095 ad

352 3118 507 3181 dedendas
530 3119 620 3180 urbes
642 3129 795 3181 venerunt.
855 3117 1032 3201 Reliquerot
1052 3118 1208 3202 Ephesum
1233 3119 1396 3203 Polyxeni·

352 3206 538 3292 das,audita
553 3225 665 3286 pugna,
689 3216 732 3280 et,
755 3206 850 3266 classe
869 3227 963 3287 usque
978 3205 1018 3266 ad
1033 3189 1147 3268 Patara*
1156 3205 1256 3290 Lycia
1270 3225 1394 3287 pervec-

350 3304 411 3371 tus,
435 3304 517 3354 metu
542 3291 680 3375 stationis
706 3291 895 3354 Rhodiarum
921 3293 1053 3370 navium,
1079 3313 1145 3374 quoe
1171 3293 1211 3354 ad
1238 3289 1395 3374 Megisten
1465 3345 1473 3364 ,

349 3381 483 3457 ³ieram
503 3381 661 3440 interram
685 3399 831 3460 egressus,
847 3399 916 3442 cum
936 3379 1041 3462 paucis
1062 3379 1169 3442 itinere
1187 3379 1321 3461 pedestri
1336 3377 1395 3462 Sy-

350 3465 427 3527 riam
452 3466 550 3548 petiit.
608 3465 687 3526 Asiae
711 3465 848 3527 civitates
872 3467 903 3526 in
927 3465 1019 3527 fidem
1038 3466 1168 3527 consulis
1187 3466 1394 3547 ditionemque

348 3552 456 3634 populi
478 3549 610 3612 Romani
634 3571 700 3612 sese
723 3552 893 3614 tradebant.
952 3550 1095 3614 Sardibus
1112 3551 1178 3634 jam
1197 3552 1392 3614 consuleret.

350 3657 388 3698 eo
413 3649 444 3698 et
468 3635 501 3698 P.
517 3635 621 3720 Scipio
648 3638 686 3698 ab
710 3637 800 3716 Elaea,
827 3659 919 3720 quum
944 3639 1075 3722 primum
1097 3639 1161 3720 pati
1183 3639 1316 3701 laborem
1339 3639 1394 3700 ria

350 3725 463 3805 potuit,
478 3724 571 3785 venit.
628 3720 691 3786 Sub
711 3725 793 3787 idem
807 3725 868 3787 fere
890 3736 1009 3807 tempus
1031 3725 1214 3787 caduceator
1229 3727 1269 3787 ab
1282 3724 1395 3787 Antio·

349 3812 409 3872 cho
435 3831 488 3893 per
513 3809 546 3873 P.
570 3807 746 3893 Scipionem
773 3831 792 3871 a
816 3812 939 3874 consule
965 3812 1066 3894 petiit,
1092 3812 1336 3895 impetravitque,
1360 3823 1394 3873 ut

232 3908 239 3922 ‘
284 3909 291 3922 ·
349 3909 483 3961 oratores
499 3897 620 3960 mittere
635 3897 741 3961 liceret
762 3899 847 3979 regii.
904 3897 1020 3959 Paucos
1043 3909 1113 3980 post
1128 3899 1192 3959 dies
1206 3897 1329 3975 Zeuxis,
1344 3898 1395 3980 qui

284 4001 320 4052 ,·
349 3984 507 4066 praelectus
531 3982 633 4068 Lydiae
657 3984 766 4063 suerat,
790 3996 822 4046 et
842 3983 1005 4068 Antipater
1030 3984 1116 4045 fratis
1138 3985 1216 4046 filius
1238 3997 1396 4045 venerunt.

414 4092 630 4143 ”eoGronCrea
679 4093 871 4156 ⁰quotuorEsed.
919 4091 1118 4141 veneranter.
1166 4091 1332 4140 amatores.

379 4180 570 4246 ³¹*lntermirtir]
591 4183 704 4231 Libenter
720 4165 854 4232 adderemus
886 4184 930 4232 lira
944 4183 1040 4230 alluinrr
1051 4179 1118 4244 Lpeo.
1153 4179 1185 4229 Et
1196 4181 1327 4242 Stephaoua
1337 4181 1397 4230 lianc

348 4247 537 4310 praepositionem,
547 4251 574 4296 eb
584 4250 717 4296 intermittis.
887 4263 976 4311 quoque
988 4246 1085 4294 nominis
1096 4247 1192 4294 sormam
1205 4247 1292 4310 probat.

381 4311 448 4357 Ml
465 4311 584 4375 lisputiru]
608 4312 686 4378 Vulgo
704 4314 776 4378 hujus
794 4313 855 4361 urbis
917 4313 939 4348 ⁸³
952 4310 1035 4374 Erunt]
1061 4312 1137 4371 Vulgo
1155 4320 1211 4360 emt.
1250 4313 1296 4359 Sed
1315 4311 1401 4360 melius

348 4389 434 4424 nomen
447 4377 541 4426 effertur
554 4389 637 4426 neutro
652 4393 746 4439 genere,
756 4393 854 4426 numero
887 4376 976 4426 ridetur
988 4379 1081 4424 verbum
1098 4377 1178 4426 ruent
1189 4377 1217 4426 ad
1228 4393 1307 4427 aaran
1330 4377 1400 4428 etita

348 4440 465 4504 plurativo.
506 4443 552 4491 Sed
564 4443 754 4506 quemadmodum
765 4444 802 4492 hie
814 4444 854 4491 Li·
886 4442 959 4492 habet
969 4441 1029 4493 Viti.
1040 4444 1118 4493 codex.

348 4509 408 4566 vius,
420 4506 452 4554 tic
466 4516 490 4555 et
507 4507 662 4572 Plinianl.‚v.
675 4527 696 4559 e.
708 4511 747 4560 29.
779 4507 854 4573 Thya·
