3038 5200
382 411 437 469 18⁴
803 399 887 468 ΤΙΤῙ
906 397 1007 463 mvn

216 568 251 619 u.
261 569 294 622 c.
303 573 359 623 tta.
382 562 474 626 ‘rare
495 560 528 625 in
537 561 649 626 ¹animo
659 561 768 624 habet.
812 559 920 641 Neque
935 557 1017 621 eni-tn
1032 554 1064 618 in
1078 551 1235 620 AEolidcm
1251 553 1433 641 Ioniamque

214 633 286 688 ⁸⁶⁰·
299 637 353 688 ¹⁹³·
382 651 535 713 ‘colonia
558 651 590 711 iu
617 649 793 712 servitutem
819 647 934 729 regiam
957 644 1057 706 missa
1076 654 1165 706 sunt:
1188 644 1243 706 sed
1259 645 1364 728 stirpis
1380 666 1432 708 au·

381 737 514 819 ‘gendo
534 757 642 800 caussa
667 735 828 819 gentisque
851 730 1063 797 vetustissima
1085 751 1139 814 per
1161 732 1268 794 orbem
1282 741 1432 796 terrarum

382 821 631 908 ‘termule'
1374 880 1378 886 »
1422 824 1425 832 ’

423 908 506 973 LIX.
543 909 645 981 Quum
671 908 824 973 haesitaret
849 904 1058 990 Hegesianax,
1079 926 1137 970 nec
1163 905 1292 968 inficiari
1316 917 1431 990 posset,

380 998 613 1059 ⁸honestiorem
643 1015 781 1057 caussam
808 994 969 1074 libertatis,
1002 1013 1094 1076 quam
1120 993 1282 1072 servimtis,
1305 994 1431 1075 prsetexi

379 1084 471 1145 titulo
482 1105 492 1161 ;
516 1082 624 1154 ‘Quin
649 1083 797 1146 mittimus
825 1078 990 1163 ambages,'
1014 1080 1114 1162 inquit
1136 1078 1171 1143 P.
1191 1077 1358 1164 Sulpicius,
1382 1081 1429 1161 qui

378 1169 531 1231 maximus
554 1181 631 1232 natu
655 1170 816 1234 exdecem
832 1169 942 1251 legatis
957 1178 1033 1230 erat.
1078 1165 1241 1229 ‘Alteram
1257 1187 1298 1228 ex
1313 1167 1429 1228 duabus

379 1255 390 1288 ‘
403 1255 641 1333 conditionibus,
655 1259 668 1295 ⁴
682 1277 747 1337 quae
762 1255 855 1318 modo
871 1255 982 1317 diserte
997 1273 1016 1315 a
1030 1253 1177 1325 Quinctio
1192 1254 1271 1316 data
1286 1265 1374 1333 sunt,
1388 1253 1429 1315 le·

376 1340 389 1376 ‘
403 1342 487 1424 gite:
511 1351 564 1405 aut
578 1343 772 1424 supersedete
788 1342 826 1404 de
842 1341 977 1403 amicitia
991 1338 1104 1423 agere.'
1123 1338 1208 1402 ‘Nos
1221 1339 1316 1416 vero,'
1334 1341 1429 1422 inquit

376 1425 555 1512 Menippus,
577 1430 660 1491 ‘nec
677 1429 825 1508 volumus,
845 1449 903 1490 nec
930 1447 1088 1510 possumus
1112 1427 1226 1510 pacisci
1249 1427 1427 1508 quidquam,

376 1513 464 1595 ‘quo
489 1535 616 1597 regnum
639 1513 787 1578 Antiochi
813 1512 986 1577 minuatur!
1035 1512 1161 1575 Postero
1187 1513 1238 1575 die
1264 1513 1426 1584 Quinctius

376 1599 544 1682 legationes
559 1601 711 1664 universas
726 1600 849 1665 Graeciae
862 1601 1000 1682 Asiaque
1016 1620 1107 1682 quum
1128 1600 1160 1662 in
1175 1611 1318 1662 senatum
1333 1600 1427 1662 intro·

377 1686 524 1766 duxisset,
546 1699 581 1750 ut
605 1690 728 1769 scirent,
755 1689 837 1771 quali
862 1688 964 1750 animo
990 1687 1120 1771 populus
1144 1684 1314 1766 Romanus,
1346 1687 1423 1768 quali

334 1805 341 1826 κ
373 1770 546 1834 Antiochus
561 1794 634 1856 erga
648 1775 786 1840 civitates
801 1773 924 1836 Graeciae
939 1787 1061 1852 esseht3
1084 1773 1240 1856 postulata
1257 1787 1371 1852 eterra,
1393 1786 1422 1836 et

375 1858 455 1939 regis
480 1860 631 1943 exposuit.
682 1853 944 1924 ‘Renunciatent
973 1859 1146 1924 civitatibus
1175 1860 1248 1938 s'uis,
1278 1860 1421 1942 populum

372 1941 558 2024 Romanurn,
582 1965 641 2027 qua
661 1947 774 2009 virtute
797 1967 915 2029 quaque
930 1946 992 2010 fide
1006 1945 1178 2008 libertatem
1195 1966 1302 2007 eorum
1318 1967 1337 2006 a
1351 1943 1421 2007 Phi·

373 2029 384 2062 ‘
398 2030 483 2113 lippo
497 2031 703 2110 vindicaverit,
715 2033 823 2095 eadem
839 2033 878 2094 ab
892 2029 1057 2110 Antiocho,
1073 2032 1131 2092 nisi
1144 2032 1276 2094 decedat
1290 2031 1420 2116 Europa,

372 2115 640 2182 ‘vindicaturum’
683 2115 764 2180 Tum
780 2117 945 2201 Menippus
959 2117 1117 2201 deprecari
1135 2129 1168 2179 ct
1189 2116 1370 2187 Quinctium
1391 2130 1421 2182 et

373 2199 477 2265 Patres
492 2204 616 2284 institit,
632 2203 702 2267 ‘Ne
716 2205 895 2268 festinarent
909 2204 1081 2283 decernere,
1101 2223 1162 2286 quo
1178 2204 1303 2266 decreto
1317 2207 1419 2267 turba-

371 2286 455 2351 ‘turi
471 2291 575 2353 orbem
590 2301 737 2353 terrarum
753 2302 865 2354 essent.
906 2287 1041 2372 Tempus
1066 2300 1098 2352 et
1120 2289 1177 2352 sibi
1202 2300 1367 2370 sumerent,
1389 2303 1420 2353 et

370 2371 459 2458 ‘regi
474 2376 514 2438 ad
527 2377 725 2459 cogitandum
742 2378 860 2441 darent.
886 2377 1099 2459 cogitaturum,
1119 2395 1215 2457 quum
1238 2378 1419 2440 renunciate

371 2459 591 2524 ‘conditiones
617 2473 741 2524 essent:
780 2475 811 2525 et
838 2465 1069 2548 impetraturum
1096 2462 1220 2544 aliquid,
1254 2475 1309 2526 aut
1337 2465 1418 2546 pacis

202 2527 380 2645 Jffi't'bfflo‘
395 2566 502 2609 caussa
517 2547 780 2612 lconsenaurum?
825 2547 874 2611 lte
895 2549 1015 2632 integre
1034 2549 1129 2613 dilata
1151 2569 1198 2610 res
1223 2559 1281 2611 est.
1304 2550 1417 2632 legatos

202 2657 314 2711 strenue.
368 2632 450 2694 mitti
466 2633 505 2695 ad
519 2655 623 2716 regern
638 2634 773 2714 eosdem,
796 2635 848 2716 qui
872 2633 1071 2718 Lysimachia
1095 2635 1175 2718 apud
1197 2655 1266 2697 eum
1287 2635 1416 2716 fuerant,

369 2718 496 2800 placuit,
518 2718 552 2781 P.
568 2719 749 2804 Sulpicium,
773 2720 806 2785 P.
820 2718 958 2808 Villium,
981 2721 1015 2784 P.
1029 2719 1157 2786 AElium.

412 2802 479 2868 LX.
502 2803 637 2870 Vixdum
653 2808 674 2868 ii
690 2807 819 2888 profecti
835 2820 934 2888 erant,
958 2828 1050 2889 quum
1066 2830 1086 2870 a
1099 2807 1288 2892 Karthagine
1306 2809 1416 2891 legati,

199 2875 344 2995 ffl‘fflm
368 2890 481 2953 bellum
497 2893 578 2994 haud
596 2893 687 2992 dubie
710 2914 819 2977 parare
842 2894 1044 2995 Antiochum,
1066 2893 1414 2995 Hannibaleministro,

198 3007 324 3126 ἓὲξὲξὲἓ1
367 2978 1155 3152 tltl{ttttttf‘ffllhlttl‘thl,5:33¹AEss
1177 2981 1412 3153 ἓὲἓξὲἓξξξὲἓξι

364 3149 563 3231 Antiochum,
585 3153 664 3216 sicut
676 3165 748 3217 ante
775 3153 890 3215 dictum
913 3165 979 3216 est:
1005 3166 1039 3217 et
1062 3166 1129 3217 erat
1154 3157 1237 3238 apud
1259 3175 1364 3238 regem
1383 3157 1411 3217 in

364 3257 478 3319 magno
493 3239 619 3318 honore,
640 3240 725 3302 nulla
739 3239 799 3302 alia
813 3251 889 3318 arte,
912 3240 970 3301 nisi
986 3241 1069 3322 quod
1083 3242 1234 3304 volutanti
1261 3242 1315 3303 diu
1340 3261 1412 3304 con·

363 3323 431 3384 silis
446 3323 485 3386 de
500 3321 641 3388 Romano
656 3327 738 3389 bello
751 3347 843 3389 nemo
855 3327 955 3409 aptior
966 3347 1056 3410 super
1068 3327 1121 3391 tali
1137 3350 1170 3392 re
1185 3329 1340 3412 particeps
1350 3349 1411 3391 ser·

362 3410 462 3471 monis
478 3431 543 3472 esse
558 3422 689 3493 poterat.
733 3408 894 3475 Sententia
904 3411 970 3495 ejus
984 3433 1046 3477 una
1060 3426 1154 3496 atque
1169 3416 1279 3478 eadem
1295 3435 1410 3498 semper

194 3484 282 3599 §upaqs
292 3499 319 3538 ¹¹¹
362 3505 440 3573 crat,
455 3496 466 3528 ‘
481 3507 517 3557 ut
534 3497 566 3556 in
587 3495 676 3559 ltalia
693 3498 806 3560 bellum
828 3511 995 3582 gereretur.
1039 3498 1208 3564 ltaliam'et
1222 3513 1408 3564 commeatus

193 3554 347 3678 {2m'2ffl‘
362 3579 373 3613 ‘
388 3591 421 3640 et
435 3580 564 3642 militem
587 3583 780 3664 praebituram
802 3597 929 3648 externo
944 3586 1037 3649 hosti.
1084 3584 1116 3650 Si
1132 3587 1208 3651 nihil
1227 3588 1270 3651 ibi
1290 3609 1408 3651 mosea·

341 3655 447 3744 '‘tur,
463 3665 614 3749 liceatque
627 3670 741 3753 populo
757 3669 898 3734 Romano
911 3671 1024 3734 viribus
1038 3685 1071 3736 et
1085 3675 1181 3757 copiis
1207 3674 1304 3740 ltaliae
1325 3662 1409 3737 extra

359 3748 507 3818 ‘Italiam
528 3754 640 3818 bellum
659 3775 783 3839 gerere3
815 3777 913 3842 neque
928 3778 1042 3841 regem,
1058 3779 1156 3845 neque
1174 3773 1300 3844 gentem
1316 3762 1407 3824 ullam

388 3951 432 3988 ε·
450 3951 598 4004 umas„
615 3953 714 4019 auam]
735 3954 863 4006 nasso·
897 3973 964 4008 aus
974 3958 1079 4024 spreta
1090 3961 1302 4027 profestorum
1313 3962 1407 4014 iners-
1509 3929 1510 3956 ³

355 4031 405 4066 rem
428 4033 519 4068 cauum
541 4021 637 4084 praetexi
654 4019 722 4069 titulo
743 4020 864 4080 libertatis,
894 4025 932 4081 tis,
940 4039 1008 4088 quarn
1016 4025 1134 4087 exigenda
1145 4028 1268 4076 senitmis.

355 4099 423 4146 quam
441 4085 510 4133 titulo
528 4086 651 4138 sertitutis.
685 4085 735 4134 Vos
753 4088 864 4137 titulaest
923 4087 1007 4144 ⁴‘luc
1028 4091 1089 4140 undo
1107 4093 1185 4140 disens
1202 4111 1217 4139 a
1237 4092 1331 4146 Quintis
1348 4095 1404 4142 duta
1509 4139 1510 4148 ,

353 4147 529 4199 indandicasu.
563 4147 651 4197 Titulus
664 4149 704 4199 hie
715 4161 750 4200 est
761 4151 784 4198 id
801 4154 863 4216 quod
891 4152 955 4218 suast]
981 4153 1056 4203 Recte
1078 4155 1207 4206 Gronovius
1226 4159 1336 4206 attremat
1350 4160 1405 4206 date

351 4213 482 4274 praeissem.
522 4214 573 4262 Prae
594 4229 620 4263 se
640 4215 744 4263 ferebant
762 4217 863 4267 Romani
893 4227 953 4266 nort.
985 4217 1023 4267 Sic
1037 4217 1054 4268 l.
1067 4232 1152 4270 xxvrt.
1167 4223 1404 4272 sacamentum

352 4275 454 4324 animum
469 4295 495 4326 ac
513 4279 632 4328 consilium
646 4281 740 4329 tuendae
750 4279 863 4332 libertatis
892 4284 933 4331 sili
942 4281 1142 4333 ulmeonditiorras
1149 4285 1235 4351 fer-rs:
1251 4297 1278 4336 ct
1293 4287 1346 4336 sust
1362 4303 1404 4336 ate·

352 4341 489 4390 Graecamm
500 4343 562 4391 Asiae
573 4345 698 4392 civitatum.
715 4345 803 4395 Contra
814 4363 861 4412 prae
892 4347 952 4410 pius.
1010 4361 1012 4364 ·
1394 4369 1398 4378 ’

350 4419 376 4453 ss
386 4405 475 4453 ferebat
486 4407 616 4457 Antiochus
630 4409 732 4460 morum
743 4427 770 4460 ro
786 4415 861 4462 consi·
924 4411 1119 4478 lOorrserrsssum]
1140 4415 1217 4475 Magis
1232 4414 1335 4480 placeret
1352 4431 1405 4466 ras·

350 4468 860 4539 liumrspetendsmminservitutemreglarn
891 4491 1019 4526 mmm:
1047 4479 1108 4544 quod
1134 4479 1222 4534 habent
1244 4482 1292 4534 duo
1319 4481 1405 4550 m'pfis

349 4535 617 4591 earundemcivitatuut.
649 4539 719 4592 Porro
729 4541 860 4596 honestiore
891 4541 1037 4596 terteGroo.
