3068 5186
355 359 416 415 360
759 350 842 412 ΤῙΤΙ
861 349 962 410 Lrvrr

194 526 263 576 u.c
280 527 337 578 aaa.
359 509 458 572 forma
471 507 584 570 eximia
597 506 824 580 custodielntur
844 507 922 570 iuter
937 505 1037 589 plures
1064 507 1089 552 ⁸⁷
1100 507 1248 590 captivos,
1266 507 1316 568 cui
1332 527 1405 570 cras·

194 593 226 646 A·
237 590 267 641 0·
280 594 333 644 ¹⁸9·
349 593 451 658 'todia
466 596 602 657 centurio
626 605 763 676 praeerat,
779 604 810 655 et
824 593 957 656 libidinis
981 604 1013 654 ct
1028 593 1157 657 avaritiae
1175 594 1328 656 militaris.
1373 592 1406 657 la

359 683 460 766 primo
486 675 550 760 ejus
575 681 708 745 animum
731 681 870 742 tentavit.
900 700 989 760 quem
1019 696 1111 760 quum
1141 681 1358 742 abhorrentem
1383 701 1406 742 a

248 819 251 828 ,
359 767 530 830 voluntario
549 768 670 829 uideret
698 766 968 852 stupro,1corpori,
994 767 1020 802 ⁸⁸
1031 765 1114 845 quod
1137 787 1256 848 servum
1284 766 1407 829 fortuna

286 871 288 876 ·
361 867 438 932 erat,
451 854 513 914 vim
539 852 623 917 fecit.
664 851 795 929 Deinde,
820 852 859 915 ad
885 851 1056 914 leniendam
1079 851 1296 932 indignitatem
1323 851 1404 934 iuju-

362 940 423 1019 riae,
437 941 462 980 ⁸⁰
475 959 560 1022 spem
575 939 688 1001 reditus
700 939 741 1000 ad
755 959 825 1000 suos
837 938 954 1000 mulieri
970 937 1044 999 facit
1052 960 1063 1016 ς
1085 949 1117 998 et
1127 959 1165 1000 ne
1179 958 1249 1000 eam
1266 939 1402 1020 quidem,

361 1037 397 1087 ut
412 1045 527 1104 amans,
542 1027 718 1107 gratuitam.
746 1037 831 1087 certo
855 1024 919 1086 auri
943 1024 1078 1106 pondere
1099 1037 1217 1106 pactus,
1244 1046 1284 1086 ue
1310 1045 1402 1106 quem

362 1111 517 1173 corronium
543 1133 665 1175 suorum
691 1112 826 1190 haberet,
852 1111 908 1193 ipsi
935 1110 1095 1192 permittit,
1118 1121 1162 1188 ut,
1184 1131 1276 1192 quem
1298 1112 1403 1188 vellet,

361 1219 456 1260 uuum
470 1219 510 1260 ex
535 1198 662 1280 captivis
676 1199 820 1260 nuncium
835 1197 875 1259 ad
895 1217 963 1258 suos
978 1197 1126 1259 mitteret.
1167 1194 1286 1258 Locum
1304 1219 1400 1281 propo

361 1283 473 1346 flumen
499 1285 676 1361 constituit;
707 1287 734 1324 ⁹⁰
744 1305 804 1365 quo
828 1283 900 1360 duo,
926 1303 966 1344 ne
986 1283 1064 1365 plus,
1089 1284 1252 1344 necessarii
1274 1286 1400 1366 captiva)

362 1391 433 1433 cum
459 1391 531 1432 auro
544 1371 683 1432 venirent
707 1383 798 1432 nocte
824 1369 994 1452 insequenti
1021 1369 1150 1430 adeam
1177 1371 1400 1452 accipiendam.

361 1455 453 1520 Forte
468 1457 560 1539 ipsius
586 1457 717 1519 mulieris
732 1477 832 1518 servus
855 1457 933 1518 inter
948 1457 1082 1538 captivos
1102 1455 1237 1536 ejusdem
1254 1457 1400 1519 custodiar

362 1555 437 1604 erat.
453 1543 533 1604 hunc
557 1543 699 1604 nuncium
714 1542 819 1626 primis
842 1543 973 1605 tenebris
988 1553 1074 1604 extra
1088 1543 1237 1604 stationes
1261 1543 1401 1605 centurio

269 1649 271 1658 ’
361 1628 475 1690 educit.
518 1627 618 1691 Nocte
633 1630 801 1710 insequenti
817 1641 849 1691 et
864 1629 923 1690 duo
943 1628 1105 1692 necessarii
1121 1628 1253 1692 mulieris
1269 1631 1311 1692 ad
1326 1651 1400 1692 con·

361 1715 503 1777 stitutum
518 1716 630 1795 locum,
644 1726 677 1778 et
691 1717 826 1778 centurio
841 1736 910 1777 cum
925 1716 1047 1797 captiva
1060 1717 1152 1776 venit.
1168 1716 1219 1776 ubi
1235 1737 1330 1796 quum
1346 1737 1400 1778 au·

362 1822 428 1862 rum
452 1802 658 1878 ostenderent,
687 1802 772 1883 quod
796 1822 944 1863 summam
961 1801 1068 1864 talenti
1090 1801 1186 1862 Attici
1202 1800 1296 1880 (tanti
1319 1803 1400 1865 enim

360 1881 531 1969 pepigerat)
549 1887 703 1974 expleret3
726 1888 832 1949 mulier
847 1887 950 1968 lingua
964 1907 1028 1964 sua,
1051 1887 1062 1919 ‘
1075 1888 1260 1968 stringerent
1275 1889 1399 1968 sermm,

361 1973 419 2034 ‘et
442 1974 649 2035 centurionem
676 1986 854 2057 pensantem
876 1995 981 2035 aurum
1006 1971 1202 2052 occiderent:
1228 1975 1398 2057 imperavit.

360 2057 496 2140 Jugulati
505 2060 662 2140 praecisum
673 2072 766 2143 caput
778 2060 844 2142 ipsa
854 2060 1021 2121 involutum
1034 2071 1116 2121 vaste
1131 2059 1241 2139 ferens,
1252 2062 1292 2122 ad
1303 2062 1397 2124 tirum

361 2143 583 2226 Ortiagontem,
610 2147 661 2227 qui
689 2148 728 2207 ab
749 2145 882 2231 Olympo
908 2145 1032 2208 domum
1056 2145 1218 2227 refugerat,
1249 2149 1395 2230 parvenit.

361 2251 451 2312 quem
467 2232 640 2314 priusquam
656 2232 916 2314 complecteretur,
932 2244 1025 2314 caput
1046 2233 1232 2294 centurionis
1249 2245 1322 2295 ante
1342 2255 1398 2317 pe·

360 2317 414 2379 des
437 2315 502 2398 ejus
528 2316 660 2398 abjecit:
693 2319 875 2400 mirantique
901 2317 1057 2400 cujusnam
1081 2317 1113 2380 id
1139 2330 1232 2401 caput
1254 2319 1397 2398 hominis,

360 2414 415 2466 aut
429 2404 511 2485 quod
538 2404 570 2464 id
594 2403 713 2466 facinus
736 2404 970 2485 haudquaquam
986 2405 1131 2466 muliebre
1154 2415 1245 2483 esset,
1272 2417 1303 2467 et
1318 2405 1399 2488 inju-

359 2489 436 2551 riam
464 2490 607 2571 corporis,
633 2502 667 2568 et
680 2489 827 2552 ultionem
846 2491 965 2552 violata
988 2511 1042 2573 per
1066 2491 1127 2550 vim
1152 2491 1306 2574 pudicitiae
1322 2513 1400 2554 con·

360 2576 440 2638 fessa
463 2577 608 2638 viroestr
641 2576 759 2656 aliaque
785 2576 832 2654 (ut
855 2577 993 2657 traditur)
1018 2577 1179 2639 sanctitate
1202 2590 1233 2639 et
1245 2581 1399 2660 gravitate

359 2663 428 2726 vita
442 2659 532 2746 hujus
556 2663 733 2726 matronalis
749 2663 891 2726 facinoris
914 2663 1005 2726 decus
1020 2665 1060 2726 ad
1074 2662 1211 2726 ultimum
1232 2685 1399 2727 conserva-

357 2750 412 2814 vit.

190 2849 345 2915 reamgum
390 2838 505 2906 XXV.
527 2842 577 2905 Ad
595 2840 748 2924 Ancyram
772 2839 802 2902 in
831 2839 941 2901 stativa
962 2833 1168 2923 Tectosagum
1191 2849 1323 2901 oratores
1350 2841 1396 2902 ad

191 2913 268 2980 ¹⁸⁹5·
360 2928 517 2992 consulem
538 2938 694 3005 venerunt,
709 2937 859 3009 petentes,
882 2945 921 2987 ne
935 2937 1006 2987 ante
1020 2927 1060 2988 ab
1074 2925 1195 3011 Ancyra
1215 2939 1314 2987 castra
1328 2947 1400 2988 mo·

360 3027 454 3091 veret,
483 3028 575 3097 quam
604 3013 782 3076 conlocutus
818 3031 886 3074 cum
923 3012 985 3072 suia
1021 3013 1143 3093 regibus
1172 3023 1260 3075 esset.
1296 3013 1399 3074 nullas

361 3101 551 3164 conditiones
578 3100 662 3183 pacis
685 3099 722 3160 iis
745 3119 807 3159 non
827 3098 910 3159 bello
929 3096 994 3159 sore
1020 3099 1165 3180 potiores.
1207 3097 1344 3180 Tempus
1367 3101 1401 3161 in

359 3201 513 3270 posterum
538 3187 619 3249 diem
645 3184 849 3261 constituitur,
875 3184 1018 3265 locusque
1043 3186 1100 3267 qui
1121 3185 1253 3248 maxime
1280 3185 1401 3247 medius

360 3273 440 3336 inter
463 3285 565 3336 castra
588 3271 743 3335 Gallorum
769 3282 802 3332 et
825 3272 980 3354 Ancyram
1003 3281 1051 3333 est
1076 3272 1165 3334 visus.
1209 3271 1280 3342 Quo
1305 3291 1399 3354 quum

361 3360 465 3423 consul
493 3361 533 3422 ad
548 3371 667 3441 tempus
683 3377 753 3419 cum
775 3356 914 3440 praesidio
934 3357 1168 3438 quingentorum
1182 3359 1333 3439 equitum
1348 3377 1402 3420 ve-

359 3446 465 3524 nisset,
481 3467 537 3508 nec
552 3445 615 3507 ullo
630 3442 785 3506 Gallorum
801 3443 843 3503 ibi
868 3443 944 3521 viso,
959 3463 1109 3525 regressus
1134 3445 1166 3505 in
1187 3456 1289 3508 castra
1309 3459 1401 3522 esset,

359 3543 495 3593 oratores
510 3531 601 3592 iidem
627 3530 763 3607 redeunt,
779 3541 967 3606 excusantes,
991 3531 1137 3611 religione
1160 3529 1284 3612 objecta
1297 3531 1400 3592 venire
1476 3529 1479 3543 “

358 3637 444 3701 reges
458 3638 520 3679 uon
535 3637 635 3699 posse.
658 3615 811 3699 principes
825 3615 935 3695 gentis,
959 3636 1013 3699 per
1027 3637 1102 3698 quos
1126 3636 1211 3699 uque
1226 3637 1273 3678 res
1297 3627 1397 3679 trans·

355 3833 386 3867 aa
405 3815 538 3872 chionen,
551 3825 612 3863 terte
632 3812 694 3863 Plur.
714 3811 738 3861 in
758 3813 817 3862 libro
831 3815 861 3863 de
893 3816 979 3862 ruitura
1012 3814 1077 3863 Certo
1096 3814 1159 3878 eurr]
1189 3815 1228 3864 Sic
1248 3815 1406 3875 dininximm,

352 3883 418 3933 vm.
429 3880 564 3932 Mulierum.
892 3892 920 3928 ut
935 3895 977 3927 vor
994 3881 1118 3942 grauatum
1135 3894 1228 3943 regatur
1242 3898 1256 3929 ι
1272 3884 1345 3930 verbo
1353 3885 1403 3946 se.

388 3949 410 3986 ⁸7
439 3945 559 4058 CoptlocrL
579 3943 654 4004 Vulgo
677 3942 732 3992 editi
759 3945 860 4005 onptiooa
891 3946 929 3992 cit.
964 3943 1087 4002 Utrumne,
1105 3945 1262 4009 idear„quod
1279 3959 1402 3996 consenta-
1480 3943 1483 3952 ’

354 4013 432 4062 Nolria
442 4009 507 4060 Vici.
526 4009 543 4057 li
560 4011 579 4057 ri
596 4011 705 4072 scriptura
722 4009 798 4072 potior
815 4009 860 4057 vira
891 4023 961 4056 neum
973 4020 1022 4057 erat
1030 4011 1106 4058 facere
1116 4023 1240 4060 amantem.

354 4090 399 4128 ert.
431 4076 461 4125 Et
477 4077 540 4126 favet
558 4075 621 4124 Plut.
638 4073 662 4121 in
679 4073 737 4122 libro
753 4075 782 4124 de
799 4073 860 4124 virt.
923 4074 946 4110 ⁹⁰
970 4073 1019 4127 Quo
1036 4077 1087 4131 darc,
1103 4091 1131 4123 ne
1143 4073 1206 4138 plur]
1229 4076 1286 4126 Hoc
1303 4076 1401 4137 elegan-

354 4141 486 4192 mulirrum.
815 4199 816 4202 Ἴ
892 4138 938 4186 tius
959 4141 1035 4187 ritum
1057 4152 1102 4199 err,
1122 4141 1193 4204 (quod
1215 4153 1240 4190 et
1258 4158 1288 4192 ex
1310 4142 1403 4190 duobus

388 4207 412 4242 ⁸⁸
428 4205 492 4258 Quod
500 4202 684 4268 remansurum
700 4201 760 4266 crat]
778 4201 862 4262 Nobis,
892 4202 964 4252 Mas,
986 4203 1051 4252 affert
1066 4205 1116 4254 lac.
1134 4207 1272 4266 Gronovirn,
1289 4219 1314 4255 et
1336 4209 1405 4256 end-

355 4283 383 4321 ot
394 4271 554 4328 etGronovio,
567 4267 860 4333 magirplaceret,sorlana
892 4269 983 4330 quiores
1001 4269 1057 4317 editi
1072 4269 1185 4335 retinent)
1201 4287 1268 4334 quam
1285 4271 1406 4336 quomodo

347 4338 445 4402 smmi.
891 4347 952 4382 nunc
963 4333 986 4380 in
998 4333 1096 4398 vulgatis
1113 4334 1205 4395 legitur,
1220 4351 1261 4386 aec
1271 4337 1333 4400 plur.
1349 4337 1404 4387 liub

388 4403 411 4439 Φ
427 4399 489 4462 Spem
505 4399 589 4448 dtur
605 4399 635 4447 acl
651 4413 698 4446 nau
713 4399 803 4450 malari
817 4399 860 4462 fa·
891 4410 955 4450 mant
966 4397 1065 4450 Hearuii
1076 4399 1173 4450 codices.
1238 4409 1240 4416 ’

355 4471 403 4527 cit‚·
426 4465 858 4532 numquamnumquam·
892 4479 895 4486 ¹
