3026 5164
376 401 453 476 urb.
475 417 619 479 xxxta
641 419 723 478 cnr.
744 419 885 480 xxxrr.
1074 425 1150 504 ,rar

62 586 71 595 “
114 573 179 636 ‘de
203 575 274 658 ipsis
290 575 431 638 meritam
458 577 668 659 suscepissent,
684 575 819 658 adeoque
835 575 945 637 infesta
956 561 1093 637 oratione
1108 577 1153 638 usi
1168 585 1200 638 U.
1213 595 1242 644 c.
1253 563 1308 645 aas.

113 655 250 740 ‘essent
273 673 308 725 ut
328 663 425 745 patria
442 663 536 744 pulsi,
564 683 624 724 non
650 663 780 727 restituti
803 663 835 724 in
860 684 939 741 eam,
963 663 1153 728 videremur:
1168 647 1306 708 mm·

117 745 242 810 Clamor
257 749 389 832 undique
415 765 510 828 ortus,
526 751 649 811 referret
673 751 852 812 nominatim
878 751 916 811 dc
937 749 982 811 iis.
998 761 1039 828 et,
1063 751 1155 832 quum

117 837 222 898 omnia
243 837 298 916 ira,
322 857 383 897 non
409 837 546 914 consilio,
571 848 757 916 gererentur,
783 837 889 920 capitis
915 833 1050 897 damnati
1076 849 1156 900 sunt.

117 914 233 983 Paucos
264 933 334 1006 post
357 921 420 984 die's
447 919 577 984 Romani
602 923 694 1004 legati
720 934 872 985 venerunt.
903 923 949 984 his
981 921 1095 985 Clitore
1125 924 1156 988 in

117 1008 250 1071 Arcadia
266 1007 371 1072 datum
388 1021 433 1071 est
449 1009 622 1071 concilium.
1119 1056 1124 1078 ,

161 1090 308 1158 XXXVI.
339 1095 516 1178 Priusquam
548 1109 672 1180 agerent
701 1095 878 1178 quidquam,
908 1106 1005 1157 terror
1037 1093 1157 1158 Achaeis
1235 1119 1242 1136 ·

118 1181 248 1262 injectus
263 1193 328 1245 erat
342 1193 375 1244 et
390 1184 547 1264 cogitatio,
570 1203 660 1267 quam
677 1205 738 1244 non
754 1205 792 1244 ex
807 1197 890 1264 aequo
907 1181 1088 1265 disceptatio
1111 1179 1157 1244 fn-

117 1281 187 1332 tura
202 1283 298 1347 esset3
324 1266 405 1352 quod
420 1270 533 1330 Arcum
549 1281 580 1331 et
594 1268 796 1348 Alcibiadem,
811 1270 920 1350 capitis
936 1271 1021 1329 absc
1038 1269 1067 1329 in
1084 1291 1158 1331 con·

116 1357 189 1420 cilio
206 1348 343 1440 prbximo
370 1357 541 1436 damnatos,
557 1367 624 1418 cum
649 1357 757 1437 legatis
779 1357 933 1432 videbant,
957 1375 1014 1416 nec
1041 1352 1158 1418 hiscere

117 1447 276 1527 quisquam
300 1443 440 1506 audebat.
499 1443 547 1526 Ap
571 1445 616 1504 ius
638 1460 685 1519 ea,
709 1463 773 1522 quae
796 1441 876 1524 apud
900 1453 1038 1502 senatum
1060 1443 1159 1525 questi

117 1547 206 1595 eraut
227 1519 460 1608 Lacedaemonii,
478 1463 636 1612 displicere
660 1529 776 1590 senatui
797 1527 951 1588 ostendit:
987 1527 1158 1588 ‘³¹credem
1173 1539 1288 1588 Romnum

116 1621 127 1652 ‘
144 1621 274 1704 primum
290 1619 328 1681 ad
344 1618 519 1679 conflictum¹
536 1616 648 1677 factam
660 1613 776 1691 eorum,
788 1615 836 1696 qui
854 1611 1109 1696 aPhilopoemcne
1120 1615 1159 1674 ad
1172 1607 1259 1666 tegetur
1269 1607 1305 1653 ³¹¹·

118 1707 129 1740 ‘
146 1728 283 1771 caussam
299 1703 459 1767 dicendam
469 1704 583 1764 evocati
595 1701 762 1766 venissent:
780 1699 901 1772 deinde,
912 1718 1002 1781 quum
1014 1699 1044 1760 in
1059 1699 1158 1762 h'omi-
1173 1672 1293 1784 {1222ss

116 1795 128 1828 ‘
146 1815 199 1856 nes
214 1795 259 1856 ita
272 1794 405 1868 saevitum
421 1799 511 1867 esset,
527 1811 565 1850 ne
581 1789 610 1850 in
627 1789 688 1850 ulla
699 1799 784 1872 parte
800 1785 962 1848 crudelitas
978 1807 1081 1847 eorum
1093 1797 1158 1847 ces·

117 1881 233 1958 ‘sarct,
248 1901 349 1942 muros
376 1879 490 1940 dirutos
506 1874 587 1937 urbis
611 1875 803 1936 nobilissima
829 1893 903 1949 esse,
920 1871 1002 1954 leges
1017 1875 1158 1934 vetustis-

118 1969 129 2001 ‘
148 1968 239 2030 simas
254 1967 424 2049 abrogatas,
434 1942 570 2024 inclitam
592 1983 629 2023 ue
642 1980 694 2044 per
705 1970 812 2044 gentes
823 1955 954 2042 Lycurgi
967 1959 1158 2044 disciplinam

118 2051 316 2118 ‘sublatam'
348 2051 423 2116 Haec
449 2070 541 2134 quum
566 1983 683 2132 lippius
707 2047 842 2124 dixisset,
865 2043 1021 2128 Lycortas,
1045 2055 1075 2106 et
1090 2047 1161 2128 quia

117 2143 242 2227 praetoi,
258 2151 290 2206 et
313 2142 384 2223 quia
399 2129 643 2219 Philopoemenis,
666 2134 795 2196 auctoris
817 2134 962 2209 omnium,
986 2150 1051 2212 quae
1065 2129 1160 2194 Lace·
1238 2181 1241 2190 .

119 2231 258 2296 daemone
268 2229 477 2303 actafuerant,
493 2223 632 2284 factionis
644 2233 719 2299 erat,
732 2221 775 2281 ita
784 2218 954 2301 respondit:
978 2219 987 2250 ‘
1003 2211 1162 2279 Difficilior
1175 2231 1306 2296 Respondet

119 2321 132 2354 ‘
149 2318 245 2395 nobis,
260 2315 319 2399 Ap.
336 2313 455 2390 Claudi,
478 2309 559 2393 apud
573 2331 625 2372 vos
641 2309 739 2370 oratio
755 2317 811 2385 est,
832 2325 922 2387 quam
939 2303 1043 2366 Romae
1065 2326 1161 2388 nuper
1174 2297 1285 2410 hylem

117 2405 130 2438 ‘
147 2403 229 2486 apud
244 2415 384 2464 senatum
406 2399 471 2462 fuit.
485 2397 573 2459 Tunc
596 2397 677 2457 enim
692 2373 928 2455 Lacedaemoniis
950 2393 1160 2454 accusantibus
1174 2381 1212 2479 pff·
1227 2379 1313 2411 aarum

120 2491 133 2525 ⁶
149 2483 392 2574 respondendum
407 2497 487 2549 erat:
511 2506 589 2545 nnnc
602 2504 620 2543 a
631 2481 715 2543 vobis
727 2481 799 2562 ipsis
812 2479 944 2540 accusati
954 2497 1066 2555 sumus,
1080 2479 1161 2561 apud

121 2579 134 2613 ⁶
149 2599 225 2660 quos
240 2598 346 2640 caussa
361 2573 490 2638 dicenda
504 2583 560 2634 est.
573 2591 662 2650 quam
680 2567 870 2648 iniquitatem
883 2565 1066 2625 conditionis
1079 2565 1160 2629 subi·
1235 2590 1240 2602 ·

121 2665 216 2726 ‘mus
239 2665 291 2726 illa
306 2685 369 2746 spe,
387 2660 498 2746 judicis
515 2659 616 2719 animo
630 2669 662 2716 te
686 2653 860 2715 auditurum
875 2671 950 2729 esse,
973 2653 1073 2732 posita
1088 2671 1162 2712 con-

120 2754 133 2787 ‘
150 2751 299 2829 tentione,
315 2771 375 2833 qua
390 2747 491 2832 paullb
507 2753 577 2806 ante
597 2742 695 2824 egisti.
739 2737 807 2821 Ego
821 2749 914 2814 certe,
930 2757 1022 2818 quum
1038 2757 1084 2814 ea,
1099 2756 1164 2820 quae

120 2839 134 2873 ‘
151 2839 248 2901 ethic
265 2847 354 2900 antea
369 2835 449 2920 apud
464 2832 502 2904 Q.
519 2829 684 2904 Caecilium,
700 2839 731 2890 et
745 2835 852 2909 postea
863 2823 967 2886 Rornae
983 2823 1079 2904 questi
1094 2835 1165 2886 sunt

124 2923 381 3002 ‘Lacedaemonii,
397 2933 461 2983 ate
477 2917 577 3002 paullo
590 2928 660 2977 ante
675 2913 770 2975 relata
786 2913 857 2988 sint,
867 2929 929 2971 non
944 2911 1011 2987 tibi,
1027 2910 1080 2970 sed
1094 2911 1164 2986 illis,

124 3017 200 3076 ‘me
217 3011 297 3095 apud
320 3022 351 3074 te
370 3005 551 3092 respondere
573 3002 705 3063 credam.
750 2997 870 3058 Caedem
894 2995 1025 3076 objicitis
1049 3015 1164 3072 eorum,

125 3103 136 3135 ‘
151 3101 202 3184 qui
218 3122 238 3162 a
253 3097 479 3185 Philopoemene
501 3081 627 3173 praetore
654 3085 770 3148 evocati
786 3083 825 3144 ad
841 3101 977 3143 caussam
1002 3081 1163 3143 dicendam

105 3185 134 3222 ἰ
152 3182 302 3248 interfecti
317 3195 395 3246 sunt.
417 3178 486 3242 Hoc
503 3199 561 3259 ego
571 3175 684 3236 crimen
700 3191 762 3232 non
774 3168 867 3230 modo
880 3189 898 3228 a
910 3167 1006 3245 vobis,
1022 3165 1165 3243 Romani,

126 3273 207 3334 ‘sed
223 3275 261 3333 ne
284 3270 365 3354 apud
379 3289 432 3331 vos
448 3264 571 3348 quidem
593 3260 680 3322 nobis
696 3255 899 3339 objiciendum
921 3255 1011 3314 fuisse
1028 3253 1165 3316 arbitror.

126 3359 233 3432 ‘Quid
250 3357 313 3420 ita?
338 3357 409 3438 quia
430 3354 461 3415 in
476 3361 574 3413 vestro
589 3345 702 3409 foedere
725 3355 799 3419 erat,
814 3352 848 3402 ut
863 3341 1021 3402 maritimis
1044 3339 1166 3400 urbibus

126 3449 137 3482 ‘
153 3433 339 3508 abstinerent
354 3436 585 3504 Lacedaemonii.
612 3433 681 3503 Quo
696 3438 833 3512 tempore
849 3428 939 3502 armis
955 3425 1052 3510 captis
1067 3427 1166 3503 urbes,

127 3535 138 3568 ‘
154 3532 292 3614 aquibus
302 3530 451 3594 abstinere
462 3524 537 3608 jussi
547 3530 643 3598 erant,
654 3527 804 3581 nocturno
816 3515 920 3597 inpetu
933 3523 1166 3598 occupauerunt,

126 3621 138 3655 ‘
154 3620 179 3680 si
193 3615 232 3680 T.
247 3617 418 3693 Quinctius,
435 3614 459 3674 si
475 3609 623 3674 exercitus
638 3603 806 3680 Romanus,
818 3601 895 3662 sicut
913 3609 1013 3677 antea,
1030 3601 1061 3660 in
1078 3597 1166 3660 Pelo·

127 3711 138 3742 ‘
154 3707 290 3789 ponncso
305 3703 421 3779 fuisset,
443 3721 479 3762 eo
494 3697 635 3758 nimirum
651 3691 732 3774 capti
749 3703 780 3750 et
802 3689 934 3772 obpressi
950 3685 1167 3767 confugissent.

128 3793 139 3829 ‘
155 3792 257 3864 Quum
269 3813 320 3852 vos
336 3785 439 3872 procul
454 3783 569 3861 essetis,
580 3800 639 3863 quo
655 3779 725 3856 alic,
737 3775 794 3838 nisl
811 3773 849 3835 ad
860 3793 916 3834 nos
931 3775 1029 3834 socios
1040 3783 1166 3849 vestros,

127 3881 139 3916 ‘
153 3899 229 3962 quos
241 3889 332 3940 antea
340 3875 453 3959 Gythio
464 3891 555 3953 opem
568 3869 709 3943 ferentes,
722 3884 797 3945 quos
807 3859 1055 3924 Lacedaemonem
1066 3858 1167 3920 vobis·

125 3970 224 4028 ‘cum
250 3964 341 4026 simili
366 3963 404 4023 dc
417 3977 523 4022 caussa
546 3957 756 4038 obpugnantes
770 3949 920 4023 viderant,
945 3944 1165 4034 confugerent?

126 4055 138 4089 ‘
156 4049 214 4114 Pro
229 4051 313 4114 robis
328 4050 418 4130 igitur
429 4045 546 4129 justum
562 4043 704 4124 piumque
720 4036 831 4099 bellum
846 4032 1040 4115 suscepimus.
1078 4031 1168 4102 Quod

124 4145 137 4178 ‘
153 4161 246 4224 quam
256 4138 306 4200 alii
315 4135 448 4212 laudent,
458 4127 676 4214 reprehendere
686 4147 725 4188 ne
735 4119 954 4186 lacedemonii
965 4118 1086 4200 quidem
1098 4139 1168 4201 pos-

159 4315 183 4351 ³²
200 4313 283 4362 &aaa
297 4313 393 4374 primum
403 4309 432 4355 ad
445 4303 571 4370 conflictum
577 4299 634 4365 fac·
665 4297 693 4347 ad
705 4311 772 4360 quem
786 4295 859 4344 credes
870 4289 1170 4367 tussoerastt3t1uietoeo

128 4391 174 4432 tam
182 4379 267 4442 samm]
279 4377 355 4428 Locus
363 4385 488 4436 corruptus.
506 4368 635 4416 Gronovius
667 4363 801 4422 Compasium
819 4359 888 4407 fuisse
909 4371 992 4405 nonen
1014 4356 1120 4404 dracmas
1141 4371 1171 4403 ex

127 4448 265 4510 suspicatur,
276 4445 352 4491 eodan
368 4442 463 4504 primnm
479 4445 555 4484 contro
565 4431 634 4499 fidem
668 4427 772 4492 Polybio,
781 4425 836 4484 teg.
847 4425 886 4474 37.
896 4423 1033 4501 ‘Legendum
1043 4430 1170 4498 ergoputrr-

127 4513 203 4562 aarum
214 4527 293 4558 aarum.
327 4506 400 4556 Nobis
414 4501 556 4550 verisimilius
573 4497 634 4544 ride·
667 4507 717 4541 mus
734 4492 783 4540 siue
795 4491 841 4540 ulle
851 4490 1003 4536 dubrtauona:
1031 4488 1107 4535 cadem
1120 4501 1170 4548 pn-

88 4579 101 4596 *
129 4562 637 4635 tur'iarocscmflictumlatcrenoineulaci
667 4559 765 4608 mamad
782 4552 1008 4636 Conposiamswtcm
1018 4567 1117 4612 somn
