3100 5194
462 328 541 394 tm.
554 287 686 394 xxm.
706 331 790 396 cer.
803 329 873 394 xx.
1147 337 1185 392 cc

5 493 7 528 ὲ
126 487 287 564 gemitu,
316 484 467 568 recepturi
504 487 654 552 moenibus
683 487 864 553 videbantur
894 495 948 550 aut
978 482 1098 566 ducem,
1126 495 1334 557 ammones.

5 589 6 644 j
126 572 305 635 exercitum
320 571 505 638 Romanum.
596 621 600 632 .
995 635 998 643 ,
1191 564 1264 615 M·
1278 569 1334 618 ¹⁹⁸·

175 656 268 720 xlx.
289 656 423 722 Elatiam
443 662 596 728 obsidenti
611 663 728 728 consuli
749 665 792 726 rei
812 659 936 744 majoris
951 684 1020 748 spes
1042 660 1177 740 adfulsit,
1191 661 1321 712 uueren-

125 741 313 808 Acbecorurn
323 757 448 828 gentem
463 749 503 810 ab
518 750 666 814 societate
681 751 766 832 regia
778 749 999 814 adRomanam
1010 748 1175 812 amicitiam
1188 743 1258 779 '⁶⁸⁸⁸‘

127 831 298 894 avertendi.
358 830 546 918 Cycliadan,
568 836 741 920 principem
767 835 909 899 factionis
928 837 974 898 'ad
1001 835 1175 917 Philippum

125 917 316 1014 tabentium
331 939 391 998 res,
406 919 595 1004 expulerant.
629 922 806 1001 Ariatoenus,
821 923 873 1004 qui
888 921 1035 986 Romanis
1048 932 1174 1003 gentem

121 1003 217 1085 jungi
230 1005 364 1084 volebat,
388 1018 499 1089 pretor
512 1019 588 1072 erat.
634 1007 748 1072 Classis
762 1008 907 1072 Romana
927 1030 996 1072 cum
1011 1007 1120 1072 Attalo
1142 1019 1175 1070 et

125 1085 259 1152 Rhodiis
272 1089 440 1156 Cenchreis
455 1095 568 1173 stabat,
590 1096 797 1179 parabantque
811 1097 967 1158 communi
979 1115 1084 1159 omnes
1098 1114 1174 1158 con·

124 1174 198 1238 ailio
213 1175 398 1268 Corinthum
416 1182 605 1264 obpugnare.
623 1233 626 1238 .
648 1180 808 1265 Optimum
832 1181 926 1262 igitur
941 1192 1024 1246 ratus
1038 1191 1095 1260 est,
1110 1179 1173 1262 pri-

126 1281 256 1345 mquam
272 1285 341 1326 cam
365 1286 429 1328 rem
444 1265 699 1349 adgrederentur,
717 1269 835 1350 legatos
849 1267 891 1328 ad
904 1279 1030 1348 gentem
1044 1266 1173 1329 Achaeo·

126 1369 196 1412 rum
211 1350 306 1429 mitti,
328 1352 520 1434 pollicentes,
540 1354 565 1415 si
585 1356 624 1415 ab
648 1375 719 1435 rege
739 1354 780 1414 ad
803 1352 962 1414 Romanos
980 1352 1174 1430 defecissent,

123 1434 348 1498 ”Corinthum
362 1438 400 1499 iis
414 1440 641 1502 contributuros
656 1439 688 1500 in
704 1437 865 1518 antiquum
879 1439 981 1518 gentis
998 1437 1187 1501 concilium·

127 1519 265 1586 Auctore
273 1523 408 1602 consule,
422 1524 515 1606 legati
531 1544 551 1585 a
564 1524 657 1587 fratre
671 1522 738 1604 ejus
749 1520 786 1586 1..
798 1521 956 1601 Quinctio,
971 1536 1004 1585 et
1013 1522 1132 1601 Attalo,
1142 1531 1174 1586 et
1185 1535 1286 1600 Legati·

128 1605 273 1686 Rhodiis,
285 1619 318 1671 et
329 1608 578 1688 Atheniensibus,
593 1610 633 1671 ad
647 1607 777 1672 Achoeos
791 1608 887 1678 missi.
921 1607 1052 1693 Sicyone
1066 1609 1173 1672 datum
1185 1601 1330 1682 ¹¹⁰¹¹²⁸¹¹¹⁸55

127 1693 168 1756 iis
183 1707 232 1757 est
245 1695 416 1759 concilium.
459 1694 535 1758 Emt
549 1705 651 1758 autern
674 1714 742 1757 non
760 1695 926 1758 admodum
941 1696 1071 1777 simplex
1085 1695 1171 1758 habi·
1184 1683 1337 1785 :fflffi'

127 1792 183 1843 tua
201 1781 369 1844 animorum
396 1783 474 1844 inter
502 1781 643 1845 Atheos.
670 1782 804 1844 terrebat
831 1791 891 1844 eos¹
915 1779 1326 1860 memoriensem...

125 1865 227 1948 gravis
247 1878 281 1930 et
295 1867 432 1930 assiduus
447 1869 565 1930 hostis:
590 1866 757 1930 horrebant
770 1866 913 1930 Romana
933 1887 1039 1930 erma:
1063 1864 1295 1942 Mecc‘fluftun·

127 1953 244 2016 donum
259 1954 413 2016 beneficiis
438 1965 471 2017 et
493 1955 644 2018 veteribus
666 1965 699 2015 et
722 1953 894 2016 recentibus
916 1952 1042 2036 obligati
1064 1965 1170 2016 erantz
1183 1937 1305 2042 ssgffi‘m

126 2059 234 2122 regem
248 2041 348 2123 ipsum
363 2051 537 2122 suspectum
552 2041 708 2104 habebunt
719 2061 786 2122 pro
809 2038 874 2121 ejus
889 2040 1066 2102 erudelitate
1080 2040 1181 2122 perir·

128 2126 261 2208 dieque:
293 2147 392 2208 neque
415 2148 454 2190 ex
477 2127 524 2205 iis,
555 2147 620 2207 qum
643 2137 709 2188 tum
732 2126 772 2187 ad
796 2135 916 2208 tempus
942 2124 1068 2203 iaceret,
1090 2127 1180 2188 cesti-¹

108 2219 259 2291 ‘marites
273 2215 441 2294 memorem
457 2224 529 2295 post
542 2213 657 2276 bellum
672 2212 830 2274 dominum
845 2211 981 2273 futurum
996 2211 1179 2276 cernebant·

128 2319 227 2382 nequae
245 2300 356 2378 solum,
382 2298 455 2382 quid
482 2299 513 2360 in
536 2309 643 2360 senatu
669 2297 796 2380 quisque
818 2297 949 2359 civitatis
973 2318 1043 2376 suae,
1070 2299 1171 2360 autin
1277 2294 1279 2304 '

128 2385 341 2448 communibus
355 2383 491 2448 conciliis
513 2385 614 2466 gentis
637 2405 693 2466 pro
711 2383 865 2446 sententia
879 2383 1025 2461 dicerent,
1048 2383 1179 2464 ignora-v

127 2471 222 2534 bam:
246 2471 301 2534 sed
317 2492 355 2534 ne
370 2471 443 2554 ipsis
458 2469 580 2552 quidem
594 2491 698 2533 secum
714 2470 931 2551 cogitantibus,
953 2469 1027 2550 quid
1050 2465 1171 2547 vellent,

128 2568 182 2620 aut
196 2557 270 2637 quid
284 2569 438 2640 optarent,
464 2559 539 2620 satie
553 2557 724 2620 constabat.
766 2554 819 2618 Ad
838 2555 977 2618 homines
1003 2555 1048 2618 its
1070 2555 1171 2618 inccr-

127 2653 177 2706 toa
193 2643 376 2708 introductis
391 2643 498 2725 legatis
512 2653 649 2726 potestas
672 2639 794 2704 dicendi
818 2642 901 2704 facta
914 2653 971 2706 est.
1014 2640 1171 2708 Romanus
1251 2662 1253 2670 ·

126 2730 261 2812 primum
287 2729 405 2812 legatus
434 2727 469 2792 1..
481 2728 672 2812 Calpurnius,
699 2728 808 2791 deinde
830 2727 927 2790 Attali
957 2727 1036 2809 regis
1065 2725 1331 2810 legatbnurrunrr..
1391 2717 1395 2728 ’

126 2826 199 2898 post
209 2836 263 2878 eoa
276 2815 392 2878 Rhodii
404 2815 618 2878 disseruerunt.
661 2813 795 2900 Philippi
805 2813 915 2877 deinde
926 2813 1033 2894 legetis
1048 2813 1254 2878 dicendisatoe

126 2913 266 2984 potestas
280 2902 365 2966 facta
377 2913 436 2964 est.
450 2903 596 2985 postremi
609 2900 823 2978 Athenienses,
833 2911 869 2962 ut
879 2898 1051 2962 refellerent
1061 2897 1174 2962 Mace-

126 2988 244 3050 donum
259 2988 354 3068 dicta,
368 2989 465 3051 auditi
479 2999 562 3052 sunt.
606 2986 632 3049 Ii
646 2986 915 3050 fere'atrocisaime
930 2986 961 3048 in
972 3005 1087 3067 regem,
1098 2987 1171 3069 quia

126 3074 203 3136 nulli
226 3095 283 3137 nec
309 3075 406 3158 plura,
435 3095 491 3138 nec
517 3087 582 3136 tem
597 3074 708 3138 acerba
729 3074 810 3157 passi
834 3084 931 3151 erant,
957 3073 1067 3136 invecti
1086 3087 1171 3138 sunt.

124 3158 169 3224 Et
184 3160 240 3222 illa
253 3161 375 3242 quidem
390 3161 498 3224 concio
513 3162 569 3224 snb
583 3181 726 3224 occasum
745 3160 828 3238 solis,
851 3171 901 3222 tot
913 3160 1082 3241 legatorum
1097 3180 1169 3243 per·
1390 3207 1407 3248 ι

125 3245 230 3328 petuis
245 3247 430 3310 orationibus
445 3247 495 3310 die
509 3248 660 3324 absumto,
679 3245 804 3308 dimisso
818 3256 874 3307 est.

103 3393 109 3402 ,
170 3330 245 3394 ΧΧ.
277 3329 400 3396 Postero
429 3333 479 3396 die
508 3334 674 3397 advocatur
703 3331 887 3408 concilium
912 3328 964 3392 ubi
991 3349 1084 3414 quum
1114 3349 1171 3414 per

123 3437 306 3501 praeconem,
328 3419 407 3484 sicut
429 3417 541 3484 Grecis
567 3439 634 3482 mos
656 3430 714 3497 est,
740 3417 913 3496 suadendi,¹
927 3416 954 3479 ai
974 3417 1041 3500 quis
1065 3417 1168 3496 vellet,

123 3515 260 3587 potestas
276 3506 535 3587 amegistratibus
555 3506 639 3569 facta
651 3515 740 3582 esset,
761 3525 821 3566 nec
838 3504 996 3588 quisquam
1011 3503 1166 3586 prodiret3

125 3589 178 3654 diu
193 3591 347 3654 silentium
371 3593 498 3656 aliorum
523 3592 599 3656 elios
625 3592 806 3656 intuentium
831 3590 898 3654 fuit.
920 3609 1019 3671 neque
1043 3591 1165 3668 mirum,
1180 3611 1306 3666 eamr„

122 3677 161 3754 si,
183 3677 291 3760 quibus
313 3699 369 3742 sua
390 3691 511 3762 sponte,
536 3679 740 3742 volutantibus
763 3699 811 3740 res
828 3677 907 3740 inter
928 3697 961 3738 se
983 3681 1291 3760 pugnanter„intera·

123 3763 344 3863 phtorpuerant
372 3765 599 3865 quodammodo
632 3765 736 3842 animi,
776 3784 829 3866 eos
863 3762 1016 3863 orationes
1045 3747 1268 3844 quoqueim·

122 3867 248 3997 till?
262 3849 1166 4020 mittite.l‘32¹.‘¹t..t⁰trl.ffitlt..t”mitt

98 4095 104 4102 ,
122 4019 289 4086 Aristonus
298 4033 410 4106 pnetor
421 4021 614 4101 Achaeorum,
625 4044 665 4085 ne
678 4023 804 4085 tacitum
814 4020 975 4082 concilium
986 4017 1169 4100 dimitteret,

123 4105 135 4139 ‘
150 4105 363 4188 Ubi‚’'inquit‚
379 4111 390 4142 ‘
399 4109 452 4172 illa
462 4110 629 4173 certamina
637 4109 816 4186 animorum,
828 4105 944 4184 Achaei,
959 4115 1041 4183 sunt,
1057 4106 1169 4188 quibus

155 4263 178 4300 Ν
203 4262 335 4312 &mutiam
362 4267 395 4312 iis
422 4239 580 4316 centn'iutumr
605 4268 630 4316 in
660 4268 767 4329 gentibue
783 4263 914 4314 Clemrcnis
925 4262 985 4324 regia
1003 4262 1169 4327 Spartmomm

103 4327 629 4446 ·⁶·“⁴“t:'.l.⁶⁰:.tt⁰·.;l’..⁸'ttt¹¹⁰¹².·
660 4331 873 4446 ambitu?
888 4329 1095 4446 iil'ffl'l'
1109 4333 1170 4392 ¹⁹⁶⁷

121 4394 217 4506 dilium
239 4459 372 4510 contributa
392 4462 481 4520 sceret:
506 4407 634 4529 uronqlir·⁹
678 4415 684 4446 Ι
710 4432 716 4447 ’
795 4429 802 4447 ⁸
870 4428 877 4444 ο
995 4428 1002 4445 ⁸

173 4542 247 4592 VOL.
264 4545 315 4592 111.
708 4550 728 4597 Β
