3100 5194
343 411 347 419 ·
461 341 885 450 murmurosum.
1142 397 1179 454 ss

129 553 355 624 transgressum
382 541 448 605 acie
473 545 673 623 conflixisse3
707 546 805 607 fusum
835 546 1033 629 fugatumque
1064 567 1178 630 regem,
1191 553 1332 605 messe.

129 631 240 692 caetris
264 640 417 691 exutum:
449 630 611 692 duodecim
636 632 732 692 millin
755 633 890 693 hostium
914 654 952 695 eo
966 633 1075 715 proelio
1090 618 1327 712 caeaasscffl·

127 728 222 800 capta
234 715 296 777 duo
307 716 404 798 millia
414 726 446 778 et
454 716 614 794 ducentos,
627 728 658 779 et
668 717 755 798 signa
764 718 907 780 militaria
915 729 1039 780 eentum
1051 719 1178 799 triginta

128 802 235 879 duom,
251 819 345 883 equos
360 803 508 864 ducentos
525 803 660 884 triginta.
671 805 765 865 eedem
780 804 873 866 etiam
888 803 956 866 Jovi
970 805 1000 864 in
1016 825 1053 865 eo
1064 815 1079 845 ¹²
1095 825 1175 885 prue-

128 888 170 949 lio
184 899 301 967 votam,
316 889 342 950 si
359 909 407 950 res
420 909 564 972 prospere
578 901 667 971 gesta
677 901 767 953 esset.
790 887 890 953 Ceteri
902 888 998 952 Graeci
1012 888 1175 971 Latinique

129 985 280 1054 auctores,
296 995 424 1056 quorum
440 975 563 1056 quidem
579 995 637 1057 ego
652 976 711 1056 legi
727 975 861 1053 annales,
885 976 962 1037 nihil
977 976 1175 1039 memorabile

127 1081 148 1120 a
161 1057 258 1122 Villio
273 1071 387 1139 aenum,
414 1063 626 1143 integrumque
651 1062 764 1124 bellum
787 1062 998 1148 insequentem
1019 1063 1175 1133 consulem

125 1144 165 1208 Τ.
181 1145 362 1216 Quinctium
379 1149 532 1229 accepisse
547 1149 680 1211 trudunt.

169 1229 242 1294 Vll.
271 1231 354 1294 Dum
379 1234 442 1294 haec
465 1235 496 1295 in
518 1232 704 1297 Macedonia
729 1246 885 1317 geruntur,
910 1238 1016 1300 consul
1040 1238 1116 1300 alter
1139 1234 1175 1298 1..

127 1317 286 1395 Lentulus,
310 1319 361 1400 qui
377 1318 483 1381 Rome
497 1321 684 1398 substiterat,
703 1322 830 1383 comitia
844 1324 1020 1384 censoribus
1036 1323 1174 1384 creandis

127 1405 246 1468 habuit.
279 1403 388 1466 Multis
402 1405 491 1466 claris
506 1408 679 1489 petentibus
694 1407 775 1484 viris,
787 1409 881 1470 creati
896 1429 1036 1470 censores
1052 1408 1085 1470 P.
1097 1407 1174 1472 Cur·
1186 1424 1301 1472 Censores

127 1492 224 1552 nelius
239 1487 345 1574 Scipio
358 1491 519 1568 Africanus
535 1503 566 1555 et
581 1491 615 1554 P.
636 1489 735 1553 AElius
760 1492 869 1556 Paetus.
892 1494 935 1571 hi,
959 1513 1073 1575 magna
1096 1486 1319 1564 interemiss-
1385 1504 1392 1509 ’

125 1599 157 1638 se
173 1577 350 1656 concordia,
365 1588 399 1639 et
411 1589 550 1639 senatum
566 1578 631 1640 sine
646 1578 736 1639 ullius
750 1590 826 1640 nota
836 1579 985 1660 legerunt,
996 1591 1029 1640 et
1039 1563 1257 1668 pomonal&
1268 1549 1312 1600 AE'

123 1664 278 1725 renalium
293 1662 406 1745 Capuae
421 1663 625 1754 Puteolisque,
648 1664 721 1726 item
752 1667 780 1704 ²³
791 1662 968 1726 Castrorum
989 1666 1173 1748 portorium,

125 1769 188 1830 quo
204 1751 236 1811 in
250 1751 319 1813 loco
335 1770 415 1813 nunc
430 1750 577 1833 oppidum
592 1759 650 1828 est,
672 1750 832 1814 fruendum
848 1751 1008 1813 locamnt=
1032 1752 1172 1815 colonos·

125 1855 185 1916 que
214 1855 251 1898 eo
277 1846 431 1898 trecentos
458 1835 496 1916 (is
524 1837 606 1898 enim
630 1857 772 1899 numerus
796 1837 898 1900 linitus
914 1839 952 1900 ab
967 1849 1076 1902 senatu
1090 1839 1169 1916 erat)

126 1919 362 2006 adscripserunt,
377 1933 409 1984 et
421 1924 479 1984 sub
491 1920 603 1985 Tifatis
618 1917 730 2006 Capua
745 1945 850 2007 agrum
864 1925 1073 1987 vendiderunt.
1108 1923 1172 1987 Sub

125 2007 208 2069 idem
224 2019 346 2090 tempus
370 2005 407 2070 1..
430 2005 566 2070 Manlius
589 2008 747 2089 Acidinus,
773 2033 812 2072 ex
837 2009 988 2094 Hispania
1011 2011 1173 2090 decedens,

124 2094 297 2176 prohibitus
312 2115 332 2155 a
346 2093 399 2157 Ρ.ο
414 2093 522 2156 Porcio
534 2093 622 2156 lasea
634 2096 757 2158 tribuno
768 2097 876 2180 plebis,
888 2117 928 2157 ne
939 2117 1032 2158 ovans
1042 2096 1168 2176 rediret,

124 2201 219 2261 quum
249 2181 288 2242 ab
318 2191 425 2242 senatu
449 2181 653 2263 impetrasset,
687 2183 820 2265 privatus
856 2183 962 2244 urbem
999 2181 1172 2264 ingrediens
1270 2220 1273 2226 ,

124 2269 150 2308 ²⁴
163 2267 249 2328 mille
264 2266 398 2330 ducenta
452 2267 514 2328 udo
530 2269 660 2348 argenti,
683 2270 808 2350 triginta
831 2268 935 2350 pondo
951 2268 1045 2330 ferme
1061 2268 1125 2330 auri
1141 2267 1173 2330 in

125 2353 263 2414 erarium
290 2353 371 2414 tulit.
461 2353 531 2415 dem
559 2353 618 2416 Cn.
642 2353 761 2416 Baebius
784 2352 863 2416 Tam
886 2354 975 2433 hilus,
995 2355 1045 2437 qui
1071 2355 1110 2416 ab
1134 2351 1328 2417 Genitalis:

124 2439 251 2500 Aurelio
266 2439 392 2501 consule
407 2439 480 2501 anni
499 2439 607 2521 prioris
631 2440 817 2521 provinciam
873 2440 975 2502 alliam
1001 2429 1322 2522 acceperat,⁶³¹‘¹¹¹¹¹'‘¹¹.'

124 2537 242 2587 temere
257 2525 409 2607 ingressus
423 2523 580 2586 Gallorum
596 2524 765 2588 Insubrium
781 2527 866 2604 fines,
893 2546 987 2609 prope
1011 2545 1080 2590 cum
1104 2537 1171 2589 toto
1182 2506 1220 2548 ω’
1230 2511 1244 2541 ⁸
1255 2491 1336 2548 (ἰὼ

124 2611 261 2672 exercitu
275 2623 323 2674 est
345 2612 563 2674 circumventus
577 2632 585 2672 ε
608 2633 700 2695 supra
713 2633 768 2675 sex
782 2612 879 2674 millia
891 2623 923 2674 et
937 2623 1096 2676 sexcentos
1111 2614 1171 2674 mi-

123 2697 192 2758 lites
216 2697 330 2760 amisit.
354 2707 442 2760 tenta
467 2717 506 2760 ex
532 2719 569 2759 eo
594 2697 685 2775 bello,
708 2699 790 2780 quod
812 2696 878 2779 jam
902 2698 1003 2760 timeri
1028 2698 1170 2778 desierat,

119 2780 226 2845 'clades
241 2795 371 2866 accepta
384 2795 441 2846 est.
485 2782 532 2845 Ea
546 2803 593 2845 res
610 2781 645 2846 L.
662 2783 825 2846 lentulum
850 2785 1006 2846 consulem
1033 2785 1071 2846 ab
1094 2786 1169 2846 urbe

122 2871 246 2931 excivit.
261 2870 324 2950 qui,
338 2882 374 2931 ut
388 2870 420 2931 in
435 2869 621 2951 provinciam
635 2871 718 2933 venit
731 2871 854 2954 plenam
870 2870 1027 2948 tumultus,
1049 2871 1168 2952 trepido

122 2957 258 3017 exercitu
280 2965 420 3038 accepto,
444 2967 602 3037 pretorem
624 2957 727 3019 multis
751 2956 867 3039 probris
891 2957 1074 3038 increpitum
1096 2975 1167 3037 pro-

120 3043 222 3103 vincia
247 3041 406 3118 decedere,
438 3054 529 3122 etque
556 3043 638 3104 abire
663 3043 795 3105 Romam
817 3042 918 3124 jussit.
948 3039 1076 3124 ·Neque
1102 3042 1168 3124 ipse

37 3179 40 3182 .
61 3128 229 3189 ...consul
244 3127 441 3190 memorabile
457 3127 622 3208 quidquam
635 3130 740 3211 gessit,
761 3129 954 3191 comitiorum
976 3149 1082 3190 caussa
1102 3125 1167 3188 Ro·

121 3233 208 3275 nram
223 3227 401 3292 revocatue3
435 3234 502 3294 quae
525 3215 592 3297 ipsa
614 3235 668 3297 per
694 3213 741 3277 M.
765 3214 902 3276 Fulvium
917 3227 949 3276 et
964 3212 1026 3276 Μ’.
1040 3211 1167 3274 Curium

124 3300 267 3361 tribunos
291 3300 384 3382 plebis
409 3300 654 3382 inpediebantur,
678 3300 760 3382 quod
773 3297 811 3361 T.
826 3299 1003 3369 Quinctium
1018 3297 1165 3359 Flamini·
1177 3321 1208 3371 τ,
1218 3321 1309 3374 om.

120 3405 199 3447 num
226 3388 254 3425 ¹⁵
270 3386 457 3450 consulatum
484 3407 524 3448 ex
555 3397 704 3466 questura
732 3398 835 3469 petere
867 3403 930 3446 non
954 3383 1165 3468 patiebantur.
1177 3386 1261 3436 umen

120 3471 131 3505 ‘
145 3474 176 3512 ²¹
190 3464 264 3534 darn
278 3472 453 3535 adilitatem
468 3483 687 3556 praeturamque
700 3471 851 3535 fastidiri:
875 3491 932 3533 nec
946 3490 1001 3553 per
1014 3470 1165 3533 honorum
1177 3465 1294 3569 mff'·

219 3581 329 3628 'etdao
348 3579 494 3630 Groncrer.
592 3579 773 3631 ”alenset
869 3577 1077 3628 ⁰P.tlt.usr.

153 3662 177 3696 Β
194 3660 321 3709 Cuma
338 3661 470 3725 portorium]
499 3659 627 3709 crumenam
658 3661 714 3711 locis
725 3658 857 3722 memoratis
871 3660 1032 3711 venderentur.

119 3727 216 3775 nomine
236 3726 276 3774 hie
294 3727 441 3787 intelligenda
462 3726 571 3775 videntur
588 3727 626 3776 rel
690 3727 713 3761 ⁸*
745 3724 811 3773 Mille
840 3726 936 3772 ducents
965 3725 1035 3786 pseudo
1060 3723 1160 3788 arpenn]

121 3791 203 3838 Cum
214 3791 350 3848 claudiana,
365 3807 417 3854 qua
434 3793 485 3856 ipro
500 3789 628 3839 Cannensis
659 3790 761 3847 Murcus,
782 3804 823 3838 ren
844 3789 937 3837 selibrae
956 3799 1069 3836 nostrates
1085 3788 1163 3850 pondo

120 3857 193 3906 cledis
210 3871 270 3904 nuno
289 3855 416 3904 Mircelltu
435 3855 579 3915 communiit,
598 3855 626 3917 (l.
661 3855 729 3904 1875.
754 3853 858 3916 Triginta
876 3854 947 3914 pondo
966 3854 1019 3900 nuri
1035 3861 1090 3898 mne
1105 3865 1163 3914 pou·

120 3920 313 3983 uiros-17.)
332 3917 462 3970 ac‘deisde
480 3935 521 3986 per
540 3921 627 3982 eliquat
657 3919 718 3966 deris
731 3919 848 3968 ncetmrie
856 3917 1162 3980 :montemaureum

118 3985 244 4034 continuos
256 4004 266 4026 r
277 3985 359 4034 mnor’
378 3986 476 4050 appellet
501 3985 626 4033 identidem
658 3984 742 4034 unciis.

118 4049 200 4098 livius
222 4049 343 4114 usque-al
356 4049 504 4098 ‘obsidionem
524 4049 625 4113 Capuae:
688 4048 711 4082 2⁵
728 4047 743 4076 ⁰
763 4046 905 4095 &udaeam
915 4061 941 4094 ec
953 4052 1062 4106 modurn
1076 4043 1159 4110 pem]

121 4113 150 4176 (l.
164 4115 228 4163 xxvi
239 4132 265 4165 c.
273 4113 378 4192 useel
397 4113 517 4163 cutellum
529 4116 557 4166 ad
568 4115 626 4162 osri-
659 4112 810 4162 Consulntum
822 4122 911 4175 perere,
920 4123 991 4184 quum
1002 4110 1161 4183 tantummode

119 4193 162 4226 nrn
184 4179 295 4228 Vulturni
311 4180 483 4229 communitum
510 4196 523 4228 a
546 4179 627 4227 Fulvio
659 4189 758 4239 queam
778 4176 930 4235 inulaeque
950 4171 1090 4232 drentem.
1115 4187 1161 4222 nec

118 4255 147 4290 er
167 4245 265 4292 Claudio
284 4257 343 4294 coes.
366 4243 432 4307 cujus
453 4244 539 4292 mentio
562 4243 626 4292 sul.
658 4255 781 4307 perurens
793 4241 907 4302 genuinae.

121 4319 187 4356 ur.
205 4326 226 4356 c.
239 4310 279 4358 2⁰.
313 4309 394 4366 l’orro,
411 4310 471 4371 quod
482 4309 579 4371 penoris
589 4309 626 4356 hie
689 4305 712 4342 ὕ
727 4307 781 4356 Jum
799 4306 923 4352 cumcun
939 4310 1099 4364 pretiumque
1105 4304 1160 4367 fin.

117 4372 216 4420 [ruenda
227 4373 334 4422 locantur
350 4390 363 4422 a
382 4374 523 4432 censoribus,
539 4373 626 4422 intelli-
659 4370 732 4432 lidio]
769 4371 824 4418 Hoc
842 4367 917 4430 aliqua
934 4381 963 4414 er
981 4379 1046 4430 parre
1064 4369 1160 4416 cadebat

117 4438 187 4495 nemi
206 4449 261 4488 snm
280 4453 388 4487 remorer
404 4439 488 4487 loeuse
501 4437 627 4502 publicanis
657 4436 681 4484 ln
693 4436 769 4500 ipsum
787 4433 903 4483 consulem
922 4431 1057 4491 botulum,
1076 4432 1115 4496 qui
1130 4448 1160 4479 ex

117 4502 231 4566 exigenda
243 4503 361 4567 vectigalis
372 4517 401 4556 ex
412 4503 439 4554 ils
449 4505 517 4556 rebla
533 4517 585 4568 que
602 4501 628 4556 in
659 4501 777 4565 murus,
787 4515 855 4568 quun
866 4499 948 4553 ebreus
959 4509 1069 4563 neunt,
1080 4497 1161 4574 (capra
