3044 5194
388 380 467 440 LlB.
487 377 620 446 XXXII.
639 379 719 443 ΟΔΡ.
733 377 831 441 xvn.
1100 387 1140 453 08

94 543 340 614 ornamentaque·
358 529 429 614 ejus
448 531 568 613 generis
589 531 686 614 plura,
708 550 799 614 qrtsm
814 551 870 614 pro
884 529 967 596 urbis
983 532 1141 614 magnitu-
1154 543 1225 598 tte.
1237 549 1293 600 tet.

95 618 166 680 dine
184 632 238 682 aut
252 619 359 702 opibus
375 619 495 696 ceteris,
519 618 651 681 invente.
1154 611 1184 672 Α,
1196 611 1224 662 c.
1236 615 1289 666 19⁸.

139 701 244 768 xvii.
275 703 415 788 Carysms
440 703 511 767 inde
539 704 694 786 repetita3
727 703 817 782 unde,
839 704 1012 787 priusquam
1037 728 1055 768 e
1085 715 1264 780 tte-Crustas

95 789 182 852 vibus
209 791 304 873 copiae
330 801 563 874 exponerentur,
586 789 687 852 omnis
714 789 889 870 multitudo,
911 793 986 854 urbe
1011 793 1142 872 deserta,
1154 793 1227 846 “W-

95 875 127 938 in
143 897 245 940 arcem
269 879 418 960 confugit.
463 875 538 938 lnde
562 877 602 938 ad
627 875 720 938 tidem
745 877 783 940 ab
811 875 951 942 Romano
977 880 1140 962 petendam

7 981 8 992 ¹
94 975 228 1028 oratores
255 964 389 1026 mittunt.
416 963 576 1045 oppidanis
601 963 759 1046 extemplo
784 963 846 1025 vita
871 985 906 1026 ac
929 964 1051 1030 libertas
1065 987 1141 1031 con-

94 1069 179 1112 cessa
192 1063 259 1114 est:
284 1049 507 1114 Macedonibus
526 1051 553 1088 ⁸⁸
565 1047 706 1110 treceni*
731 1049 847 1112 nummi
865 1049 897 1112 in
923 1051 1024 1130 capita
1043 1063 1140 1121 statu-

92 1146 159 1198 tum
175 1147 222 1200 est
236 1138 379 1220 pretium,
405 1149 438 1198 et
462 1147 497 1200 ut
520 1135 612 1196 arrnis
634 1133 753 1198 traditis
769 1135 898 1200 abirent.
943 1133 1011 1198 Hac
1026 1157 1143 1202 summa

7 1293 8 1296 Ἴ
94 1221 236 1300 redemti,
273 1225 305 1286 in
335 1223 491 1284 Boeotiam
521 1221 650 1282 inermes
680 1219 812 1302 trajecti.
871 1219 1002 1284 Natales
1039 1225 1144 1307 copia,

93 1307 211 1372 duabus
235 1310 325 1372 cleris
350 1309 473 1370 urbibus
500 1303 619 1368 Euboese
642 1305 720 1368 intra
743 1306 807 1368 dies
822 1327 937 1388 paucos
953 1309 1062 1390 captis,
1085 1310 1144 1372 cir-

91 1407 261 1457 cumveetae
287 1393 414 1456 Sunium
441 1393 549 1456 Atticae
575 1403 658 1454 tertre
684 1395 939 1473 promontorium,
971 1393 1144 1458 Cenchreas

90 1477 323 1544 Corinthiorum
355 1479 521 1562 emporium
549 1479 711 1559 petierunt.
770 1478 884 1542 Consul
916 1481 1038 1545 interim
1075 1498 1226 1545 emittm
1237 1513 1290 1562 per.

90 1565 178 1628 niurn
206 1589 260 1648 spe
287 1571 313 1606 ⁶⁹
329 1567 497 1647 longiorem
527 1565 767 1646 atrocioremque
797 1565 1055 1648 obpugnationem
1086 1567 1140 1630 ba·
1153 1561 1262 1676 gigni?

92 1652 183 1717 buit:
218 1665 250 1714 et
274 1674 320 1726 co,
344 1673 404 1732 qus
428 1651 586 1714 minimum
609 1651 798 1730 credidisset,
821 1653 1004 1717 resistebant
1028 1653 1142 1720 hostes.
1169 1629 1293 1678 “mu''

92 1757 166 1798 narn
182 1758 304 1800 ornnem
320 1739 454 1800 laborem
471 1737 502 1800 in
526 1758 612 1798 muro
628 1736 776 1800 diruendo
799 1737 972 1803 crediderat
996 1739 1081 1804 tore:
1116 1741 1141 1804 si

94 1824 212 1890 aditum
238 1825 363 1889 armatis
387 1823 419 1886 iu
443 1824 550 1886 urbem
573 1823 776 1905 patefecisset,
799 1823 903 1906 lugam
925 1825 995 1888 inde
1011 1825 1142 1892 credem-

92 1929 151 1990 que
175 1911 308 1977 bostium
332 1911 408 1989 fore,
429 1910 526 1992 qualis
552 1910 650 1990 ceptis
674 1909 796 1972 urbibus
822 1909 887 1974 fieri
903 1911 992 1976 solet.
1007 1923 1143 1976 ceterum

90 2007 265 2078 postquam,
296 2007 382 2079 parte
410 1997 488 2060 muri
514 1995 655 2059 arietibus
682 1996 819 2076 decussa,
848 2019 904 2079 per
933 1996 1015 2080 ipsse
1041 1998 1142 2062 ruinas

91 2083 345 2146 transcenderunt
369 2084 400 2144 in
427 2083 531 2146 urbem
546 2083 667 2162 armati,
689 2081 765 2144 illud
781 2082 963 2165 principium
977 2084 1059 2148 velut
1074 2085 1144 2148 novi

90 2179 183 2250 atque
200 2169 310 2250 integri
325 2169 436 2232 laboris
461 2167 528 2232 luit.
555 2189 627 2230 narn
655 2165 853 2248 Macedones,
875 2169 927 2249 qui
951 2169 983 2230 in
1005 2171 1145 2252 prasidio

91 2267 179 2318 erant
204 2268 236 2318 et
261 2254 349 2316 multi
374 2267 406 2318 et
429 2254 549 2330 delecti,
572 2252 701 2334 gloriam
728 2253 822 2316 etiarn
847 2254 1002 2336 egregiam
1026 2255 1096 2334 rati,
1118 2257 1144 2321 ti

89 2343 184 2404 armis
215 2341 317 2424 potius
347 2351 379 2404 et
404 2341 526 2417 virtute,
547 2359 639 2420 quarn
663 2341 825 2418 moenibus,
848 2341 952 2402 urbem
979 2353 1145 2422 tuerentur,

7 2437 8 2448 ²
89 2427 237 2504 conferti,
272 2426 407 2509 pluribus
432 2426 576 2488 introrsus
604 2424 760 2488 ordinibus
790 2426 855 2488 acie
883 2426 1013 2506 firmata,
1051 2447 1143 2510 qutun

7 2511 8 2546 ³
87 2513 309 2576 transcendere
336 2514 438 2576 ruinas
460 2512 623 2574 sensissent
645 2509 809 2590 Romanos,
832 2533 886 2596 per
912 2513 1082 2596 inpeditum
1105 2535 1141 2581 sc

90 2599 248 2662 difficilem
275 2599 315 2660 ad
341 2609 493 2680 receptum
519 2597 618 2660 locmn
646 2597 836 2680 expulerunt.
882 2597 917 2660 ld
943 2601 1048 2662 consul
1063 2621 1142 2682 egre

89 2707 209 2768 passus,
231 2706 287 2746 nec
313 2706 381 2748 earn
408 2683 606 2766 ignominiam
631 2683 671 2746 ad
697 2685 785 2746 unius
813 2685 906 2748 modo
932 2687 1142 2768 expugnanda

91 2791 211 2836 moram
233 2771 327 2850 urbis,
348 2771 403 2832 sed
429 2772 468 2834 ed
490 2791 642 2834 summunt
663 2771 792 2836 universi
813 2773 895 2850 belli,
917 2773 1070 2856 pertinere
1090 2795 1140 2836 ra·

91 2871 150 2937 tus,
165 2857 250 2939 quod
273 2879 312 2924 ex
335 2857 497 2920 momentis
522 2877 678 2939 parvarum
702 2857 880 2940 plerumque
902 2879 1001 2922 rerunt
1025 2861 1141 2942 pende·

92 2957 146 3022 tet,
172 2958 304 3026 purgato
327 2944 406 3023 loce,
433 2945 484 3025 qui
510 2955 611 3024 strage
634 2944 769 3009 semiruti
787 2945 863 3009 inuri
878 2946 1048 3008 cumulatus
1063 2959 1142 3024 erat,

91 3031 224 3100 turrern¹
248 3032 382 3112 ingentis
404 3028 586 3108 altitudinis,
608 3049 751 3111 magnam
773 3031 834 3092 vim
859 3041 1045 3112 armatorum
1061 3031 1141 3096 mul-

91 3118 187 3198 tiplici
213 3117 353 3180 tabulato
377 3126 563 3199 portantem,
590 3116 758 3195 promovit:
787 3127 819 3178 et
837 3117 981 3198 cobortes
996 3118 1028 3180 in
1043 3119 1143 3182 vicem

90 3205 143 3266 sub
171 3203 280 3283 signis,
304 3223 370 3282 quse
394 3222 524 3266 cuneum
548 3197 769 3279 Macedonum,
794 3199 989 3282 (pbalangem
1009 3203 1066 3284 ipsi
1087 3225 1142 3266 vc·

89 3287 177 3366 cant)
204 3286 230 3348 si
255 3298 390 3368 possent,
414 3287 443 3348 vi
467 3296 706 3366 perrumperent,
726 3287 898 3348 emittebat.
943 3283 1005 3348 Sed
1020 3287 1060 3348 ad
1075 3287 1144 3350 loca

90 3386 237 3456 angtteta,
260 3371 343 3434 baud
357 3371 419 3435 late
435 3379 560 3453 patente
575 3369 731 3434 itttervallo
746 3369 839 3432 diruti
862 3370 951 3452 muri,
970 3391 1067 3454 genus
1094 3394 1143 3436 ar·

257 3519 269 3555 t
285 3525 378 3572 ueremi
388 3519 461 3571 Grott.
713 3517 720 3554 ¹
736 3523 817 3571 turrim
829 3519 900 3572 Gran.
912 3521 980 3574 Cres.

120 3641 144 3678 Β
158 3639 353 3704 Treuirum]
364 3637 595 3694 Qudssbinuatai?
636 3637 743 3704 pristste.

93 3709 200 3756 Gratiae
212 3723 242 3756 an
254 3705 370 3756 Rotnani?
390 3699 594 3754 Dracbmrsintel·
668 3701 691 3740 ⁶³
717 3699 765 3752 Lon
782 3707 845 3756 iorem
865 3708 1031 3769 etr-eelomtque
1055 3723 1139 3774 qqmg.

92 3773 190 3833 ligendrs
210 3787 262 3832 esee
279 3773 346 3820 boile
365 3771 535 3820 crediderimus.
568 3767 594 3816 ld
636 3767 755 3834 nctirnen]
791 3785 819 3817 on
832 3773 1138 3821 immentoexirttmrroro-

92 3839 276 3901 sempiternus,
292 3837 378 3886 feritate
392 3837 465 3900 pratis
482 3836 506 3882 in
522 3836 595 3896 capies
637 3835 717 3882 notius
728 3835 857 3898 legentum,
869 3839 985 3901 brigium
994 3839 1137 3894 Atrocitati

91 3901 248 3950 lltrrnanorum
275 3903 399 3956 constitute
426 3902 453 3950 ab
480 3901 594 3948 Annibale
636 3901 666 3946 ad
676 3899 776 3956 Atracem
786 3905 973 3966 oppugnationes.
1007 3901 1046 3948 Sic
1058 3899 1139 3950 clarior

92 3968 594 4082 rmute‘munlnt
635 3963 1137 4078 inritent,riennes

93 4033 498 4160 seditiunsi'leeriiqnil'iiriliiiratireiim,
507 4061 596 4143 denarii
635 4111 689 4142 nent
713 4063 884 4157 oppugn’ationis
905 4043 999 4156 11ιι]ἰι1;εἴ
997 4095 1065 4152 urbis,
1089 4095 1139 4145 aliis

94 4174 152 4220 suut,
163 4161 248 4226 quibus
259 4176 323 4223 putet
334 4160 454 4210 drachmae.
470 4161 593 4210 'l‘tccerttre
635 4160 775 4224 interpositis
797 4161 864 4208 rebus
885 4159 1046 4224 aliquantisper
1068 4161 1137 4208 ornis·

93 4223 201 4276 drachmae
218 4227 323 4275 efficiunt
340 4241 425 4274 marcas
441 4227 527 4286 argenti
540 4240 593 4272 noe-
634 4239 690 4282 srm,
705 4240 789 4272 nomen
805 4223 855 4288 ejus
871 4239 999 4286 apponere:
1016 4225 1074 4287 quod
1087 4229 1136 4290 qui.

93 4299 160 4338 trstes
170 4295 192 4339 4.
205 4309 257 4340 cum
271 4291 369 4356 quinque
382 4289 453 4340 unciis
463 4303 487 4338 ct
497 4305 591 4338 sentim-
634 4289 696 4346 dem,
712 4306 784 4352 quum
803 4306 881 4354 parunt
900 4287 989 4336 celebre
1006 4292 1042 4347 tit,
1057 4309 1071 4338 o
1086 4309 1136 4356 por-
1238 4319 1241 4326 ·

94 4353 132 4400 cis.
175 4358 286 4404 Ceterum
309 4356 419 4406 edidimus
441 4357 529 4412 treceni,
552 4371 592 4418 pto
634 4309 1138 4420 turtumluitcorruptoribus,qttiilludjsrn

95 4423 188 4476 trecenti,
202 4421 234 4470 ite
245 4421 374 4472 volentibus
383 4419 477 4468 Thurin
489 4433 513 4468 et
525 4417 589 4472 ilict.
634 4421 708 4484 priore
719 4418 779 4478 leco,
789 4435 857 4486 supra
867 4435 887 4476 c,
902 4421 940 4472 15.
950 4421 1092 4475 vitiaverant.

94 4483 212 4546 codicibus,
227 4497 251 4536 et
268 4486 396 4550 postulante
412 4485 522 4535 sertncais
540 4499 591 4549 prc-
