3080 5196
355 379 435 442 Lm.
449 377 577 442 XXXV.
602 379 684 442 CAP.
696 377 811 440 XXIX.
1120 379 1178 438 21³

134 503 145 542 ⁶
162 527 298 592 pergere,
314 530 374 592 qna
388 511 529 594 coepisset
544 513 587 574 ire
601 512 660 588 ria,
681 513 707 550 ⁸⁸
720 529 759 572 an
775 505 870 586 eaml‘,
891 525 952 588 qua
964 505 1107 586 venisset,
1129 529 1177 572 re·
1190 525 1223 576 u.
1235 525 1265 576 o.
1276 527 1332 576 ato.

137 595 148 628 ‘
162 607 266 678 petere
276 597 479 676 melirnemet3
491 598 598 660 castris
607 594 1175 680 quoquequemlocumcaperetquan·
1189 593 1221 644 b
1233 593 1262 644 ⁰·
1275 591 1330 644 ¹⁹2·

136 681 227 746 frum
243 683 431 746 munimento
446 683 680 768 amplecteretur
695 681 767 760 loci,
782 701 844 764 qua
857 691 1029 764 opportuno
1038 682 1175 762 aquatio,

24 799 27 820 ·
134 766 221 848 ‘qua
234 768 336 850 pabuli
351 770 560 854 lignorumque
572 769 663 852 copia
677 777 769 830 esset.
795 787 856 848 qua
873 777 995 850 postero
1010 766 1059 828 die
1075 779 1176 830 castra

135 853 146 931 f
158 855 293 917 moventi
308 867 408 918 tutum
422 855 555 920 maxime
571 857 640 934 iter,
655 876 722 937 quae
736 854 836 916 forma
849 852 979 935 agminia
994 851 1092 916 toret?
1115 851 1175 916 His

135 940 212 1002 curia
234 941 531 1024 cogitationibusque
558 942 603 1006 ita
627 942 667 1004 ab
684 941 809 1002 ineunte
834 949 925 1002 aetate
948 939 1083 1000 animum
1110 940 1177 1022 agi·

133 1035 261 1105 aanor,
276 1029 408 1090 utnulla
427 1029 455 1090 ei
471 1049 552 1090 nova
564 1027 597 1089 in
613 1027 668 1090 tali
692 1049 726 1090 re
747 1025 895 1107 cogitatio
911 1037 1004 1086 essct.
1047 1023 1089 1086 Et
1110 1035 1177 1088 tum

135 1097 269 1176 omniurn
306 1113 418 1178 nurum
430 1135 541 1198 agmen
557 1113 738 1176 constituit:
760 1111 833 1174 dein
845 1109 1007 1174 Cretenses
1016 1109 1178 1174 auxiliares

134 1207 174 1276 et,
188 1218 265 1281 quos
283 1134 469 1263 Xarentinos
484 1201 646 1278 vocabant,
669 1199 797 1280 equites,
818 1197 905 1260 binos
925 1217 1029 1260 aecum
1052 1197 1177 1260 traben-

132 1291 178 1360 tes
193 1304 300 1366 equos,
315 1286 357 1348 ad
371 1287 471 1369 prima
490 1287 579 1368 signa
593 1286 695 1348 misit:
725 1297 768 1362 et,
786 1281 879 1366 jussis
899 1283 1050 1365 equitibus
1071 1283 1177 1344 subse·

132 1369 199 1451 qui,
214 1391 304 1458 super
325 1381 501 1450 torrentem,
525 1372 605 1435 unde
630 1371 735 1455 aquari
758 1380 892 1454 possent,
915 1389 1022 1450 rupem
1044 1387 1177 1451 occupa-

131 1454 186 1520 vit·
231 1453 279 1518 Bo
303 1457 511 1539 inpedimenta
525 1459 629 1520 omnia
642 1468 673 1518 et
698 1457 840 1518 calonum
861 1455 981 1516 turbam
1005 1451 1179 1536 conjectam

132 1542 260 1602 murana
279 1542 489 1620 circumdedit,
513 1554 545 1604 et
559 1563 614 1624 pro
635 1555 744 1604 natura
767 1541 827 1604 loci
846 1553 947 1602 castra
965 1539 1177 1602 communivit.

131 1625 331 1688 tabernacula
355 1637 485 1690 statuere
509 1628 540 1688 iu
565 1627 693 1710 aspretis
717 1639 750 1689 et
763 1626 934 1706 inaquabili
960 1626 1027 1688 solo
1053 1625 1178 1688 difficile

132 1723 207 1788 erat.
252 1711 366 1776 Hostes
379 1714 562 1795 quingentos
583 1733 690 1796 passus
704 1713 841 1776 aberant.
858 1713 859 1717 ’
887 1715 960 1774 ⁰len
980 1711 1090 1772 eodem
1112 1711 1177 1772 rivo

131 1797 285 1879 utrimque
311 1819 380 1860 cum
410 1799 548 1882 prasidio
577 1798 650 1860 levis
680 1809 838 1860 armaturae
867 1797 971 1878 aquati
1002 1808 1094 1858 sunta
1133 1807 1178 1874 et,

132 1884 307 1966 priusquam
326 1886 441 1966 (qualia
455 1885 486 1946 in
501 1883 679 1968 propinquis
695 1883 802 1948 castris
818 1882 930 1959 solent)
948 1881 1178 1944 contraheretur

52 1992 54 2000 ¹
134 1980 299 2048 certamen,
321 1991 384 2032 nox
406 1971 578 2034 intervenit.
623 1969 750 2032 Postero
777 1969 826 2030 die
848 1969 1017 2049 adparebat
1038 1984 1179 2048 pugnan-

134 2053 208 2116 dum
224 2077 281 2138 pro
296 2058 492 2140 aquamribus
507 2057 590 2120 circa
604 2057 699 2118 rivum
715 2075 790 2117 esse.
812 2065 905 2116 noete
922 2055 952 2114 in
976 2051 1054 2114 valle
1070 2073 1089 2112 a
1103 2072 1179 2112 oon·

132 2152 240 2224 spectu
256 2143 389 2206 hostium
405 2164 519 2222 aversa,
534 2155 682 2226 quantam
696 2139 925 2202 multitudinem
940 2137 1024 2200 locus
1039 2137 1180 2200 occulere

130 2237 267 2312 poterat,
282 2229 432 2306 condidit,
447 2239 651 2292 cetratorum.

173 2309 299 2376 XXIX.
336 2313 419 2376 Luce
434 2327 514 2392 orta,
529 2312 720 2377 Cretensium
740 2313 814 2376 levis
833 2322 986 2376 armatura
1008 2323 1041 2374 et
1060 2305 1178 2377 Taren-
1191 2311 1307 2392 prorae

129 2396 191 2460 tini
208 2398 327 2478 equites
343 2419 432 2482 super
446 2411 614 2463 torrentem
630 2400 769 2482 proelium
785 2398 1011 2462 commiserunt.
1053 2394 1178 2461 Telem-
1190 2391 1251 2430 m
1266 2377 1343 2430 Μ·

130 2483 259 2544 nastus¹
292 2483 445 2548 Cretensis
468 2485 665 2569 popularibus
698 2486 769 2563 suia,
807 2485 957 2568 equitibus
997 2487 1022 2530 ⁹⁷
1032 2481 1178 2568 Lycortas
1189 2459 1320 2564 ffiffl

130 2562 414 2651 Megalopolitanus
435 2583 571 2656 praeerat.
616 2569 815 2636 ⁹⁸Cretenaes
837 2582 870 2633 et
892 2569 1024 2632 hostium
1048 2570 1177 2633 auxilia·

128 2674 190 2733 res,
206 2656 404 2737 equitumque
427 2658 509 2720 idem
524 2679 620 2740 genus
634 2655 806 2736 Tarentini,
827 2656 967 2740 prasidio
983 2657 1177 2737 aquatoribus

131 2751 232 2802 erant.
275 2741 472 2824 Aliquamdiu
503 2743 629 2807 dubium
664 2743 806 2827 proelium
836 2743 905 2821 fuit,
934 2753 970 2804 ut
998 2743 1107 2806 eodem
1138 2765 1178 2806 ex

129 2837 218 2906 parte
245 2836 370 2911 utraque
396 2829 556 2892 hominum
578 2851 700 2912 genere,
722 2841 755 2892 et
774 2829 866 2891 armis
886 2829 1021 2911 paribus.
1064 2825 1177 2892 Proc'e·

130 2909 222 2974 dente
248 2914 426 2992 certamine,
450 2919 476 2956 ⁹⁹
487 2928 520 2978 et
543 2936 669 2978 numero
684 2916 782 2978 vicere
808 2915 928 2998 tyranni
955 2914 1126 2992 auxiliares,
1147 2926 1179 2976 et

128 2997 202 3078 qnia
216 2996 261 3060 ita
276 3013 461 3083 praeceptum
482 3001 742 3084 aPhilopoemene
767 3001 915 3084 prefectis
940 3010 1016 3077 crat,
1039 3013 1085 3077 ut,
1109 3019 1177 3060 mo-

129 3079 200 3144 dico
214 3085 300 3146 edito
322 3086 439 3166 proelio,
454 3087 487 3148 in
503 3086 606 3168 lugam
630 3087 824 3162 inclinarent,
844 3085 1025 3166 hostemque
1040 3083 1081 3147 ad
1103 3085 1177 3148 insi-

130 3151 251 3232 diarum
282 3170 383 3232 locum
410 3173 631 3252 pertraherent.
689 3169 793 3232 Effusa
822 3171 919 3232 secuti
946 3169 1098 3250 fugientes
1124 3191 1178 3252 per

407 3288 454 3340 ¹‘aa
466 3291 539 3341 Gron.
605 3290 770 3340 ¹lntemnottua
780 3293 856 3342 Gron.
870 3295 941 3341 Cret.

134 3403 138 3410 ·
158 3381 184 3418 ὕ
201 3381 241 3428 An
256 3395 304 3429 ram
319 3395 362 3444 qua
376 3379 579 3443 conmemorare]
598 3382 638 3429 Sie
671 3382 725 3428 elom
754 3393 789 3429 eat
810 3380 879 3442 igitrn
903 3381 1028 3442 utrimque,
1046 3391 1097 3432 trun
1118 3381 1178 3448 apud

127 3444 202 3513 babet
215 3444 505 3502 praememorati,
520 3457 545 3495 et
561 3457 639 3494 nomer
670 3445 777 3502 Achaeos,
794 3457 845 3496 tum
861 3445 919 3510 apud
934 3445 1058 3503 Nabidem,
1076 3457 1100 3494 et
1119 3449 1177 3497 Cre·

143 3524 222 3574 noque
234 3509 300 3558 viar.
318 3509 439 3558 Comentit
449 3512 548 3559 Andreae
559 3511 637 3559 editio.
669 3521 755 3570 teones,
766 3523 791 3559 at
799 3511 940 3559 Tarentinos
956 3526 969 3558 e
985 3509 1045 3559 nites
1060 3512 1177 3562 militasse.

128 3525 284 3623 ditonovhnoe
302 3576 413 3625 exhibent
434 3576 471 3622 Aa
490 3589 539 3623 arr·
562 3575 637 3624 minua
669 3575 750 3638 ltaque
768 3575 806 3624 hic
823 3575 945 3624 Cretenses
988 3589 1063 3624 venta
1075 3576 1176 3625 Creten·

127 3641 260 3688 commode.
669 3655 715 3697 aas,
723 3641 846 3691 Tarentini
860 3641 949 3704 equites
963 3643 1068 3690 adversus
1085 3641 1176 3704 equites

133 3755 135 3762 ,
160 3702 183 3741 ⁹⁶
199 3704 639 3767 headaarriooatrimqroe....oquati
669 3705 927 3769 Tarentinupugnaat.
958 3704 998 3754 Sic
1013 3717 1039 3754 et
1058 3706 1081 3754 in
1099 3721 1176 3770 pirgus

128 3767 191 3831 nrm]
218 3769 331 3828 Andreas,
355 3772 457 3834 unque:
485 3767 544 3830 quod
568 3769 638 3828 magia
671 3770 850 3834 Philopoeroenia
876 3771 981 3818 advertus
1011 3769 1176 3818 Machanidam
1224 3818 1227 3827 ,

128 3833 324 3961 arn,
341 3895 548 3973 aaa]
1238 3849 1239 3852 Ὗ

129 3961 209 4040 ptqttrl
223 3961 294 4011 dubio
305 3960 548 4027 Polybrihiatotiarum
564 3962 636 4026 atrip-
698 3968 720 4002 ⁰⁰
745 3963 774 4013 Et
794 3915 884 4012 aalma
902 3935 975 4012 viter-d
991 3965 1083 4027 tyranni
1110 3966 1174 4010 ortai-

129 4035 315 4142 mgpiir‘dztm
339 4100 361 4140 et
390 4089 493 4152 wan]
521 4089 638 4164 Cretenses,
667 4029 743 4142 im
758 4026 1073 4159 t‘ytraqd‘tii]aulriiiililrlecae,qudd
1081 4041 1174 4158 22⁸1:de

131 4157 169 4218 qui
189 4169 257 4206 eram
274 4165 296 4205 et
314 4157 414 4212 mirem,
431 4155 453 4202 id
472 4165 518 4212 eat,
533 4156 635 4204 hasnum
667 4169 692 4208 et
710 4173 808 4208 nurnero
827 4159 973 4222 superabant,
988 4169 1012 4205 et
1032 4169 1173 4221 praeceptum

132 4235 232 4286 quoque,
261 4223 388 4279 molliam,
414 4222 552 4282 nudumque
578 4219 635 4267 idam
667 4239 682 4269 a
700 4223 871 4287 Philopoemene
890 4222 1005 4288 profectis
1020 4232 1078 4283 erat,
1099 4235 1126 4270 ut
1146 4223 1172 4271 iu

123 4288 372 4350 pertransiremus
394 4282 635 4348 eqdeumrimlniir
667 4287 744 4349 sugam
763 4287 905 4336 inclinarent.
949 4287 1029 4350 ltaque
1048 4287 1173 4336 abrahim·
1287 4325 1290 4332 .

129 4351 255 4413 equarum.
272 4350 312 4413 qui
329 4365 370 4413 pro
386 4349 478 4398 Achai·
496 4349 635 4412 manabant.
666 4367 745 4402 eorus
763 4355 787 4401 in
798 4353 870 4400 verbo
882 4352 1041 4414 perimamur.
1075 4351 1102 4400 ln
1118 4353 1170 4401 vrt-

129 4427 214 4480 aenrps
249 4415 340 4478 equites
375 4413 497 4472 tonatur,
529 4414 635 4477 presidio
665 4419 723 4478 gnlr
733 4417 870 4466 editionibus
888 4417 926 4465 hic
943 4417 1005 4468 luctu
1022 4417 1080 4467 mala
1097 4417 1169 4468 inter·

31 4549 39 4558 .
131 4493 195 4533 etan
205 4479 351 4551 aquitannia
363 4478 468 4530 Nabidm·
500 4477 633 4540 intelligen-
651 4479 923 4548 'penniontlaborabat
