3080 5196
400 383 480 448 LlB.
501 377 644 448 mvl.
660 381 755 448 'CAR
775 383 858 448 XIV.
1093 397 1162 456 249·

113 544 197 607 eem¹
211 543 340 610 millibus
355 547 503 630 peditum,
526 548 643 611 duobus
655 547 791 610 'millibus
805 544 953 632 equitum,
975 547 1151 632 quindecim
1167 546 1240 612 tte.
1252 553 1322 614 561.1

111 632 289 714 elephantis,
313 634 388 696 mari
410 633 553 717 trajecto,
579 636 736 718 pedestres
751 636 855 718 copias
873 634 1024 702 Larissam
1041 638 1151 702 ducere
1166 629 1197 676 A.
1208 626 1237 676 ⁰·
1251 627 1304 678 ¹⁹¹·
1352 639 1355 646 ’

112 719 242 782 delectos
257 722 387 784 militum
402 723 537 784 tribunos
548 721 651 804 jussit.
666 723 732 804 ipse
748 745 818 784 cum
833 724 971 804 equitatu
985 723 1152 788 Limnaeam

110 805 149 868 ad
163 805 334 890 Philippum
360 810 452 873 venit.
495 808 638 872 Adventu
653 811 787 871 consulis
802 810 918 872 deditio
938 811 1002 874 aine
1025 825 1152 877 cuncta-

109 893 190 954 tione
205 907 252 956 est
267 895 368 957 lacta:
392 896 597 980 traditumque
618 897 790 980 praesidium
815 897 941 979 regium,
967 907 1000 962 et
1022 921 1091 962 cum
1116 901 1152 963 iis
1165 903 1223 966 1³1⁰·
1234 917 1271 952 ¹²¹

107 979 304 1044 Athamanes.
337 982 386 1044 Ab
402 981 538 1046 Limnaea
553 983 726 1047 Pellinaeum
742 985 847 1047 consul
863 985 1073 1068 proficiscitur.
1108 986 1152 1051 llri
1165 979 1244 1032 μ’·

108 1067 194 1149 primi
209 1068 399 1132 Athamanes
424 1071 615 1134 tradiderunt
636 1092 713 1151 sese,
739 1072 849 1134 deinde
866 1082 898 1134 et
912 1071 1067 1157 Philippus
1082 1071 1161 1152 Me·⁴

108 1154 350 1238 galopolitanus:
375 1159 435 1236 cui,
451 1159 610 1222 decedenti
627 1160 664 1221 de
680 1159 829 1241 praesidio,
846 1179 940 1242 quum
956 1161 1061 1222 obvius
1076 1162 1154 1226 forte

108 1239 212 1304 luisset
226 1242 384 1328 Philippus
398 1267 463 1324 rex,
480 1247 518 1309 ad
533 1247 695 1309 ludibrium
717 1249 740 1286 ⁵¹
753 1267 855 1328 regem
879 1267 950 1308 eum
970 1243 1161 1330 consalutari

102 1325 215 1409 jussit3
240 1331 303 1414 ipse
319 1353 496 1416 congressus
513 1333 647 1412 fratrem,
670 1333 752 1394 haud
767 1353 839 1395 sane
865 1333 979 1396 decoro
1001 1334 1154 1419 majestati

104 1435 164 1476 suae
175 1415 260 1498 joco,
275 1419 448 1502 adpellavit.
491 1418 647 1483 Deductus
673 1420 743 1482 inde
768 1421 807 1482 ad
831 1421 988 1484 consulem
1008 1424 1154 1486 custodiri
1197 1441 1199 1446 ·

100 1499 213 1583 jussus,
237 1517 269 1568 et
291 1507 373 1568 haud
400 1509 443 1570 ita
466 1508 562 1570 multo
586 1519 656 1590 post
681 1507 712 1572 in
736 1507 862 1576 vinculis
886 1507 1017 1571 Romam
1034 1511 1153 1572 missus.

106 1601 207 1652 cetera
221 1593 385 1656 multitudo
399 1592 607 1656 Athamanum
622 1606 675 1657 aut
686 1595 815 1656 militum
827 1594 972 1656 Antiochi
985 1596 1154 1678 regiaque

99 1675 135 1736 in
150 1679 298 1760 praesidiis
313 1681 485 1743 deditorum
500 1703 555 1764 per
574 1699 625 1742 eos
653 1681 717 1742 dies
742 1681 923 1764 oppidorum
946 1682 1057 1761 fuerat,
1081 1680 1152 1746 Phi·

106 1762 189 1846 lippo
212 1767 327 1829 tradita
350 1769 413 1850 regi
438 1777 493 1830 est
517 1769 599 1830 fuere
625 1779 727 1830 autem
744 1768 783 1829 ad
798 1769 857 1831 tria
871 1769 969 1831 millia
982 1771 1153 1832 hominum.

106 1847 217 1914 Consul
232 1851 382 1916 Larissam
399 1868 446 1916 est
460 1854 625 1938 profectus,
647 1855 743 1917 ibide
761 1876 880 1917 summa
902 1857 973 1918 belli
998 1857 1152 1918 consulta·

105 1948 198 2000 turus.
224 1940 256 2001 in
282 1940 390 2022 itinere
417 1945 444 1980 ⁵²
458 1943 497 2004 ab
518 1941 617 2006 Pieria
642 1954 674 2004 et
699 1941 868 2025 Metropoli
890 1942 982 2024 legati
998 1943 1153 2006 tradentes

104 2025 192 2086 urbes
219 2047 288 2088 suas
314 2029 522 2090 obcurrerunt.
578 2026 750 2112 Philippus,
775 2028 984 2090 Athamanum
1003 2031 1153 2113 praecipue

105 2113 231 2194 captivis
246 2114 439 2196 indulgenter
453 2116 576 2194 habitis,
598 2127 634 2178 ut
660 2136 715 2198 per
742 2137 794 2177 eoa
817 2114 995 2178 conciliaret
1019 2126 1154 2198 gentem,

103 2212 210 2262 nactus
225 2221 311 2283 spem
326 2202 520 2264 Athamania
535 2201 699 2284 potiunda,
722 2201 887 2264 exereitum
904 2223 942 2264 eo
957 2203 1055 2280 duxit,
1077 2223 1153 2286 pree·

104 2286 203 2349 missis
231 2289 262 2348 in
287 2289 425 2350 civitates
452 2289 589 2371 captivis.
643 2287 685 2350 Et
706 2287 750 2349 illi
774 2309 917 2370 magnam
939 2291 1153 2353 auctoritatem

103 2375 186 2455 apud
201 2375 364 2457 populares
380 2376 562 2455 habuerunt,
585 2375 779 2438 clementiam
795 2395 868 2457 erga
887 2397 919 2437 se
937 2377 1016 2459 regis
1032 2377 1154 2438 munili-

103 2461 300 2543 centiamque
315 2473 607 2546 commemorantes:
631 2473 663 2524 et
676 2461 882 2546 Amynander,
898 2461 983 2544 cujus
997 2465 1153 2546 praesentis
1184 2461 1189 2468 “

102 2546 249 2628 majestas
265 2549 382 2630 aliquos
409 2551 439 2610 in
465 2549 525 2612 fide
551 2549 760 2626 continuisset,
781 2550 893 2611 veritus
919 2570 958 2610 ne
984 2551 1153 2612 traderetur

101 2630 246 2718 Philippo
260 2634 326 2717 jam
342 2637 459 2719 pridem
475 2637 567 2714 hosti,
582 2649 615 2698 et
631 2635 777 2697 Romanis
793 2637 902 2699 merito
916 2647 1014 2698 tunc!
1028 2650 1153 2721 propter

103 2719 307 2804 defectionem
323 2721 543 2800 insauciatum
563 2721 693 2804 conjuge
720 2744 756 2784 ae
771 2723 873 2784 liberis
892 2744 986 2804 regno
1010 2725 1152 2803 excessit,

103 2807 359 2890 Ambraciamque
380 2831 412 2872 ae
435 2811 576 2873 contulit.
599 2810 644 2873 ita
666 2808 852 2872 Athamania
870 2812 970 2873 omnis
985 2811 1016 2872 in
1037 2810 1087 2894 jus
1104 2812 1151 2873 di-

103 2896 280 2978 tionemque
295 2895 429 2981 Philippi
448 2897 609 2960 concessit.
643 2893 770 2975 Consul,
786 2897 824 2958 ad
840 2897 1004 2960 reficienda
1019 2900 1152 2960 maxime

98 2979 250 3064 jumenta,
277 3004 342 3065 quae
362 2995 394 3046 et
423 2977 629 3066 navigatione,
652 2994 685 3046 et
707 2995 815 3066 postea
839 2985 994 3046 itineribus
1021 2985 1152 3066 fatigata

52 3067 57 3078 '
102 3082 200 3149 erant,
223 3090 338 3154 paucos
361 3067 487 3132 Larissae
505 3083 640 3133 moratus
658 3070 733 3148 dies,
754 3071 838 3132 velut
864 3083 1008 3132 renovato
1030 3073 1153 3132 modica

102 3157 204 3238 quiete
221 3157 360 3219 exercitu
374 3155 547 3220 Cranonem
568 3168 615 3218 est
638 3177 811 3238 progressus
821 3156 848 3218 ¹¹.
874 3154 1036 3218 ‘Venienti
1058 3157 1152 3219 Phar·

101 3244 194 3321 salus,
218 3241 376 3326 Scotusae,
399 3255 431 3304 et
448 3241 562 3320 Pherae,
584 3263 707 3325 quaque
730 3243 761 3303 in
787 3243 830 3305 eis
853 3243 993 3326 prasidio
1007 3243 1161 3305 Antiochi'

100 3341 202 3408 erant,
218 3329 381 3391 deduntur.
405 3351 443 3391 ex
463 3329 499 3391 iis
514 3329 719 3410 interrogatis,
743 3329 793 3411 qui
816 3349 939 3390 manere
963 3349 1067 3391 aecum
1089 3331 1152 3392 vel·

99 3417 178 3496 lent,
201 3416 286 3478 mille
301 3415 434 3478 volentes
455 3414 597 3499 Philippo
621 3415 734 3479 tradit:
759 3430 876 3478 eeteros
892 3416 1021 3478 inermes
1036 3415 1151 3479 Deme-

50 3500 67 3550 -’
100 3503 233 3566 triadem
262 3503 398 3566 remittit.
442 3501 606 3566 Proernam
635 3503 706 3564 inde
732 3503 857 3586 recepit,
885 3506 912 3544 ⁸³
928 3517 959 3566 et
983 3524 1049 3586 quae
1071 3505 1152 3568 circa

101 3612 168 3653 eam
185 3589 315 3654 castella
329 3583 424 3653 erant.
460 3589 579 3653 Ducere
596 3601 661 3652 tum
675 3611 766 3674 porro
781 3591 812 3652 in
829 3593 855 3630 ⁶⁴
868 3590 966 3653 sinum
982 3589 1150 3655 Maliacum

102 3679 205 3762 coepit.
250 3677 524 3762 Adpropinquante
539 3677 686 3764 faucibus,
708 3698 798 3760 super
822 3698 896 3758 quas
917 3679 967 3740 siti
980 3676 1150 3741 Thaumaci

103 3777 182 3844 sunt,
209 3766 331 3828 deserta
357 3765 439 3843 urbe,
458 3764 601 3847 juventus
623 3765 723 3826 omnis
745 3781 862 3826 armata
883 3766 971 3826 silvas
994 3777 1026 3828 et
1041 3767 1151 3828 itinera

103 3853 225 3934 insedit,
248 3863 278 3913 et
295 3853 326 3912 in
342 3873 451 3934 agmen
474 3851 647 3914 Romanum
668 3873 707 3913 ex
728 3853 1027 3935 superioribuqlocis
1049 3853 1149 3914 incur·

101 3940 184 4002 sarit.
231 3937 347 4002 Consul
360 3940 459 4023 primo
476 3940 607 4018 mittere,
620 3940 671 4022 qui
688 3959 726 4002 ex
742 3940 914 4024 propinquo
930 3939 1149 4021 conloquentes

133 4125 143 4161 ¹
156 4130 238 4194 υἰςίιιεί
249 4127 391 4210 Crenllup.
530 4135 543 4172 r
559 4137 606 4177 rura
617 4127 689 4176 Gron.
701 4125 770 4176 Crer.
908 4130 920 4165 Ι·
933 4121 1044 4190 prolenis
1054 4121 1117 4171 liud.

134 4295 153 4329 ⁵¹
172 4294 267 4362 Regem]
286 4295 391 4358 Sigonius
401 4296 433 4345 sic
445 4296 490 4358 legi
499 4297 576 4362 jussit,
586 4305 611 4344 et
674 4295 695 4331 ⁵³
711 4293 741 4341 Et
753 4309 800 4356 φα
810 4296 869 4341 cirea
879 4308 925 4339 urm
942 4287 1046 4356 casello]
1062 4291 1149 4342 Merito

103 4361 162 4440 leret
172 4362 236 4412 Vict.
269 4360 368 4416 Quidam
379 4363 429 4412 libri
441 4363 499 4412 male
508 4363 610 4411 habuere
641 4360 702 4459 delet
713 4360 1050 4488 frgppvuipsffio‘cgppueppw
1081 4381 1167 4491 mim·

69 4540 71 4550 ,
99 4439 460 4558 ἭὺΡὴήαιιΜωυροιῑ]
476 4477 608 4560 Legatum
638 4482 922 4546 nor.31.sdrxxv.37.
1053 4460 1058 4474 ⁸

101 4555 607 4630 Sigonio,Piulic.Vid.uot.atmdnxxudh
