3038 5200
159 515 325 594 'uestra

171 605 207 658 a
218 602 249 655 c.
263 606 317 658 ns.

172 693 277 772 meme

172 768 255 812 ontio·

342 395 401 453 1⁶0
751 370 845 437 'Tm
863 371 965 435 blVss

339 538 491 603 Aristaeno
504 535 685 602 Achaeorum
700 547 838 619 pretore,
860 531 1048 614 tribunisque
1063 529 1196 592 militum
1210 527 1321 613 paucis
1334 527 1394 592 de-

341 627 469 689 scendit.

382 709 501 775 XXXI.
524 709 570 773 lbi
586 710 768 794 'permissu
780 717 824 786 ut,
839 728 892 769 seu
903 707 1004 769 dicere
1015 706 1109 789 prius,
1121 725 1174 767 seu
1189 703 1295 767 audire
1311 704 1390 766 mal·

339 800 392 878 let,
415 799 460 864 ita
472 799 566 880 coepit
578 808 732 880 tyrannus.
777 796 788 828 ‘
805 791 839 856 Si
853 795 983 877 ipseper
997 811 1058 871 me,
1066 790 1106 854 T.
1117 791 1253 869 Quincti,
1261 810 1389 871 vosque,

339 885 418 971 ‘qui
443 883 567 962 adestis,
588 903 726 945 caussam
748 881 931 962 excogitare,
953 900 1009 941 cur
1028 878 1104 941 mihi
1128 889 1182 939 sut
1201 876 1393 939 indixissetis

339 971 489 1049 ‘bellum,
512 980 566 1031 aut
588 969 750 1047 inferretis,
781 987 924 1050 possem;
955 966 1066 1027 tacitus
1091 975 1233 1026 eventum
1259 963 1392 1026 fortuuae

339 1059 440 1119 ‘meae
456 1065 689 1140 exspectassem.
703 1074 785 1116 nunc
800 1054 948 1136 imperare
964 1052 1068 1113 animo
1082 1050 1214 1132 nequivi,
1226 1050 1313 1131 quin,
1328 1050 1390 1132 pri-

338 1142 491 1224 ‘usquam
506 1143 647 1226 perirem,
663 1162 717 1202 cur
728 1141 877 1225 periturus
888 1159 996 1216 essem,
1012 1137 1132 1199 scirem.
1175 1135 1228 1215 Et,
1243 1133 1392 1217 Hercule,

351 1225 389 1289 ‘si
410 1229 487 1290 tales
502 1229 618 1306 essetis,
638 1229 743 1309 quales
758 1247 822 1288 esse
838 1224 1108 1306 Karthaginienses
1126 1223 1209 1284 fama
1225 1234 1284 1300 est,
1307 1226 1390 1304 opud

338 1314 441 1396 ‘quos
456 1315 532 1376 nihil
551 1315 708 1375 societatis
731 1313 807 1374 lides
830 1313 928 1375 sancti
952 1312 1102 1390 haberet3
1134 1310 1165 1372 in
1191 1330 1240 1372 me
1267 1331 1391 1394 quoque

338 1399 562 1480 “vobisquid
576 1397 826 1460 laceretisminus
841 1399 926 1481 pensi
942 1418 1019 1475 esse,
1034 1417 1095 1459 non
1106 1397 1243 1458 mirarer.
1287 1394 1392 1477 Nunc,

339 1485 459 1566 ‘'quum
471 1505 523 1546 vos
535 1484 665 1563 intueor,
676 1483 831 1547 Romanos
847 1505 912 1545 esse
923 1483 1023 1560 video,
1038 1484 1090 1564 qui
1104 1503 1203 1543 rerum
1218 1483 1389 1546 divinarum

339 1571 490 1648 ‘'foedera,
510 1571 711 1632 humansrum
728 1570 821 1631 fidem
838 1568 982 1632 socialem
998 1568 1220 1630 sanctissimam
1240 1570 1394 1634 habeatis.

339 1655 353 1690 ‘
368 1655 470 1727 Quum
484 1677 534 1717 me
555 1656 620 1738 ipse
638 1656 769 1739 respexi,
792 1674 861 1717 eum
877 1675 942 1716 esse
958 1674 1057 1738 spero,
1079 1654 1129 1714 cui
1144 1667 1177 1716 et
1191 1655 1327 1738 publice,
1350 1657 1390 1719 si·

340 1743 419 1804 ‘cut
441 1742 547 1804 ceteris
572 1740 821 1820 Lacedaemoniis,
844 1741 1000 1804 vobiscum
1026 1740 1263 1804 vetustissimum
1292 1743 1392 1806 foedus

340 1827 427 1890 ‘site
459 1838 492 1890 et
505 1847 575 1889 meo
594 1828 717 1889 nomine
734 1828 876 1911 privatim
904 1828 1041 1890 amicitis
1069 1847 1105 1888 ac
1129 1827 1274 1906 societas,
1295 1849 1393 1913 nuper

340 1912 498 1998 ‘Philippi
513 1913 593 1975 bello
608 1925 762 1975 renovata.
805 1913 849 1976 At
863 1913 944 1976 enim
960 1933 1019 1995 ego
1033 1933 1102 1974 eam
1115 1913 1224 1975 violavi
1239 1925 1272 1976 et
1286 1917 1392 1994 everti,

338 2000 353 2034 ‘
367 2001 448 2082 quod
462 1999 643 2082 Argivorum
655 2000 809 2063 civitatem
821 2012 922 2063 teneo.
956 1999 1120 2070 Quomodo
1136 1999 1195 2062 hoc
1211 2005 1321 2064 tuear?
1346 2025 1392 2083 re,

339 2085 406 2148 ‘sn
422 2087 581 2169 tempore?
610 2087 671 2148 Res
691 2087 767 2148 mihi
783 2087 934 2169 duplicem
952 2086 1161 2148 defensionem
1178 2088 1300 2168 praebet.
1316 2111 1390 2151 nam

339 2171 352 2205 ‘
367 2183 409 2250 et,
428 2173 502 2253 ipsis
524 2173 703 2234 vocantibus
720 2194 755 2234 ac
770 2173 969 2250 tradentibus,
986 2173 1092 2234 urbem
1111 2193 1180 2234 eam
1196 2175 1308 2257 accepi,
1325 2196 1392 2237 non

337 2257 353 2290 ‘
367 2257 521 2339 occupavi.
541 2260 705 2342 et'accepi‚
726 2278 818 2340 quum
843 2257 974 2342 Philippi
995 2258 1140 2340 partium,
1161 2281 1226 2321 non
1243 2261 1273 2320 in
1286 2273 1393 2324 uestra

277 2415 283 2422 ,
338 2343 614 2406 ‘societateesset
658 2344 817 2428 ⁵Tempus
833 2353 934 2406 autem
946 2366 984 2407 eo
996 2365 1045 2406 me
1060 2344 1178 2423 liberat,
1194 2347 1287 2429 quod,
1298 2359 1409 2430 quum'

339 2429 351 2465 ‘
362 2428 429 2511 jam
443 2429 543 2511 Argos
555 2431 708 2508 haberem,
720 2433 850 2492 societas
862 2431 937 2493 milri
950 2431 1108 2493 vobiscum
1123 2434 1283 2496 convenite
1300 2445 1343 2512 et,
1357 2445 1395 2497 ut

340 2515 452 2576 ‘vobis
471 2516 627 2577 mitterem
645 2517 685 2578 ad
705 2517 817 2580 bellum
838 2518 961 2596 auxilia,
981 2538 1044 2580 non
1064 2529 1099 2579 ut
1112 2517 1202 2603 Argis
1216 2522 1395 2602 praesidium

288 2615 292 2622 '
340 2599 559 2680 ‘deducerem,
571 2601 740 2684 pepigistis.
784 2603 837 2682 At,
853 2601 974 2682 Hercle,
990 2605 1022 2666 in
1037 2625 1074 2666 ea
1088 2607 1302 2686 controversia,
1326 2628 1397 2690 quse

196 2709 199 2716 ·
231 2734 235 2740 .
341 2686 407 2747 ‘de
417 2685 508 2769 Argis
523 2698 580 2766 est,
591 2689 727 2768 superior
738 2709 805 2751 sum
817 2699 849 2751 et
862 2691 1004 2771 aequitate
1019 2691 1073 2768 rei,
1090 2693 1169 2771 quod
1183 2712 1243 2754 non
1255 2705 1396 2756 vestram

312 2778 317 2792 '
342 2772 487 2852 ‘urbem,
508 2773 563 2835 sed
578 2774 732 2852 hostium3
761 2776 844 2856 quod
857 2776 1022 2854 volentem,
1044 2795 1107 2837 non
1121 2777 1148 2836 vi
1162 2790 1311 2858 coactam,
1333 2801 1394 2841 ac-

342 2857 457 2942 ‘cepi3
481 2868 514 2920 et
527 2869 626 2921 vestra
640 2860 841 2939 confessione,
853 2861 937 2942 quod
947 2861 979 2922 in
994 2861 1216 2924 conditionibus
1230 2865 1396 2927 societatis

343 2945 444 3007 ‘mihi
459 2945 558 3027 Argos
573 2945 745 3029 reliquistis.
777 2945 921 3007 Ceterum
935 2967 1048 3009 nomen
1061 2950 1181 3032 tyranni
1192 2949 1318 3012 etfacts
1328 2950 1397 3012 me¹

343 3031 356 3067 ‘
369 3043 522 3114 premunt,
532 3032 615 3112 quod
626 3051 726 3093 servos
738 3032 778 3093 sd
789 3031 961 3095 libertatem
971 3053 1059 3114 voco,
1082 3035 1164 3116 quod
1175 3037 1206 3097 in
1221 3055 1311 3118 agros
1323 3037 1397 3099 ino-

343 3113 441 3199 ‘pem
461 3117 581 3199 plebem
603 3116 731 3181 deduco.
773 3115 822 3180 De
843 3120 968 3182 nomine
983 3121 1042 3182 hoc
1058 3123 1242 3204 respondere
1257 3141 1399 3206 possum,

343 3203 355 3239 ‘
368 3223 430 3282 me,
446 3202 673 3284 qualiscumque
688 3223 768 3283 sum,
783 3205 923 3268 eumdem
944 3229 1020 3286 esse,
1040 3208 1092 3290 qui
1106 3208 1162 3288 fui,
1177 3229 1271 3291 quum
1282 3211 1398 3293 tuipse

344 3289 501 3367 ‘mecum,
515 3286 555 3352 T.
571 3289 708 3370 Quincti,
733 3291 912 3355 societatem
927 3293 1079 3376 pepigisti.
1122 3293 1203 3358 'llum
1219 3317 1269 3357 me
1290 3317 1397 3378 regem

343 3373 516 3456 ‘adpellari
537 3397 556 3438 a
577 3376 664 3438 vobis
693 3377 841 3440 memini:
872 3396 953 3440 nunc
978 3389 1141 3462 tyrannum
1164 3383 1267 3445 vocari
1294 3383 1396 3445 video.

344 3460 356 3494 ‘
370 3458 478 3542 ltaque
493 3461 518 3521 si
534 3481 592 3542 ego
603 3479 716 3524 nomen
726 3464 846 3544 imperii
855 3475 1033 3541 mutassem,
1042 3466 1117 3527 mihi
1129 3487 1205 3528 mess
1215 3469 1399 3530 inconeus-

345 3544 440 3621 ‘tiae3
469 3564 561 3625 quum
580 3565 633 3607 vos
656 3548 792 3626 mutetis,
815 3549 899 3609 vobis
925 3561 1031 3611 vestrae
1053 3550 1209 3613 reddenda
1234 3556 1313 3616 ratio
1336 3564 1398 3616 est.

345 3630 358 3666 ‘
372 3628 463 3698 Quod
478 3629 518 3689 sd
533 3630 757 3694 multitudinem
770 3633 861 3694 servis
876 3633 1039 3696 liberandis
1049 3647 1183 3716 auctam,
1194 3649 1227 3702 et
1236 3639 1397 3721 egentibus

345 3714 499 3776 ‘divisum
519 3736 624 3797 agrum
643 3717 774 3798 adtinet,
793 3739 916 3800 possum
935 3720 1057 3801 quidem
1074 3733 1107 3784 et
1127 3724 1159 3785 in
1181 3724 1240 3785 hoc
1260 3735 1310 3785 me
1326 3723 1417 3806 jure'

345 3801 519 3883 ‘temporis
545 3803 648 3870 tutari.
698 3802 771 3866 lam
796 3805 928 3882 feceram
954 3808 1030 3887 haec,
1054 3809 1286 3892 qualiacumque
1313 3820 1404 3889 sunt,

347 3888 466 3970 ‘quum
483 3888 660 3952 societatem
676 3911 797 3954 mecum
817 3892 990 3975 pepigistis,
1005 3906 1038 3956 et
1058 3894 1172 3958 auxilia
1189 3896 1221 3958 in
1241 3897 1323 3959 bello
1338 3897 1404 3959 sd-

738 4013 746 4048 ¹
760 4031 794 4064 ms
804 4015 849 4064 del.
861 4015 934 4066 Cxou.
946 4017 1016 4067 Creu.

361 4103 391 4142 '³
407 4103 513 4156 remeo
530 4116 566 4164 ut,
585 4121 625 4157 seu
643 4109 715 4157 disere
730 4110 869 4170 priamus*
917 4108 930 4143 ⁴
946 4109 963 4141 ⁶
982 4109 1044 4158 Vobis
1058 4111 1229 4173 quidsaeeretir
1246 4117 1401 4177 sompni

347 4171 427 4219 audes
441 4171 527 4236 mbr]
542 4172 616 4221 vacat
630 4175 733 4238 proferro
745 4170 869 4236 particulo¹
886 4173 940 4238 esse]
955 4173 1246 4226 Vid.'nor.sdxxv1.15.
1265 4183 1268 4190 ’

348 4241 385 4291 ut,
398 4234 445 4282 imo
454 4237 539 4294 turbat,
555 4252 626 4300 quum
639 4238 698 4286 nihil
715 4239 744 4286 sit
754 4239 782 4286 ad
792 4239 855 4303 quod
920 4240 931 4272 ⁵
950 4238 1040 4300 lirnpur
1047 4249 1122 4289 metm
1131 4255 1156 4289 so
1163 4253 1199 4289 mr
1207 4241 1297 4306 librat]
1317 4242 1351 4291 Eo
1360 4241 1401 4291 in-

348 4295 470 4349 rsferetur.
523 4303 607 4367 loque
634 4319 685 4353 eum
711 4305 855 4353 reserendam
887 4302 1100 4366 telligseomts'orre,
1117 4305 1166 4354 sive
1180 4307 1236 4354 ideo.
1266 4308 1319 4358 Nisi
1332 4310 1407 4358 ndis

348 4375 400 4410 csse
415 4366 580 4418 oerrsnerimos.
613 4367 630 4399 ⁶
647 4368 797 4430 Permiuostd
814 4381 857 4428 set,
887 4365 1401 4422 recidereillernvorulemudditemeGelc·

348 4441 422 4488 quum
432 4429 474 4492 ipsi
483 4433 620 4496 menbrum
631 4444 691 4486 esset
703 4441 782 4486 utrum
797 4435 855 4486 nal.
887 4433 936 4492 nio.
951 4450 1021 4497 quem
1031 4435 1210 4492 insumentes,
1225 4447 1262 4495 ets
1275 4451 1338 4492 rene
1348 4439 1404 4492 Jae.

279 4541 288 4552 ,
346 4489 392 4557 let,
402 4509 445 4546 ssu
455 4528 462 4547 .
474 4529 503 4549 ..
889 4499 1158 4562 Gronorio,Thurnsrus
1167 4502 1282 4565 imment.
