3026 5164
355 377 414 428 ¹156
771 363 855 426 ΤΙΤΙ
873 362 974 426 1erss

278 549 334 603 570·
375 533 379 538 ’
400 519 457 586 111.
479 520 527 586 De
552 512 691 608 Philippo
721 515 978 586 auxerat'curam
1000 519 1248 586 Marcianum
1277 521 1322 586 ita
1345 525 1393 587 le·

281 617 333 666 182.
357 612 433 676 cisse
455 632 536 689 eum,
558 631 622 692 quoe
646 611 762 672 senatui
784 610 978 692 placuissent,
992 609 1155 688 fatebatur,
1172 621 1210 672 ut
1230 609 1321 672 facile
1341 612 1395 673 ad-

316 733 318 740 ·
357 709 487 783 pareret,
507 719 570 761 uon
598 697 720 775 diutius,
744 717 835 779 quam
860 717 982 758 necesse
1005 709 1094 774 esset,
1114 697 1278 759 facturum.
1301 717 1397 780 neque

357 788 518 848 obscurum
548 795 613 846 erat
642 783 869 861 rebellaturum,
898 785 1071 865 omniaque,
1095 801 1161 864 qum
1189 794 1264 845 tunc
1294 791 1400 864 ageret

357 873 544 952 diceretque,
571 891 608 932 eo
632 882 779 953 spectare.
832 868 903 932 Jarn
924 867 1055 952 primum
1076 889 1198 932 omnem
1213 871 1279 932 fere
1292 870 1399 931 multi-

357 959 494 1020 tudinem
519 957 628 1019 civium
653 977 692 1017 ex
715 956 872 1018 maritimis
896 955 1069 1018 civitatibus
1094 977 1163 1018 cum
1185 955 1315 1019 familiis
1339 957 1400 1018 suia

357 1045 389 1106 in
411 1043 596 1121 Emathiam,
619 1063 684 1124 quae
707 1063 787 1105 nunc
811 1042 931 1122 dicitur,
954 1043 1106 1131 quondam
1135 1041 1291 1126 adpellata
1315 1041 1398 1104 Pno-

357 1131 410 1194 nia
432 1141 488 1209 est,
508 1129 661 1192 traduxit:
689 1128 916 1210 ‘lhracibusque
939 1141 971 1192 et
992 1129 1058 1190 aliis
1073 1129 1206 1192 barbaris
1226 1131 1320 1192 urbas
1336 1141 1401 1192 ma-

358 1211 644 1295 didithahitandas,
658 1215 767 1278 fidiora
781 1217 845 1278 haec
867 1235 980 1298 genera
1000 1217 1157 1278 hominum
1171 1217 1237 1278 fore
1256 1228 1345 1279 ratus
1367 1216 1401 1280 in

272 1296 275 1302 ’
357 1301 498 1367 Romano
513 1303 605 1366 bello.
662 1301 820 1385 lugentem
844 1323 881 1365 ea
903 1324 949 1364 res
963 1302 1116 1366 fremitum
1131 1314 1197 1366 tote
1211 1301 1402 1366 Macedonia

357 1390 449 1469 fecit3
478 1391 738 1472 relinquentesque
760 1401 886 1472 penates
912 1410 981 1452 suos
1003 1411 1073 1452 cum
1095 1388 1277 1472 conjugibus
1299 1411 1340 1452 ae
1363 1391 1399 1452 li·

356 1477 437 1538 beris
457 1478 545 1560 pauci
569 1477 695 1539 tacitum
717 1477 852 1539 dolorem
873 1477 1087 1554 continebant3
1114 1478 1400 1559 exsecrationesque

357 1563 389 1624 in
402 1565 573 1646 'agminibus
584 1563 839 1647 proficiscentium
853 1565 885 1626 in
901 1561 1166 1646 regem,'vincente
1181 1563 1253 1625 odio
1270 1575 1400 1642 metum,

357 1651 605 1713 exaudiebantur.
663 1649 720 1712 His
742 1652 828 1712 ferox
850 1651 968 1712 animus
992 1670 1098 1712 omues
1119 1650 1269 1729 homines,
1294 1651 1401 1712 omnia

358 1735 426 1798 loca
448 1749 644 1820 temporaque
665 1748 805 1821 suspecta
826 1737 968 1799 habebat
1021 1735 1178 1799 Postremo
1198 1757 1313 1818 negare
1330 1757 1401 1820 pm-

356 1824 458 1905 palam
484 1825 587 1908 coepit,
608 1824 681 1886 satis
705 1835 804 1887 tutum
829 1824 886 1886 sibi
908 1823 1073 1905 quidquam
1098 1844 1175 1902 esse,
1201 1824 1259 1886 nisi
1287 1824 1400 1887 liberos

356 1929 471 1990 eorum,
487 1932 562 1993 quos
578 1911 787 1989 interfecisset,
803 1910 1037 1994 comprehensos
1058 1910 1090 1971 ia
1105 1910 1244 1973 custodia
1258 1910 1399 1990 haberet,

356 2009 388 2059 et
403 2009 542 2081 tempore
558 1998 650 2060 aliurn
667 1998 727 2059 alio
742 1998 874 2060 tolleret.

398 2082 453 2147 lV.
475 2084 553 2147 Eam
580 2084 801 2163 crudelitatem,
824 2083 938 2146 foedam
967 2105 1021 2168 per
1050 2106 1092 2164 se,
1122 2085 1285 2148 loediorem
1309 2088 1396 2150 unius

357 2171 465 2246 domus
488 2171 589 2234 clades
615 2172 698 2234 fecit.
756 2169 955 2250 Herodicum,
980 2171 1147 2254 principem
1169 2171 1398 2253 Thessalorum,

254 2335 258 2345 Ι
355 2260 459 2322 multis
475 2271 546 2322 ante
560 2257 648 2322 annis
668 2258 837 2320 occiderat:
865 2279 994 2340 generos
1008 2278 1127 2342 quoque
1147 2257 1212 2341 ejus
1228 2273 1337 2337 postea
1350 2261 1397 2323 iu-

355 2346 487 2408 terfecit.
510 2347 541 2407 in
561 2346 705 2408 viduitate
728 2345 839 2406 relictae
862 2345 940 2422 hliae,
962 2345 1095 2426 singulos
1116 2345 1194 2406 lilios
1213 2367 1323 2429 parvos
1343 2349 1399 2410 ha-

357 2432 474 2496 bentes.
512 2431 680 2495 Theoxena
695 2445 727 2492 ct
737 2431 842 2494 Archo
853 2432 979 2494 uomina
993 2431 1167 2494 mulieribus
1182 2445 1280 2496 erant.
1315 2431 1400 2496 The-

356 2537 465 2596 oxena,
492 2519 595 2580 multis
620 2518 805 2602 petentibus,
828 2519 1012 2602 adspernata
1035 2520 1156 2601 nuptias
1182 2531 1262 2582 est.-
1290 2520 1398 2586 Archo

356 2601 457 2667 Poridi
485 2605 616 2682 cuidam,
643 2605 733 2688 longe
761 2605 891 2686 principi
916 2608 928 2644 ⁹
940 2605 1040 2686 gentis
1069 2603 1243 2685 AEneatum,
1270 2609 1424 2690 nupsit3·

356 2699 397 2768 et,
421 2690 502 2772 apud
522 2711 592 2752 eum
613 2691 713 2772 plures
735 2691 821 2754 enisa
841 2703 954 2774 partus,
976 2691 1074 2775 parvis
1098 2692 1255 2754 admodum
1277 2695 1391 2756 relictis

356 2777 506 2855 omnibus,
522 2776 661 2839 decessit.
713 2776 891 2857 Theoxena,
905 2789 941 2840 ut
962 2779 993 2840 in
1011 2780 1074 2840 suis
1090 2781 1220 2842 manibus
1234 2781 1320 2844 liberi
1335 2803 1390 2844 so-

323 2869 326 2874 “
355 2863 430 2924 roris
454 2863 664 2942 educarentur,
686 2861 788 2925 Poridi
810 2865 932 2946 nupsit:
962 2875 1004 2942 et,
1028 2873 1183 2948 tamquam
1200 2887 1304 2928 onmes
1322 2857 1395 2951 ipsa

242 2959 245 2964 '
355 2949 439 3011 enisa
457 2948 546 3028 foret,
569 2971 656 3012 suum
678 2949 847 3032 sororisque
871 2951 946 3013 lilios
974 2951 1005 3013 in
1028 2953 1138 3015 eadem
1156 2954 1288 3016 habebat
1310 2975 1396 3020 cura.

355 3045 516 3118 postquam
540 3036 620 3118 regis
642 3037 777 3100 edictum
798 3037 836 3099 de
855 3040 1149 3120 comprehendendis
1164 3040 1265 3102 liberis
1280 3062 1397 3122 eorum,

356 3123 406 3203 qui
418 3122 569 3192 interlecti
580 3134 691 3202 essent,
701 3123 819 3206 accepit
824 3145 834 3200 3
850 3124 980 3186 ludibrio
989 3125 1115 3206 futuros,
1125 3147 1188 3188 non
1199 3128 1279 3208 regia
1291 3129 1397 3208 modo,

356 3208 410 3270 sed
424 3209 584 3271 custodum
603 3211 696 3272 etiam
715 3210 844 3288 libidini,
861 3222 938 3291 rata,
959 3212 998 3274 ad
1020 3235 1083 3276 rem
1103 3226 1240 3276 atrocem
1260 3216 1396 3278 animum

356 3293 482 3376 adjecit3
509 3316 640 3377 ausaque
655 3309 713 3374 est,
728 3297 839 3374 dicere,
861 3319 894 3359 se
914 3319 969 3360 aua
987 3320 1081 3368 manu
1103 3297 1205 3382 potius
1222 3321 1330 3364 omnes
1350 3303 1397 3365 iu-

355 3381 562 3466 terfecturam,
582 3403 673 3464 quarn
696 3383 727 3444 in
750 3394 934 3465 potestatem
953 3383 1083 3469 Philippi
1102 3389 1250 3451 venirent.
1304 3388 1398 3467 Poris,

356 3468 549 3532 abominatus
568 3470 753 3532 mentionem
773 3481 836 3532 tarn
860 3469 933 3534 foedi
954 3470 1107 3551 facinoris,
1125 3475 1265 3540 Athenas
1285 3475 1397 3559 depor-

354 3563 489 3617 taturum
512 3576 564 3617 eos
588 3556 629 3617 ad
651 3555 727 3618 fidos
748 3557 884 3639 hospites
906 3559 993 3637 dixit,
1008 3561 1212 3643 comitemque
1233 3563 1334 3644 ipsum
1349 3563 1398 3626 fu·

353 3641 553 3722 gestaturum
578 3662 653 3704 esse.
686 3641 940 3728 xProliciscuntur
966 3646 1005 3707 ab
1024 3644 1245 3712 Thessalonica
1265 3646 1398 3712 AEneam

354 3726 394 3788 ad
414 3739 527 3790 statum
554 3728 746 3809 sacrificium,
771 3730 853 3811 quod
878 3731 1028 3794 conditori
1055 3731 1162 3796 AEneae
1188 3755 1258 3798 cum
1285 3758 1400 3820 magua

354 3815 526 3876 ceremonia
546 3816 707 3896 quotannis
731 3816 856 3880 faciunt.
885 3818 937 3886 ibi.
954 3819 1003 3881 die
1028 3841 1081 3902 per
1105 3821 1267 3884 sollemnes
1292 3825 1399 3907 epulas

353 3912 525 3979 consumto,
545 3922 653 3964 navem
672 3915 870 3985 preparatam
890 3925 910 3966 a
925 3903 1043 3985 Poride,
1063 3910 1170 3990 sopitis
1190 3911 1344 3991 omnibus,
1359 3913 1400 3975 de

352 3987 444 4048 tertia
462 3987 565 4070 vigilia
586 3991 803 4067 conscendunt,
825 4001 980 4073 tamquam
1001 3996 1027 4031 ¹⁰
1037 3995 1161 4057 redituri
1185 3993 1400 4060 isthmus-

351 4073 468 4135 nicam:
496 4075 549 4137 sed
573 4074 713 4157 trajicere
736 4077 767 4138 in
788 4075 936 4143 Euboeam
959 4092 1025 4144 erat
1045 4083 1248 4167 propositum.
1304 4081 1400 4148 Cete-

191 545 225 597 ὓ.
238 546 267 596 C.

193 615 225 663 Α.
238 611 267 664 C.

367 4241 482 4316 '⁹Gmtir
497 4241 627 4307 AEnmtum]
648 4239 690 4292 'stc
708 4255 771 4294 recte
791 4246 857 4308 Sigo-
889 4252 1003 4302 conditam
1012 4253 1073 4301 sama
1084 4252 1181 4304 latebit.
1220 4253 1304 4319 Populi
1315 4251 1401 4306 Ea·-

351 4319 412 4364 muu,
430 4322 500 4368 quum
517 4322 583 4357 antea
601 4310 717 4374 legeretur
729 4311 857 4361 AEnicnum.
890 4320 993 4367 tesdieti.

349 4369 433 4432 AEuar,
449 4371 495 4421 sive
515 4373 592 4432 AErrio,
612 4375 665 4423 urbs
683 4377 727 4424 luit
746 4377 857 4427 Macedo·
925 4383 946 4417 ¹⁰
957 4383 1062 4434 Rediluri
1081 4388 1107 4434 iu
1130 4383 1312 4452 maura]
1337 4387 1403 4440 Dele

241 4491 244 4496 Ι
349 4435 404 4513 piae,
418 4451 465 4484 uon
483 4439 550 4499 longe
566 4439 595 4486 ab
610 4440 793 4508 Thessalonica,
802 4444 858 4508 (rid.
890 4451 1082 4520 praepositionem.
1116 4452 1284 4506 Gnortovws.

348 4501 416 4564 insu,
430 4501 447 4555 1.
466 4513 538 4555 xciv.
553 4518 575 4558 c.
589 4505 638 4570 10.)
658 4523 726 4571 qoam
742 4508 770 4557 ab
782 4509 858 4566 AEuta
1079 4519 1082 4523 ’
