3080 5196
464 279 543 342 LIB.
556 279 715 342 XXXVII.
734 281 817 354 cnr.
830 279 943 339 XVIII.
1154 287 1212 342 298

166 427 300 497 Profecti
315 435 397 514 iude,
425 437 577 519 ”pacatis
604 437 723 514 ceteris,
748 456 838 517 quum
865 454 949 497 oram
962 431 1043 495 Asia
1063 433 1208 514 legerent,
1221 435 1361 494 Maca

162 515 298 619 Lqrymu
311 519 428 604 (portus
440 523 581 585 adversus
592 522 736 585 Rhodum
746 522 806 600 est)
820 531 1028 604 pervenerunt.
1073 518 1118 581 lbi
1135 523 1161 560 ⁶⁴
1173 523 1205 584 in
1218 503 1293 585 Axe·
1307 507 1359 558 ¹9⁰·

166 607 324 690 principiis
365 613 463 671 selmo
501 610 599 691 primo
638 610 718 670 inter
745 609 880 670 tribunos
915 607 1043 668 militum
1072 617 1205 670 secretus

58 689 71 702 “
167 694 273 772 oritur,
300 694 409 757 deiude
424 696 464 757 ad
485 716 569 756 aures
595 694 686 777 ipsius
700 692 818 756 AEmilii
833 695 979 776 pervenit,
1006 692 1113 754 abduci
1125 693 1203 755 clas·

166 799 232 840 sem
263 781 302 841 ab
317 779 449 864 Epheso,
480 782 518 843 ab
544 801 598 842 suo
623 781 724 843 bello:
754 792 790 842 ut
812 781 853 842 ab
875 792 960 862 tergo
984 780 1058 842 liber
1083 779 1204 842 relictus

165 865 262 928 hostis
278 866 308 928 in
325 879 372 930 tot
385 868 569 951 propinquas
584 867 733 929 sociorum
749 868 836 930 urbes
853 867 956 928 omnia
975 866 1087 948 inpune
1100 867 1203 928 conari

164 963 281 1034 posset.
324 951 450 1016 Movere
472 975 510 1016 ea
532 952 712 1016 AEmilium:
738 964 919 1034 vocatosque
946 951 1081 1014 Rhodios
1112 973 1203 1036 quum

163 1051 380 1121 percunctatus
411 1053 498 1120 esset,
536 1051 708 1102 utrumnam
734 1039 851 1102 Pataris
880 1039 1018 1101 universa
1043 1038 1146 1100 classis
1172 1039 1202 1100 in

161 1136 256 1206 portu
271 1137 350 1188 stare
366 1140 479 1208 posset,
495 1147 586 1208 quum
600 1125 837 1210 respondissent,
852 1146 913 1188 non
928 1146 1037 1208 posse3
1065 1145 1202 1187 caussam
1214 1140 1308 1208 Repetit

163 1223 272 1273 nactus
287 1213 461 1275 omittenda
476 1215 530 1293 rei,
546 1211 669 1276 Samum
684 1213 823 1275 redusit‘
837 1233 938 1273 naves.
1213 1207 1315 1261 smum.

207 1296 324 1361 XVIII.
349 1297 501 1362 Periclem
526 1311 645 1382 tempus
660 1296 813 1376 Seleucus,
839 1297 984 1360 Antiochi
998 1296 1088 1375 filius,
1110 1318 1202 1378 quum

162 1404 218 1466 per
234 1405 323 1446 omne
338 1385 529 1447 hibernorum
545 1398 664 1468 tempus
679 1385 843 1446 exercitum
867 1385 897 1444 iu
918 1380 1043 1444 AEolide
1058 1385 1201 1446 coutinu-

162 1469 248 1549 isset,
273 1471 382 1552 partim
397 1472 486 1534 sociis
508 1471 632 1533 ferendo
647 1491 748 1552 opem,
772 1471 893 1553 partim,
918 1489 993 1550 quos
1016 1469 1048 1529 in
1071 1471 1201 1531 societa-

161 1567 227 1617 tem
253 1557 396 1639 perlicere
422 1577 483 1619 non
509 1568 638 1639 poterat,
665 1555 896 1640 depopulandis,
920 1555 1047 1617 transire
1072 1555 1103 1615 iu
1126 1555 1201 1616 fines

161 1645 247 1724 regui
274 1642 429 1722 Eumenis,
454 1645 525 1707 dum
552 1644 578 1704 is
600 1643 705 1726 procul
727 1643 765 1704 ab
790 1644 883 1704 domo
903 1661 971 1702 cum
997 1639 1143 1702 Romanis
1169 1656 1201 1703 et

161 1725 291 1791 Rhodiis
315 1729 412 1813 Lyciae
438 1729 589 1792 maritima
611 1731 810 1811 obpugnaret,
838 1729 956 1790 statuit.
1011 1726 1062 1788 Ad
1086 1726 1200 1788 Elaeam

161 1816 262 1896 prImo
276 1815 393 1879 infestis
407 1817 503 1898 siguis¹
519 1817 668 1879 accessit:
695 1814 814 1892 deinde,
839 1815 950 1875 omissa
974 1813 1200 1896 obpugnatione

161 1902 255 1980 urbis,
278 1923 365 1984 agros
381 1902 529 1964 hostiliter
545 1901 755 1985 depopulatus,
780 1902 820 1962 ad
835 1912 927 1982 caput
940 1919 1101 1980 arcemque
1116 1900 1200 1980 regni

160 1985 342 2069 Pergamum
354 1989 438 2053 ducit
453 1995 479 2029 ³⁵
490 1988 726 2071 obpugnandum
738 1998 763 2048 ¹¹.
806 1986 926 2049 Attalus
939 1987 1048 2068 primo,
1062 1986 1201 2047 stationi·
1213 1993 1323 2046 &leucus

161 2073 218 2136 bus
238 2088 311 2137 aute
336 2076 442 2137 urbem
467 2076 584 2157 positis,
609 2086 640 2136 et
663 2074 887 2136 extensionibus
914 2073 1047 2153 equitum
1071 2073 1199 2154 levisque
1211 2061 1335 2174 llssoeffi.

163 2173 335 2238 armaturae,
351 2163 447 2244 magis
462 2161 639 2238 lacessebat,
655 2181 745 2242 quam
760 2161 938 2242 sustinebat,
961 2159 1091 2220 bostem.
1115 2171 1198 2240 post·
1211 2141 1334 2242 ,Jm‘ffgff

160 2267 258 2325 remo,
285 2269 389 2330 quum,
412 2268 466 2330 per
486 2247 564 2309 levia
588 2247 754 2309 certamina
777 2257 928 2330 expertus,
952 2245 1036 2314 nulla
1054 2259 1141 2327 parte
1155 2245 1198 2306 vi·
1211 2251 1329 2324 pegusa
1420 2287 1424 2294 -

159 2332 241 2394 rIum
258 2355 289 2396 se
304 2355 406 2416 parem
423 2355 498 2412 esse,
523 2334 602 2395 intra
616 2333 728 2394 moeuia
742 2353 774 2394 se
791 2333 962 2414 recepisset,
985 2331 1115 2393 obsideri
1131 2333 1201 2396 urbs

160 2430 269 2500 coepta
284 2432 340 2482 est.
384 2419 501 2482 Eodem
519 2419 620 2496 ferme
644 2431 780 2502 tempore
805 2429 837 2479 et
858 2417 1038 2496 Antiochus,
1064 2418 1103 2478 ab
1117 2417 1202 2500 Apa·-

158 2525 234 2565 mea
247 2507 410 2588 profectus,
436 2503 580 2566 Sardibus
604 2506 746 2587 primum,
774 2503 895 2582 deinde,
921 2503 1003 2570 haud
1025 2503 1130 2585 procul
1146 2501 1201 2566 Sc-

159 2591 243 2652 leuci
270 2593 385 2668 castris,
422 2591 460 2653 ad
495 2602 587 2673 caput
610 2588 695 2651 Caici
728 2591 825 2651 amnis
852 2589 963 2652 stativa
987 2589 1104 2667 habuit,
1131 2611 1201 2652 cum

161 2697 277 2758 magno
301 2677 437 2740 exercitu
461 2677 559 2738 mixto
581 2677 670 2738 variis
696 2675 904 2757 exgentibus.
948 2674 1112 2737 Plurimum
1139 2688 1201 2739 ter·

161 2763 238 2824 roris
263 2765 294 2824 in
309 2761 463 2825 Gallorum
479 2761 619 2824 mercede
642 2761 801 2824 conductis
824 2774 953 2844 quatuor
974 2761 1106 2824 millibus
1124 2775 1199 2824 erat.

159 2851 231 2927 hos,
263 2851 366 2933 paucis
393 2849 547 2926 admixtis,
578 2849 618 2910 ad
642 2848 876 2930 pervastandum
902 2849 1013 2929 passim
1041 2846 1201 2928 Pergame-

160 2955 236 2996 num
263 2957 369 3016 agrum
394 2935 487 2997 misit.
529 2934 604 3004 Quae
629 2947 790 3016 postquam
806 2931 930 2994 Samum
956 2945 1026 2995 suut
1048 2934 1203 3013 nunciata,

157 3023 260 3106 primo
274 3020 435 3100 Eumenes,
462 3034 605 3083 avocatus
627 3019 798 3082 domestico
812 3019 902 3097 bello,
929 3039 997 3080 cum
1013 3018 1109 3080 classe
1123 3017 1201 3082 Elae-

158 3127 212 3169 am
228 3109 326 3190 petit:
351 3107 434 3185 inde,
456 3127 549 3188 quum
575 3116 685 3188 praesto
708 3105 836 3167 fuissent
862 3104 977 3184 equites
1004 3104 1200 3186 peditumque

159 3194 307 3278 expediti,
328 3194 466 3275 praesidio
488 3213 592 3254 eorum
615 3202 709 3270 tutus,
731 3191 904 3272 priusquam
927 3190 1029 3252 hostes
1044 3191 1202 3270 sentirent,

159 3292 217 3342 aut
241 3292 444 3357 moverentur,
459 3277 638 3360 Pergamum
664 3275 833 3339 contendit.
858 3276 898 3338 ibi
925 3295 1024 3337 mrsus
1047 3275 1124 3338 levia
1146 3297 1201 3358 per

159 3368 356 3429 excursiones
382 3365 490 3449 proelia
514 3365 578 3426 lieri
604 3373 714 3446 eoepta,
738 3360 874 3424 Eumene
897 3382 1021 3423 summae
1035 3362 1078 3424 rei
1093 3362 1200 3425 discri-

159 3473 235 3516 men
258 3453 340 3514 haud
366 3452 456 3514 dubie
481 3450 680 3513 detrectante.
735 3447 850 3510 Paucos
876 3458 948 3530 post
971 3447 1034 3508 dies
1059 3446 1201 3510 Romana

160 3537 344 3621 Rhodiaque
359 3538 473 3617 classis,
496 3549 531 3600 ut
555 3536 618 3618 regi
643 3555 732 3618 opem
756 3533 879 3612 lerrent,
903 3533 1015 3596 Elaeam
1040 3534 1079 3595 ab
1105 3533 1200 3598 Samo

157 3638 317 3688 venerunt.
361 3625 445 3695 Quos
459 3623 510 3685 ubi
532 3621 706 3704 exposuisse
729 3621 832 3704 copias
846 3619 944 3698 Elaeae,
971 3631 1003 3682 et
1025 3631 1073 3682 tot
1088 3620 1198 3683 classes

158 3712 195 3774 in
209 3733 303 3774 unum
319 3711 493 3774 convenisse
517 3719 649 3792 portum,
674 3705 828 3768 Antiocho
850 3707 984 3768 adlatum
1007 3717 1071 3783 est;
1097 3718 1129 3769 et
1143 3709 1199 3768 sub

156 3795 243 3860 ide‘m
259 3811 377 3880 tempus
401 3795 524 3874 audivit,
548 3793 702 3858 consulem
725 3812 793 3854 oum
809 3793 943 3855 exercitu
963 3791 1029 3873 jam
1044 3793 1075 3853 in
1092 3791 1199 3856 Mace·

158 3885 256 3948 donia
269 3905 344 3965 esse,
358 3882 526 3967 pararique,
550 3884 578 3921 ⁶⁰
588 3901 653 3962 quoe
675 3879 714 3942 ad
735 3879 897 3942 transitum
912 3876 1106 3961 Hellesponti
1122 3899 1198 3962 opus

355 4031 464 4081 ‘educit
473 4031 542 4080 Crer.
734 4033 747 4060 ¹
761 4027 928 4092 oppugruudcm
940 4023 1012 4075 Grau.

193 4147 217 4182 ⁵³
233 4145 249 4175 ⁹
261 4146 349 4198 Pacatis
355 4143 441 4210 uteru]
450 4145 530 4194 auum
538 4155 613 4198 cetera
621 4159 663 4208 opu
727 4141 749 4174 ⁵⁵
767 4139 953 4205 OPPWWMI
975 4138 1079 4208 Slssffllm
1092 4139 1136 4201 ¹²83
1149 4143 1199 4206 Im·

157 4215 221 4280 pide,
232 4211 290 4271 loon,
298 4225 381 4276 praeter
392 4211 488 4269 lanum,
497 4222 575 4276 pacata
586 4217 664 4258 amnt
696 4217 757 4255 serat
767 4205 942 4269 oppugnandum
975 4205 1020 4252 Sed
1037 4206 1059 4252 ‘u
1078 4207 1136 4267 quod
1148 4207 1198 4253 edi.

158 4279 270 4330 etamiea
283 4278 403 4327 Romanis.
695 4272 770 4320 dimus
788 4279 883 4316 tuentur
899 4269 950 4316 libri
966 4269 1048 4319 ModIo
1058 4271 1197 4335 iuspectI‚et

194 4343 216 4377 Η
231 4341 261 4392 In
270 4341 393 4406 principiis]
412 4341 470 4392 vit.
485 4352 534 4392 aot.
544 4339 584 4389 65.
602 4338 629 4388 st
643 4337 664 4388 I.
695 4333 1004 4386 amorbacensium.

158 4409 288 4461 v11.c.l2.
298 4423 374 4474 supra.
562 4481 565 4488 Δ
728 4397 749 4434 ⁵⁶
767 4397 822 4453 Qua
834 4431 841 4450 .
853 4415 980 4486 “lm
1001 4395 1092 4490 saul*
1107 4400 1199 4450 Vocem
