3110 5204
455 394 533 455 un.
545 393 690 460 xxxlv,
703 395 786 458 CAP.
798 393 864 456 Vll.
1123 405 1178 470 1⁴1

126 545 140 580 ‘
155 556 193 610 ut
201 549 337 631 pretium
348 567 405 631 pro
416 547 453 610 iis
461 549 543 611 hello
553 547 694 636 perfecto.
701 548 833 630 dominis
844 549 1020 629 solveretur,
1034 551 1179 616 emebau·
1192 571 1227 623 u.
1238 570 1268 623 c.
1279 573 1339 622 aar.

128 633 141 666 ‘
157 643 226 698 tur:
250 637 278 675 ⁸⁴
288 634 320 695 in
335 635 477 698 eamdem
488 635 569 697 diem
580 637 726 718 pecunia,
741 635 925 698 frumentum
937 647 970 699 et
983 646 1096 714 cetera,
1116 657 1181 719 quae
1194 635 1329 690 A·0·19⁵·

128 719 231 782 ‘belli
248 739 322 782 rusus
344 722 557 804 postulabant·
570 722 734 803 prebende
748 722 901 805 publicani
919 723 955 784 'ee
974 723 1181 786 'conducturos

128 804 141 840 ⁶
157 806 287 888 professi
298 818 406 868 erant:
429 811 457 849 ⁸⁵
470 827 571 870 servos
580 809 620 870 ad
631 827 760 887 remum,
770 829 898 871 numero
909 829 948 870 ex
960 829 1054 873 censu
1064 811 1181 874 consti·

130 891 142 924 ⁴
158 903 319 972 tuto,cum
330 893 483 976 stipendio
492 905 597 957 nostro
606 895 769 956 dabamuse
786 895 893 958 aurum
903 897 1102 976 etiargentum
1114 897 1183 958 om·

132 977 144 1012 ‘
159 997 212 1058 nc,
223 980 265 1040 ab.
273 981 461 1042 aenatoribus
473 979 538 1062 ejus
548 981 591 1042 rei
604 982 693 1044 initio
704 993 785 1060 orto,
796 983 828 1043 in
840 981 994 1063 publicum
1004 981 1183 1044 confereba-

133 1063 146 1106 i
160 1085 230 1126 mus
240 1087 258 1136 3·
271 1065 369 1135 vidum
383 1077 416 1130 et
429 1067 535 1150 pupilli
550 1069 694 1150 pecunias
706 1087 775 1130 suas
790 1069 821 1148 in
833 1069 969 1131 aerarium
985 1067 1182 1132 deferebant:

132 1149 144 1187 ‘
160 1153 189 1192 ⁸⁶
200 1164 325 1215 cautum
340 1163 415 1232 erat,
427 1174 488 1237 quo
502 1175 542 1231 pe
556 1154 623 1237 plus
635 1155 699 1216 auri
713 1166 746 1216 et
760 1155 878 1235 argenti
891 1154 974 1232 facti,
986 1174 1047 1236 quo
1062 1175 1100 1217 ne
1115 1155 1184 1236 plus

133 1235 274 1319 ‘signati
290 1240 407 1321 argenti
422 1250 456 1303 et
469 1241 535 1302 aris
554 1241 637 1303 domi
663 1241 860 1302 haberemus:
894 1239 963 1302 Tali
986 1252 1125 1322 tempore
1151 1240 1184 1301 in

132 1320 143 1354 ‘
160 1324 280 1386 luxmia
294 1337 327 1387 et
341 1337 451 1388 ornatu
461 1338 609 1389 matrona
624 1338 779 1409 occupatae
792 1320 892 1403 era'ut,
909 1336 944 1387 ut
958 1327 999 1388 ed
1013 1337 1082 1388 eam
1097 1335 1184 1389 co'cr-

131 1405 144 1440 ‘
159 1411 289 1484 cendam
304 1413 355 1473 lex
366 1412 470 1494 Oppia
483 1413 656 1475 desiderato
669 1412 733 1474 sit?
758 1417 863 1492 qlrum,
874 1411 946 1492 quia
960 1409 1079 1472 Cereris
1089 1412 1184 1474 sacri·

132 1495 145 1532 ‘
161 1495 274 1575 ficium,
289 1497 461 1580 lugentibus
474 1499 618 1573 *omnibus
633 1499 791 1578 matronis,
816 1497 1020 1561 intermissum
1036 1510 1111 1573 erat,
1134 1518 1183 1558 se-

132 1579 254 1648 ‘natns
264 1583 342 1646 liniri
357 1585 472 1646 luctum
488 1584 614 1666 triginta
629 1584 734 1646 diebus
745 1583 849 1665 jussit.
893 1581 951 1643 Cui
965 1602 1028 1642 non
1038 1583 1183 1663 adparet,

134 1665 146 1700 ‘
163 1669 299 1751 inopiam
313 1680 344 1731 ct
355 1671 506 1732 miseriam
523 1670 667 1748 civitatis,
682 1679 734 1732 et·
753 1671 825 1751 quia
843 1668 980 1730 omnium
995 1668 1184 1750 privatorum

134 1751 147 1784 ‘
164 1755 299 1836 pecuniae
306 1755 338 1815 in
348 1774 435 1818 usum
444 1756 599 1837 publicum
607 1756 760 1818 vertenda
767 1768 866 1830 erant,
874 1755 966 1818 istam
976 1755 1076 1835 legem
1086 1753 1183 1834 scrip-

135 1837 251 1918 ‘·sisse,
276 1840 393 1902 tamdiu
413 1849 597 1918 mansuram,
624 1841 769 1924 quamdiu
792 1861 898 1904 caussa
920 1840 1091 1902 scribenda·
1108 1840 1186 1920 legis

133 1924 147 1958 ‘
163 1926 345 1988 mansisset?
368 1925 449 1988 Nam
470 1929 507 2006 si,
521 1946 592 2007 ,quae
605 1929 677 1988 turne
692 1928 839 2008 temporis
854 1945 963 1988 caussa
982 1935 1035 1986 aut
1050 1925 1185 1985 decrevit

131 2008 306 2090 ‘senatum'
320 2022 373 2074 aut
391 2012 519 2095 populus
538 2011 641 2093 jussit,
660 2011 692 2072 in
713 2021 892 2093 perpetuum
912 2009 1028 2074 ,servari
1052 2013 1185 2090 op'ort'et,

133 2094 146 2139 ‘=
163 2117 217 2158 cur
227 2099 373 2180 pecunias
386 2099 541 2160 reddimus
556 2095 701 2179 privatis?
725 2098 752 2141 ³⁷
764 2115 818 2156 cur
829 2093 960 2176 ‚publica
974 2095 1114 2176 praesenti
1124 2101 1184 2175 'pe-

40 2234 44 2244 .
133 2179 255 2244 ‘cunia
274 2183 433 2244 locamus?
458 2203 512 2245 cur
532 2183 620 2259 servi,
636 2181 688 2264 qui
708 2180 850 2257 militent,
866 2199 929 2240 non
944 2179 1108 2242 emuntur?
1133 2185 1190 2264 cur

131 2266 147 2318 ἕ
163 2267 276 2350 privati
290 2288 353 2330 non
364 2269 472 2330 damus
484 2269 624 2347 remiges,
639 2267 718 2328 sicut
729 2269 822 2326 tunct
835 2264 997 2329 dedimus?

181 2351 254 2416 VII.
268 2353 287 2400 ·‘
300 2353 415 2415 Omnes
436 2353 487 2414 alii
503 2351 636 2429 ordines,
659 2369 764 2412 omnes
785 2351 924 2413 homines
938 2351 1141 2413 mutationem
1154 2353 1188 2412 in

134 2432 147 2474 i
160 2439 322 2513 meliorem
343 2449 455 2501 statum
466 2437 647 2520 reipublicae
663 2437 823 2499 sentient:
838 2436 889 2498 'ad
901 2434 1047 2518 conjuges
1064 2443 1187 2499 tantum

134 2526 147 2588 ‘.
161 2535 285 2588 nostras
296 2526 382 2608 pacis
394 2537 427 2588 et
438 2524 667 2606 tranquillitatis
677 2522 805 2605 publicae
814 2522 1001 2584 fructus'non
1010 2521 1187 2604 perveniet?

135 2609 301 2694 ‘Purpura
319 2611 374 2672 viri
396 2619 525 2687 utamur,
539 2609 709 2692 pretextati
729 2609 761 2668 in
779 2608 1018 2689 magistratibus,
1033 2608 1065 2668 in
1084 2613 1187 2668 'sacer-

136 2697 148 2733 ‘
167 2697 281 2775 dotiis3
305 2697 391 2758 liberi
401 2696 496 2758 nostri
508 2695 661 2777 praetextis
672 2714 804 2777 purpura
814 2694 895 2774 togis
906 2703 1047 2776 utentur;
1072 2691 1186 2774 mugis-

95 2814 101 2824 .
136 2783 294 2846 ‘tratibus
308 2783 340 2844 in
357 2782 485 2845 coloniis
499 2781 741 2864 municipiisque,
766 2781 815 2841 hic
837 2779 945 2842 Romae
964 2777 1069 2840 infimo
1081 2779 1188 2861 generi

137 2869 150 2902 ‘
167 2870 194 2908 ’⁸
205 2869 357 2952 magistris
371 2870 506 2932 vicorum
524 2879 604 2950 togae
622 2877 774 2948 praetexte
789 2865 937 2928 habendae
954 2863 1014 2946 jus'
1026 2866 1187 2947 permitte·

138 2954 151 2988 ‘
168 2975 235 3017 mus
243 2977 254 3032 3
269 2976 326 3018 nec
341 2956 419 3018 idut
429 2956 487 3036 viyi
499 2955 598 3016 solum
609 2953 744 3015 habeant
758 2962 878 3030 tantum
889 2951 1018 3034 insigne,
1030 2951 1187 3013 sedetiam

139 3040 201 3104 ‘ut
217 3061 287 3104 cum
305 3061 349 3104 eo
372 3053 542 3104 crementur
564 3039 697 3102 mortuis
721 3039 841 3102 feminis
861 3038 1025 3101 dumtaxat
1049 3045 1188 3119 purpura

140 3126 256 3189 ‘usum
278 3127 516 3204 interdicemus?
533 3139 588 3204 et,
611 3145 704 3210 quum
728 3126 784 3187 tibi
798 3125 863 3188 viro
884 3124 976 3186 liceat
997 3143 1131 3206 purpura
1155 3123 1188 3182 in

139 3212 252 3276 (veste
266 3215 466 3297 stragula-uti,
477 3223 608 3276 matrem
629 3211 750 3273 familiar
761 3223 854 3275 ‚tuam
870 3229 1055 3292 purpureum
1065 3209 1188 3274 ,amicu-

139 3298 154 3360 ‘.
169 3300 233 3360 lum
255 3301 365 3363 habere
379 3322 442 3363 non
456 3299 558 3362 sines?
595 3295 634 3360 et¹
648 3316 742 3379 equus
764 3307 833 3358 tuus
855 3295 1018 3377 speciosius
1044 3295 1190 3355 instratus

139 3382 153 3416 ‘
169 3385 239 3462 erit,
249 3407 337 3468 quam
347 3407 424 3448 uxor
436 3384 565 3448 vestita?
586 3381 647 3444 Sed
656 3383 688 3444 in
697 3401 840 3465 purpura,
849 3401 917 3462 quae
927 3380 1044 3457 teritur,
1056 3377 1194 3464 absumis·

139 3469 228 3550 itur,
238 3469 381 3554 injustam
391 3473 527 3552 quidem,
536 3469 590 3532 sed
601 3468 857 3549 aliquamtamcn,
867 3487 1004 3528 caussam
1014 3464 1192 3528 tenacitatis

276 3561 544 3627 'crdeLGromCrem
827 3573 977 3645 .¹tunodel.
989 3561 1058 3623 Cres.
1077 3561 1081 3570 ’
1148 3574 1152 3582 ’

121 3672 125 3686 ’
147 3667 197 3703 “³⁴
221 3667 253 3716 Ia
272 3668 367 3716 socrdem
388 3667 446 3715 diem
464 3662 571 3727 mande]
587 3663 652 3712 *Dies
681 3665 745 3712 nitus
756 3671 806 3712 crat
823 3663 873 3710 auri
892 3673 917 3711 et
935 3662 1023 3724 argenti
1034 3645 1131 3718 modus,
1144 3677 1192 3725 quo

138 3735 284 3798 penuriosa
293 3747 379 3794 eaque
389 3731 487 3798 pecunia
497 3729 583 3778 credits
594 3729 650 3776 solvi
672 3731 794 3790 ¹majorem
804 3727 887 3776 habere
898 3737 1035 3779 vereremur.
1052 3737 1057 3745 “

142 3797 222 3860 debet.
257 3797 374 3846 Publiceni
390 3797 459 3858 igitur¹
473 3795 615 3844 frumentum
626 3805 651 3842 et
715 3791 736 3829 ³7
762 3791 778 3821 r
804 3791 957 3854 Cur'publica
973 3793 1075 3853 prasenti
1095 3791 1191 3852 pecunia

142 3873 221 3913 cetera
237 3863 358 3926 praebenda
371 3861 527 3911 conduxerant
544 3861 568 3908 in
587 3875 650 3907 carn·
683 3854 786 3920 mur]
803 3855 852 3904 Cur
870 3857 900 3904 ira
916 3856 1016 3904 locamus
1027 3853 1149 3918 praebenda
1160 3859 1193 3902 ed

142 3929 198 3977 dem
209 3926 269 3976 diem
284 3927 396 3990 pecuniae,
414 3927 437 3974 id
450 3934 496 3982 ert,
512 3940 540 3972 ea
555 3925 605 3984 lege
625 3931 651 3970 ut
684 3939 735 3986 quae
747 3921 877 3984 reipublicae
888 3931 912 3968 et
923 3920 1061 3969 exercitibus
1071 3919 1122 3966 usui
1130 3925 1194 3975 runt,

141 3991 244 4057 pecunia
251 3991 295 4040 ribi
304 3991 528 4048 redderenueodem
539 4000 652 4053 tempora,
684 4000 711 4036 ut
729 3997 865 4051 presentem
876 3982 1193 4049 pecuuirmredeniptoribur

144 4071 191 4122 quo
204 4045 437 4120 pretiumrerroium
453 4054 551 4116 dominis
567 4053 652 4120 perroi-
684 4053 850 4102 numeremur?
1190 4073 1193 4078 ·

142 4122 246 4170 rendum
267 4132 325 4179 crat,
348 4135 431 4186 nempe
453 4130 502 4185 post
522 4119 653 4168 consectum
717 4117 740 4152 ³⁸
770 4111 1008 4180 Mugidriraicorum]
1031 4109 1135 4170 Magistri
1156 4111 1193 4158 vi-

143 4185 239 4236 tellum.
272 4189 384 4236 ceremur
404 4191 456 4235 hare
476 4186 564 4250 optima
585 4183 655 4232 lertio
686 4197 776 4240 cornum
805 4195 847 4230 reu
874 4177 1025 4242 vicomagistri
1052 4177 1193 4224 sumnonem

145 4250 244 4300 debetur
262 4251 387 4301 Grmorio.
418 4251 482 4300 libri
500 4248 654 4310 euim'MSS.
685 4245 955 4308 vicorum'babebant,r
972 4242 1195 4304 patremmeu-

143 4317 237 4368 crediti
247 4315 287 4366 hic
297 4319 438 4380 aliquatenus
448 4315 521 4364 vitiosi
531 4325 606 4364 erant.
625 4313 627 4318 '
685 4314 827 4370 daiam
843 4322 871 4359 ur
888 4317 998 4357 memorat
1009 4307 1073 4354 Suet.
1091 4305 1116 4352 in
1131 4306 1194 4365 nug.

166 4379 201 4418 ⁴⁵
218 4381 234 4435 Τ
253 4381 328 4432 &aar
345 4383 376 4430 cd
394 4381 488 4446 remcort]
514 4379 569 4429 vic.
587 4393 655 4444 supra
687 4393 708 4426 c.
722 4379 763 4426 30.
795 4376 817 4423 li
832 4375 898 4424 ludos
915 4371 1080 4437 Compitalicios
1145 4382 1196 4418 tex-

146 4457 224 4496 xxrv.
241 4447 280 4495 11.
530 4437 535 4454 '
688 4441 873 4507 scindebant,
897 4437 1077 4492 tenemento
1115 4435 1196 4502 edin

178 4507 395 4582 flammigerus,
408 4527 494 4578 pum
509 4509 572 4578 plur]
589 4508 657 4572 nefl,
690 4505 807 4585 Rirppem.
899 4505 901 4512 '
939 4509 942 4516 ⁴
1093 4521 1120 4540 ,-
1148 4521 1162 4528 ··
