3110 5204
440 371 518 432 LIB.
532 365 674 432 XXXIV.
695 369 778 430 cte.
791 369 940 431 XXXIII.
1163 371 1220 434 m

171 525 265 588 ‘turi
289 522 410 610 Nempe
426 526 474 588 hie
489 527 622 590 maxime
636 525 754 589 duobus
763 535 789 604 ¹1,
803 527 829 588 si
844 525 943 589 socios
963 545 1047 590 meos
1068 546 1126 610 pro
1148 528 1219 591 Itos·
1235 531 1375 586 mitra

171 614 279 676 ‘tibus
293 613 426 691 babeam
443 614 468 675 si
480 633 551 676 cum
565 613 705 676 hostibus
719 625 751 674 te
766 611 944 695 conjungat.
968 611 1113 676 ¹⁵Utrum
1127 633 1190 684 uon
1199 635 1221 676 a
1235 598 1266 650 Α·
1278 599 1309 648 ⁰·
1322 594 1391 648 ¹⁹⁵*

170 701 183 736 ‘
196 711 229 762 te
239 699 356 762 factum
368 699 433 763 eet?
450 721 522 762 nour
533 713 564 762 et
573 698 748 777 Messenen,
757 719 819 762 uno
829 710 918 782 atcpre
929 699 1038 772 eodem
1046 698 1114 782 jure
1123 700 1221 762 feode-
1263 707 1267 716 '

171 787 247 864 ‘ris,
262 807 324 867 quo
339 799 372 848 et
386 783 649 864 Iracedaemonem,
664 786 696 847 in
710 785 878 848 amicitiam
892 798 1029 848 noctram
1049 798 1224 870 acceptam,

174 873 297 936 ‘socius
310 875 375 954 ipse
386 873 501 936 sociam
511 875 600 936 nobis
609 873 752 934 urbemvi
765 884 855 956 atque
868 873 960 936 umis
969 873 1093 956 cepisti:
1106 885 1223 936 etcum

173 957 352 1041 ‘Philippu
368 961 455 1022 hoste
470 970 587 1038 nostro,
602 979 665 1022 non
680 960 859 1022 societatem
876 960 984 1036 solum,
999 957 1065 1038 sed,
1081 960 1141 1022 usi
1152 958 1224 1024 Diis

175 1047 186 1079 ‘
198 1046 308 1128 placet,
321 1045 508 1109 adfinitatem
522 1047 616 1109 etiam
629 1067 683 1128 per
693 1043 860 1108 Philoclem
869 1047 1044 1130 preelectum
1057 1045 1121 1128 ejus
1132 1047 1225 1129 pepi-s

173 1131 284 1214 ‘gistit
301 1143 334 1194 et
345 1133 458 1194 bellurn
471 1134 627 1196 adversusr
642 1153 699 1196 nos
713 1153 822 1216 gerens
836 1153 920 1194 mure
931 1134 1015 1194 circa
1026 1131 1161 1198 Maleam
1172 1133 1228 1196 im

172 1219 311 1280 ‘lectum
326 1219 453 1280 navibus
468 1220 603 1303 piraticis
618 1219 737 1281 fecisti:
762 1230 794 1280 et
816 1218 915 1301 plures
937 1239 1033 1300 prope
1055 1221 1136 1282 ciues
1155 1218 1224 1282 Ro,

172 1307 315 1382 ‘manos,
336 1325 430 1386 quarn
448 1303 615 1390 Philippus,
637 1306 745 1388 cepisti
768 1317 859 1386 atquc
882 1306 1043 1366 occidisti:
1067 1307 1221 1386 tutiorque

173 1390 390 1454 ‘Macedoniae
403 1412 468 1471 ora,
486 1413 577 1474 quarn
592 1392 834 1475 promontorium
850 1388 961 1452 Melete
973 1405 1165 1454 commeatus
1181 1392 1221 1453 cd

173 1479 349 1540 ‘exercitus
363 1491 485 1540 nostros
500 1479 691 1561 portantibus
705 1479 832 1540 navibus
847 1475 916 1540 fuit.
945 1475 1076 1538 Proinde
1088 1480 1220 1560 'Iporca

172 1566 187 1598 ‘
197 1566 251 1643 eis,
272 1564 364 1626 fidem
388 1585 424 1626 ac
442 1563 514 1646 jum
536 1565 690 1627 societatis
701 1564 840 1648 joctore;
863 1575 906 1642 et,
922 1563 1035 1624 omissa
1051 1565 1219 1646 ¹⁸populari

174 1651 186 1683 ‘
200 1651 348 1728 oratione,
362 1661 521 1733 tamquam
536 1665 680 1736 tyrannus
697 1664 729 1715 et
744 1651 840 1714 lastis
855 1647 998 1732 loquere?

220 1733 369 1800 XXXIII.
400 1735 464 1800 Sub
487 1740 551 1800 huc
566 1738 732 1801 Aristaenus
754 1758 835 1800 nunc
857 1757 981 1800 monere
1002 1737 1117 1817 Nabin,
1137 1757 1231 1803 nuuc

180 1823 273 1886 etiarn
296 1845 395 1904 orare,
421 1837 466 1904 ut,
493 1825 565 1886 dum
591 1826 708 1902 liceret,
733 1825 808 1886 dum
835 1826 955 1887 occatio
979 1837 1070 1904 essct,
1096 1825 1156 1886 sibi
1184 1845 1237 1888 ae·

175 1908 393 1973 {orniciacum
420 1911 602 1974 consuleret.
646 1909 772 1974 Referre
798 1912 910 1974 deindo
935 1913 1117 1974 nominatim
1140 1914 1219 1996 ”ty-

175 2013 286 2057 rannos
309 1997 484 2060 ciuitatium
499 1997 697 2059 linitIrnsrum
712 1999 818 2080 coepit,
841 1999 903 2079 qui,
927 1999 1069 2082 deposito
1083 1999 1234 2080 irnperio,

176 2081 379 2163 restinctoque
394 2084 535 2146 libertate
557 2086 630 2162 sois,
651 2105 715 2145 non
738 2097 838 2147 tutam
861 2085 966 2163 modo,
988 2085 1042 2146 sed
1057 2085 1152 2146 etiam
1166 2085 1239 2146 lto--

174 2178 315 2230 noratarn
331 2171 412 2230 iuter
426 2171 507 2232 cives
523 2182 715 2233 senectutem
730 2172 874 2252 egissent.
906 2169 965 2232 His
979 2172 1070 2234 dictis
1084 2173 1117 2234 in
1127 2172 1234 2233 vicerat«

174 2253 362 2337 auditisque,
390 2277 454 2317 nox
484 2276 581 2338 prope
609 2257 732 2318 diremit
758 2258 964 2338 conloquium.
1020 2249 1162 2324 Postero*
1177 2259 1226 2326 dle
1240 2283 1311 2335 mu.
1320 2302 1359 2336 oa-

174 2337 286 2420 Nabis,
302 2341 409 2422 ‘Argis
424 2343 579 2404 secedere
598 2363 635 2404 ac
658 2343 808 2406 deducere
823 2345 1013 2425 praesidium,
1037 2349 1161 2429 quando
1183 2351 1228 2414 ita
1240 2352 1315 2402 tacu
1325 2367 1378 2420 cea.

174 2424 349 2486 ‘Romanis
361 2427 508 2508 placeret,
524 2440 557 2490 et
567 2430 704 2513 captivos
715 2440 748 2491 et
757 2429 899 2512 perfugas
910 2432 1122 2514 redditurum,'
1138 2436 1226 2500 dixit.
1240 2433 1319 2494 mrum
1329 2433 1359 2468 ⁸²

175 2510 295 2573 ‘Aliud
315 2513 342 2574 ai
362 2513 439 2594 quid
460 2515 661 2597 postularent,
683 2516 828 2597 scriptum
844 2529 879 2580 ut
894 2517 1041 2598 ederent,’
1057 2523 1159 2604 petiit,
1174 2482 1316 2586 ‘mm

175 2598 368 2660 ‘deliberare
394 2620 464 2661 corn
491 2603 597 2663 amicis
624 2601 748 2685 posset.'
793 2601 840 2664 lta
865 2615 899 2666 et
924 2615 1053 2689 tyranno
1079 2609 1120 2670 od
1151 2631 1226 2672 con-

177 2684 352 2746 sultandum
367 2695 488 2769 tempus
502 2689 610 2751 'datum
631 2699 696 2750 est:
722 2700 754 2750 et
775 2689 949 2769 Quinctius,
965 2694 1117 2757 socIorum
1133 2698 1226 2762 etlorn
1239 2714 1364 2778 Qauuiue

177 2771 365 2852 principibus
396 2774 554 2852 adhibitis,
587 2775 695 2837 habuit
731 2777 903 2840 consilium.
957 2777 1102 2844 Maximae
1132 2787 1226 2867 partis
1238 2781 1310 2831 ΒΜ
1325 2795 1397 2847 “W

178 2858 333 2920 sententio
344 2871 433 2922 erut:
458 2857 733 2923 ‘Perseverandum
749 2862 782 2924 iu
796 2863 877 2925 bello
900 2885 977 2943 esse,
1000 2878 1032 2928 et
1053 2869 1224 2934 tollendum
1237 2857 1323 2964 ἔξω
1335 2861 1395 2898 ‘⁰¹’

176 2946 188 2976 ‘
199 2954 373 3024 tyrannum.
390 2965 555 3028 uumcpranr
582 2947 671 3011 aliter
694 2959 794 3010 tutam
818 2951 991 3013 libertatem
1006 2951 1129 3018 Grteciae
1148 2959 1231 3024 fore.
1272 2928 1322 2963 m

176 3025 303 3092 ‘Satius
318 3032 416 3094 multo
431 3031 533 3112 luisse,
549 3055 611 3096 non
625 3036 737 3096 moveri
755 3037 868 3098 bellum
884 3038 1026 3100 adversus
1038 3059 1120 3123 eum,
1129 3065 1234 3126 quam:

176 3115 299 3177 ‘omitti
327 3132 456 3180 motum.
483 3131 515 3180 et
545 3122 643 3202 ipsum
673 3123 757 3182 velut
785 3125 986 3206 comprobata
1014 3127 1224 3195 dominatione

174 3199 362 3264 ‘firmiorem
378 3203 525 3281 futurum,
542 3217 664 3267 auctore
680 3206 784 3288 injusti
803 3209 921 3294 imperii
944 3211 1086 3275 adsumto
1107 3219 1234 3299 populo«

173 3284 359 3366 ‘Roman03
383 3301 415 3352 et
429 3291 572 3372 exemplo
593 3291 706 3352 multos
729 3293 760 3352 iu
782 3293 849 3354 aliis
870 3295 1045 3359 civitatibus
1060 3301 1100 3361 od
1116 3303 1241 3365 insidi·-

172 3373 311 3436 ‘andum
337 3375 469 3438 libertati
495 3377 605 3438 civium
636 3397 759 3438 suorum
785 3379 1005 3443 imitaturum?
1050 3383 1225 3468 Ipsiusim-

180 3479 310 3535 combas
325 3485 418 3532 indm
433 3501 455 3534 o.
470 3485 509 3533 tt?
534 3483 565 3534 N.
579 3486 600 3532 b.
612 3501 642 3534 m.
652 3487 737 3535 duobus
749 3484 794 3548 leg.
829 3485 972 3548 dicuni
998 3485 1029 3542 Ν.
1044 3493 1067 3542 lt.
1082 3495 1168 3546 drrolua
1182 3514 1231 3548 ra„

168 3545 394 3662 gawmczimeilmu.
426 3549 454 3604 Q.
466 3553 483 3599 i.
493 3550 556 3598 redut
564 3567 586 3598 o.
595 3553 636 3601 ul
653 3550 684 3600 N.
695 3550 718 3600 b.
728 3552 813 3600 duobus
821 3554 993 3606 maximoCt‘cv.
1085 3563 1225 3612 'adimam

235 3648 241 3661 .
276 3627 324 3664 rev.
920 3653 923 3658 ·

205 3717 226 3751 ¹⁵
246 3717 327 3766 Utrum
334 3718 522 3783 moctasuctuar
533 3723 575 3787 est]
599 3720 681 3786 ScrIpti
712 3721 788 3779 oudo,
805 3735 829 3772 et
847 3683 1015 3777 milidudtead
1027 3732 1160 3781 comitatem
1171 3747 1220 3782 ora·

172 3789 363 3832 utrumuomatc.
398 3783 509 3832 Pulticula
527 3801 612 3848 negent
631 3803 682 3836 oru-
712 3788 768 3835 tioni
780 3789 907 3840 adhibetur.

172 3848 231 3894 uitro
241 3852 420 3898 necessarlum.
451 3849 681 3914 SuspicaturGrono·
749 3853 769 3886 ¹⁸
787 3853 802 3883 ⁵
815 3853 934 3922 Populati]
949 3857 1062 3909 Plausibili
1074 3862 1097 3910 in
1109 3851 1197 3924 rulgtrs.
1211 3895 1218 3900 -

171 3913 223 3960 vitra
241 3927 292 3961 cam
306 3916 431 3979 abaorpram
443 3930 492 3963 erte
503 3917 531 3964 ab
542 3917 622 3965 ultima
634 3918 680 3984 syl·
747 3919 768 3958 ¹⁹
786 3915 898 3982 Tyrannus
919 3957 926 3970 .
951 3959 957 3972 .
977 3927 1016 3985 qua·
1041 3929 1133 3989 depoeito
1154 3931 1221 3990 urspe-

171 3977 297 4029 laberocia
311 3981 468 4045 precedentis,
485 3981 623 4046 Litiumque
640 3985 679 4032 de·
713 3987 758 4050 rio]
792 3987 887 4048 AIIquot
916 4001 1080 4039 commemorat
1107 3991 1226 4057 Polybius,

171 4042 243 4105 dunc,
256 4043 469 4095 Utrumnomnonu
480 4048 595 4111 tesoetrou
605 4050 651 4096 ert?
715 4049 731 4096 l.
745 4065 772 4100 rr.
787 4054 932 4116 cuisque·
951 4056 1030 4118 procat
1045 4056 1115 4103 dublo
1130 4057 1153 4104 in
1169 4061 1220 4107 aui-

206 4106 229 4144 ¹⁶
246 4110 262 4141 ‘
274 4109 299 4158 Si
311 4113 354 4158 ellit
367 4111 446 4172 placet,
459 4109 589 4173 affinitatem
602 4115 678 4177 etiam]
714 4129 753 4162 mo
770 4116 868 4165 habebat
878 4118 1016 4182 Aristonus,
1031 4120 1153 4185 Lysiadem
1165 4125 1221 4174 Me·

171 4173 308 4236 Indignatur
325 4175 443 4241 Quintius,
459 4177 537 4225 Nabin
557 4191 567 4226 t
584 4193 680 4228 nauum
714 4181 901 4247 galopolltunuro‚
920 4184 1043 4234 Xenonem
1060 4185 1219 4239 Hermionen·

163 4239 208 4290 ribi
228 4250 320 4290 tautum
332 4257 444 4302 mopere,
459 4255 484 4290 ut
503 4245 531 4291 ad
547 4195 680 4293 alduinum
713 4252 772 4306 mm,
800 4247 952 4312 Cleonymum
976 4249 1108 4312 Phliasium,
1129 4253 1220 4304 Aristo-

170 4321 225 4356 curu
246 4309 309 4369 regia
328 4306 485 4358 Macedonum
504 4311 573 4358 domo
592 4311 682 4358 anlmoo
714 4317 821 4362 maelium
844 4312 964 4374 Argivum,
994 4317 1031 4378 qui
1054 4330 1134 4367 ornucr
1154 4321 1220 4370 Arati

170 4372 279 4421 attollere
290 4375 380 4424 audeat.
715 4379 751 4426 rel
769 4378 912 4438 auctoritate,
928 4381 965 4429 vel
983 4391 1047 4430 metu
1064 4381 1164 4444 adductl,
1180 4399 1220 4451 ty·

207 4439 229 4479 ll
247 4438 263 4469 ‘
277 4438 387 4507 Porculis]
408 4439 497 4488 Desine
512 4453 596 4504 quun.
629 4439 682 4489 Vox
714 4446 834 4493 ttunideru
852 4445 1014 4510 deposuerant,
1031 4463 1126 4512 reteque
1144 4461 1168 4500 et
1187 4454 1219 4501 ci·

170 4505 205 4556 uia
216 4516 340 4574 usurpatur
350 4521 392 4574 pro
406 4508 425 4558 ti
438 4507 478 4564 ris,
494 4517 520 4555 ut
536 4507 593 4558 tedet
605 4519 647 4575 pro
665 4509 684 4555 u·
714 4509 797 4558 ritatea
806 4525 858 4560 atras
867 4511 961 4561 Arhoeit
971 4512 1132 4577 adjunxerant.

767 4583 831 4646 ui
