3068 5186
383 373 479 435 ara.
493 374 657 435 mvn.
678 375 759 438 cae.
779 375 937 436 xxxvrr.
989 359 993 370 '
1132 385 1192 440 sos

146 528 269 610 pondus
292 529 398 612 ingens
423 541 471 593 est
491 531 654 614 pollicitus,
676 543 718 609 et,
741 531 863 594 nomine
887 535 1007 594 tahtum
1029 531 1113 614 regio
1135 555 1189 597 ex·
1202 555 1344 610 u,c,552,

145 627 252 698 cepto,
266 617 444 678 societatem
462 619 560 680 omnis
575 618 672 700 regni,
694 619 788 700 siper
806 621 876 680 eum
898 639 1004 701 pacem
1028 619 1188 702 Impetras-
1200 623 1231 671 A.
1241 621 1271 672 0·
1283 625 1339 674 1⁹⁰·

145 713 206 763 set.
250 701 299 770 Ad
315 723 352 764 ea
366 700 492 785 Scipio:
526 703 642 774 ‘Quod
663 693 818 768 Romanos
838 725 954 783 omnes,
970 705 1051 787 quod
1065 728 1125 786 me,
1148 709 1188 770 ad
1201 726 1346 792 eqourum

145 788 156 819 ‘
174 809 265 870 quem
281 789 387 852 missus
402 811 445 869 es,
460 791 591 872 ignoras,
612 791 711 852 minus
727 792 841 869 miror3
874 812 965 873 quum
982 804 1014 855 tc
1033 792 1187 856 fortunam
1201 793 1312 844 Africani.

146 872 249 956 ‘ejus,
264 897 284 936 a
305 895 365 956 quo
386 877 479 954 venis,
501 877 640 958 ignorare
663 897 795 941 cernam.
839 876 1033 960 Lysimachia
1056 881 1189 944 tenenda

145 960 156 994 ‘
173 973 250 1040 crat,
262 983 300 1025 ne
316 961 537 1026 Chersonesum
548 965 727 1026 intraremus
736 986 747 1042 3
771 965 875 1026 autad
887 963 1121 1048 Hellespontum
1132 969 1188 1030 ob·

144 1049 156 1080 ‘
172 1048 354 1125 sistendum,
370 1070 408 1111 ne
430 1051 462 1112 in
476 1051 582 1112 Asiam
601 1049 829 1132 trajiceremus:
863 1052 888 1113 si
904 1073 1011 1134 pacem
1032 1063 1188 1135 tamquam

144 1133 157 1166 ‘
174 1135 215 1195 ab
230 1136 366 1198 sollicitis
388 1137 426 1198 dc
442 1137 514 1198 belli
529 1151 639 1200 eventu
654 1137 777 1220 petituri
798 1139 898 1200 eratis.
944 1138 1097 1201 Concesso
1116 1161 1197 1202 vero.

144 1221 157 1254 ⁴
174 1221 206 1282 in
221 1221 326 1284 Asiam
343 1223 482 1301 transitu,
492 1235 524 1286 et
539 1227 624 1286 ³non
639 1224 737 1299 solum
752 1224 855 1301 frenis,
871 1223 925 1286 sed
941 1226 1032 1286 etiam
1043 1224 1121 1308 jugo
1135 1248 1187 1290 ac·

145 1307 157 1340 ‘
174 1319 276 1390 cepto,
293 1329 361 1390 quae¹
372 1309 554 1393 disceptatio
569 1333 607 1373 ex
623 1331 718 1392 aequo,
730 1331 823 1392 quum
838 1311 997 1392 imperium
1009 1313 1187 1393 patiendum

145 1394 159 1426 ‘
175 1395 227 1472 sit,
242 1395 347 1456 relicta
357 1397 425 1458 estl
452 1397 517 1478 Ego
531 1418 570 1458 ex
581 1396 786 1458 munificentia
800 1397 883 1478 regia
896 1398 1062 1458 maxImum
1075 1398 1187 1474 donum

143 1481 156 1512 ‘
174 1480 269 1543 filium
284 1482 423 1544 habebo:
440 1483 517 1561 aliis,
528 1483 611 1546 Deos
625 1504 743 1567 precor,
755 1503 793 1544 ne
809 1502 952 1563 umquam
964 1476 1088 1546 fortuna
1098 1497 1189 1566 egeat

144 1567 263 1644 ‘mea;
286 1570 403 1630 animus
429 1582 511 1631 certe
534 1591 595 1632 non
610 1569 722 1650 egebit.
767 1566 824 1630 Pro
845 1579 931 1630 tanto
945 1569 975 1630 in
992 1589 1041 1630 me
1064 1591 1188 1632 munere

144 1653 158 1686 ‘
175 1667 295 1736 gratum
308 1675 357 1716 me
373 1659 437 1718 e'sse
449 1657 480 1717 in
490 1677 522 1720 se
535 1657 655 1735 sentiet,
669 1656 694 1718 si
707 1655 855 1738 privatam
864 1655 992 1737 gratiam
1004 1677 1059 1738 pro
1070 1656 1188 1738 privato

145 1741 157 1772 ‘
176 1741 322 1803 beneficio
337 1741 531 1820 desiderabit.
546 1743 665 1825 publice
679 1763 735 1804 nec
752 1741 871 1804 habeo¹
890 1742 1054 1823 quidquam
1070 1743 1108 1804 ab
1124 1742 1189 1819 illo,

146 1826 158 1859 ‘
176 1847 232 1889 nec
247 1829 335 1890 dabo.
379 1827 470 1898 Quod
485 1829 515 1890 in
531 1830 690 1912 prasentia
704 1829 777 1891 dare
792 1829 916 1910 possIm,
930 1827 1019 1890 fidele
1030 1829 1189 1891 consilium

145 1914 231 1976 ‘est
274 1913 345 1993 Abi,
361 1915 473 2000 nuncia
492 1917 567 1976 meis
581 1917 689 1994 verbis,
709 1915 790 1978 bello
811 1915 948 1992 absistat,
972 1915 1056 1996 pacis
1081 1915 1187 1978 condi-

145 2000 289 2063 ‘tionem
304 2001 419 2062 nullam
437 2001 579 2064 ·recuset.'
622 2000 709 2063 Nihil
723 2022 762 2062 ea
780 2013 940 2062 moverunt
954 2021 1067 2081 regem,
1090 2011 1189 2062 tutam

146 2086 216 2158 sore
229 2088 298 2149 belli
313 2089 411 2150 aleam
424 2099 533 2166 ratum,
549 2089 670 2171 qnando
681 2088 806 2170 perinde
821 2108 857 2148 ac
869 2088 950 2149 victo
961 2085 1028 2170 jam
1040 2087 1097 2148 sibi
1106 2087 1188 2170 leges

145 2173 331 2236 dicerentur.
345 2177 458 2236 omissa
479 2176 570 2256 igitur
586 2175 790 2256 inpraesentia
804 2173 958 2236 mentione
979 2173 1075 2256 pacis,
1090 2183 1188 2236 totam

146 2280 254 2322 curam
270 2261 301 2322 in
317 2261 388 2322 belli
403 2263 581 2343 adparatum
597 2261 738 2324 intendit.

168 2393 173 2400 .
193 2345 357 2408 XXXVII.
390 2345 515 2426 Consul,
538 2348 678 2411 omnibus
697 2349 873 2430 praeparatis
898 2348 937 2410 ad
956 2349 1113 2431 proposita
1134 2369 1188 2412 ex·
1202 2374 1329 2426 comula

145 2434 315 2514 sequenda,
340 2453 432 2514 quum
458 2455 496 2496 ex
522 2435 637 2496 stativis
663 2435 816 2512 movisset,
842 2433 1021 2497 Dardanum
1046 2435 1345 2519 pharamundum

144 2519 262 2581 deinde
289 2518 464 2598 Rhoeteum,
492 2532 617 2601 utraque
650 2521 771 2582 civitate
807 2521 927 2582 obviam
963 2521 1068 2599 effusa,
1097 2521 1189 2585 venit.
1202 2508 1273 2560 Μ·

144 2605 223 2666 inde
236 2599 325 2667 Ilium
349 2607 505 2688 processit,
528 2607 692 2688 castrisque
714 2607 745 2666 in
761 2627 880 2690 campo,
903 2609 954 2688 qui
971 2619 1018 2670 est
1040 2606 1190 2689 subjectus

147 2692 311 2769 moenibus,
341 2693 458 2775 positis,
480 2693 512 2754 in
539 2694 641 2754 urbem
666 2713 826 2774 arcemque
853 2714 945 2774 quum
968 2694 1155 2758 escendisset
1165 2705 1191 2774 Υ,

146 2777 331 2840 sacrificavit
353 2778 498 2841 Minerva
522 2779 639 2861 praesidi
664 2779 760 2858 arcis;
795 2792 825 2842 et
855 2779 1010 2842 Iliensibus
1030 2781 1086 2842 ⁴in
1106 2783 1190 2844 omni

147 2885 248 2926 rerum
265 2867 481 2947 verborumque
505 2867 621 2927 honore
636 2867 675 2946 ab
689 2887 722 2928 se
746 2865 889 2928 oriundos
904 2866 1061 2929 Romanos
1084 2867 1190 2950 prafe-

148 2951 295 3028 rentibus,
311 2963 342 3012 et
367 2951 514 3014 Romanis
536 2951 611 3014 latis
626 2953 742 3032 origine
763 2974 826 3014 sua.
848 2953 919 3014 inde
942 2952 1069 3036 profecti
1095 2955 1189 3017 sextis

148 3037 256 3099 caetris
272 3039 310 3098 ad
335 3051 427 3121 caput
441 3037 526 3100 Caici
551 3039 649 3100 amnis
675 3049 879 3120 pervenerunt
922 3037 969 3100 Eo
986 3039 1018 3100 e‘t
1039 3037 1190 3102 Eumenes

148 3145 212 3201 rex,
228 3137 353 3186 conatus
369 3126 467 3208 primo
492 3125 530 3186 ab
547 3123 748 3206 Hellesponto
771 3125 914 3186 reducere
939 3125 1066 3186 classem
1078 3126 1119 3185 ·in
1143 3127 1190 3187 hi·

147 3210 244 3272 berna
268 3209 391 3290 Elaeam,
418 3211 549 3273 adversis
570 3211 680 3272 deinde
703 3211 801 3274 ventis
826 3231 918 3292 quum
942 3211 1059 3292 aliquot
1085 3210 1189 3274 diebus

146 3317 288 3380 superare
317 3296 433 3360 Lecton
462 3297 705 3380 promontorium
719 3315 794 3358 ‘non
823 3297 985 3379 potuisset,
1016 3298 1047 3358 ia
1078 3307 1189 3360 terram

148 3403 296 3465 egressus,
324 3405 361 3445 ne
385 3384 504 3446 deesset
526 3383 681 3466 principiis
709 3391 904 3464 rerum,·‘qua
925 3383 1097 3464 proximum
1119 3384 1188 3462 fuit,

150 3471 181 3531 in
198 3483 298 3532 castra
324 3469 463 3532 Romana
478 3491 546 3532 cum
569 3491 661 3552 parva
685 3491 776 3532 manu
796 3470 964 3532 contendit.
1007 3469 1058 3532 ax
1081 3471 1188 3532 castris

148 3555 329 3638 Pergamum
361 3557 501 3618 remissus
535 3557 574 3618 ad
605 3568 790 3636 commeatus
822 3557 1038 3638 expediendos,
1076 3558 1189 3619 tradito
1226 3565 1230 3572 '

149 3643 314 3719 frumento,
340 3645 448 3724 quibus
467 3642 600 3724 jusserat
625 3643 740 3721 consul,
767 3644 798 3704 in
824 3643 931 3705 eadent
957 3645 1067 3706 stativa
1088 3644 1190 3706 rediit.

147 3730 233 3807 inde,
248 3730 377 3812 plurium
401 3730 517 3794 dierum
532 3730 708 3812 praeparatis
730 3730 861 3809 cibariis,
884 3731 1043 3796 consilium
1058 3742 1124 3792 erat
1145 3729 1190 3790 ire

149 3817 192 3878 ad
221 3817 352 3894 bostem,
382 3817 555 3899 priusquam
586 3817 683 3878 hiems
714 3817 910 3898 obprimeret.
963 3817 1061 3898 Regia
1091 3827 1192 3878 castra

147 3905 232 3966 circa
245 3901 392 3987 Thyatira
407 3917 514 3966 erant:
549 3902 591 3964 ibi
607 3923 698 3982 quum
715 3904 848 3964 audisset
871 3903 1050 3982 Antiochus,
1073 3900 1105 3965 P.
1123 3900 1190 3964 Sci-
1203 3919 1333 3970 Antiochus

146 3991 273 4073 pionem
295 4011 405 4071 aegrum
422 3988 535 4052 Elaeam
552 3989 698 4067 delatum,
721 3989 849 4071 legatos,
865 3991 917 4071 qui
940 3989 1034 4050 lilium
1058 3987 1099 4049 ad
1121 4009 1190 4053 eum
1202 3985 1358 4102 mm·

277 4104 290 4131 ¹
300 4099 377 4147 habebo
389 4095 462 4146 Gran.
473 4096 541 4146 Creu.
670 4098 815 4145 toarendisrct
827 4097 899 4145 Gron.
909 4095 977 4144 caer.
988 4095 1062 4146 Doer.
1201 4117 1240 4166 gt·

180 4188 193 4222 ³
212 4187 263 4236 Non
276 4190 344 4237 solum
352 4188 437 4253 frenis,
459 4189 495 4236 ssd
516 4189 581 4235 mmm
595 4187 655 4250 jugo
718 4185 926 4234 *InomnIreram
936 4187 1088 4248 usrhrnrmque
1101 4187 1189 4250 town]

148 4255 245 4316 arrepto]
276 4255 351 4303 Aliter
372 4254 480 4318 Polybius
501 4253 525 4300 in
547 4253 654 4314 Excerpe.
688 4251 819 4313 Elegantius
828 4253 916 4299 abesset
925 4249 955 4296 rb
963 4254 995 4299 r'n.
1023 4251 1192 4300 ‘sensuam
1230 4269 1241 4284 ·

149 4319 210 4379 Iaeg.
222 4322 261 4370 23.
277 4335 322 4369 non
330 4321 397 4368 ωἱιυη
405 4319 491 4381 Μὴ,
500 4319 535 4366 ced
544 4318 610 4364 ctlmn
621 4320 656 4364 in·
688 4316 811 4368 Illansibns
822 4318 884 4366 omni
892 4331 970 4364 rerum
978 4317 1143 4380 verborumque
1150 4317 1192 4364 ho·

148 4399 225 4431 semro
234 4393 326 4445 amplo.
359 4385 442 4432 Allusit
454 4397 529 4433 sutem
542 4383 568 4430 ad
580 4382 658 4446 apolo·
688 4384 891 4433 norstertantlbus
899 4382 989 4445 agnosci
998 4397 1043 4432 nc
1052 4383 1075 4432 ln
1085 4383 1193 4436 Romanis

146 4465 204 4510 gum
216 4449 278 4511 equi,
288 4451 316 4497 de
327 4467 372 4513 quo
394 4451 511 4505 Horatios,
529 4447 579 4496 Non
596 4450 657 4512 oqui·
688 4448 783 4514 stirpam
795 4463 866 4500 suam.

148 4523 193 4562 tem
203 4515 272 4572 dorso,
280 4518 421 4580 nonj‘rcnrun
430 4517 513 4577 depulit
521 4530 564 4562 ore.
