3068 5186
186 763 222 816 U.
232 764 265 814 C.
274 764 330 814 563.

184 832 216 879 A.
224 830 257 878 C.
270 830 324 878 lca.

186 895 225 944 Μ.
236 893 323 950 Fulvio,

187 959 233 1007 Cu.
245 959 334 1008 Manlio

185 1025 258 1084 coo,

184 1111 277 1162 Rumor
286 1130 325 1162 ve·

185 1192 229 1227 nm
238 1181 267 1227 de
280 1197 333 1244 cop·

350 361 411 422 sao
524 426 527 434 ,
775 353 859 414 uun
878 321 1009 414 mvn'

352 527 385 578 et
399 513 511 592 Pictor,
537 511 575 592 (⁴⁴
586 511 696 574 damen
711 509 875 580 Quirinalis
897 531 934 572 eo
959 528 1041 570 anno
1063 506 1258 589 inauguratus
1281 505 1398 586 meret)

352 599 400 663 M.
416 599 610 683 Sempronius
625 595 807 674 Tuditanus,
823 593 878 678 Sp.
909 595 1078 658 Postumius
1093 594 1233 674 Albinus,
1254 591 1292 654 L
1306 591 1398 656 Plau·

351 689 411 750 tius
427 685 585 768 Hypseus,
608 681 645 745 L.
660 681 779 744 Baebius
794 681 895 745 Dives.

395 771 541 835 XLVIII.
563 770 609 832 M.
625 769 729 832 Fulvio
743 767 900 831 Nobiliore
913 780 945 830 et
959 767 1017 830 Cn.
1033 766 1152 842 Manlio
1167 765 1304 829 Vulsone
1322 787 1397 828 cou-

353 860 477 938 sulibus,
498 857 637 920 Valerius
651 855 759 918 Antias
775 868 881 918 auctor
892 867 949 934 est,
965 876 1116 918 rumorem
1128 855 1279 916 celebrem
1292 852 1400 915 Romae

353 947 456 1023 fuisse,
472 955 505 1006 et
523 965 600 1029 pene
622 964 677 1026 pro
696 953 780 1004 certo
795 943 946 1019 habiturn,
965 941 1129 1024 recipiendi
1149 939 1303 1023 Scipionis
1322 939 1398 1002 ado-

353 1032 496 1094 lescentis
516 1052 632 1108 caussa,
655 1029 810 1090 consulem
829 1025 865 1091 L.
886 1025 1071 1111 Scipionem,
1084 1040 1117 1089 et
1132 1048 1202 1089 curn
1218 1047 1257 1087 eo
1268 1025 1303 1088 P.
1312 1025 1399 1088 Afri-
1429 1043 1436 1054 ·

353 1138 474 1196 canmn,
491 1119 523 1178 in
538 1117 732 1198 conloquium
747 1126 889 1177 evocatus
905 1115 995 1195 regis,
1006 1126 1038 1176 et
1057 1115 1139 1196 ipsos
1159 1114 1401 1195 comprehensos

352 1226 437 1282 esse3
461 1216 504 1281 et,
521 1204 645 1265 ducibus
661 1202 769 1285 captis,
786 1200 947 1263 confestim
964 1201 1002 1263 ad
1015 1212 1115 1262 castra
1125 1199 1402 1262 Romanaexerci·

352 1303 420 1353 tum
450 1290 585 1368 ductum,
610 1309 705 1371 eaque
731 1299 915 1372 expugnata,
945 1299 978 1348 et
1008 1287 1120 1348 deletas
1152 1307 1259 1348 omnes
1289 1288 1400 1369 copias

302 1451 303 1454 Ἴ
351 1376 560 1441 Romanorum
589 1397 666 1455 esse.¹
718 1374 767 1436 Ob
792 1377 855 1436 haec
881 1371 1003 1436 AEtolos
1028 1372 1183 1436 sustulisse
1209 1372 1338 1450 animos,
1364 1383 1399 1434 et

351 1464 493 1526 abnuisse
503 1463 651 1546 imperata
661 1462 771 1540 lacere,
783 1461 992 1544 principesque
1004 1481 1108 1521 eorum
1122 1459 1153 1521 in
1165 1457 1397 1537 Macedoniam,

352 1561 385 1611 et
408 1551 438 1610 in
466 1547 635 1627 Dardanos,
667 1560 698 1610 et
720 1547 753 1609 in
771 1545 947 1623 Thraciam,
970 1547 1010 1608 ad
1036 1546 1235 1608 conducenda
1256 1545 1397 1606 mercede

353 1636 466 1698 auxilia
477 1635 639 1718 profectos.
671 1633 745 1696 Haec
757 1635 807 1716 qui
820 1633 1001 1708 nunciarent
1011 1631 1152 1710 Romam,
1164 1631 1203 1694 A.
1213 1631 1396 1694 Terentium

352 1719 521 1804 Varronem
537 1733 569 1784 et
588 1720 636 1783 M.
653 1719 815 1784 Claudiurn
832 1718 980 1801 Lepidum
1002 1721 1041 1781 ab
1052 1718 1091 1780 Α.
1104 1717 1247 1798 Cornelio
1264 1740 1397 1800 propne-

352 1820 420 1871 tore
444 1829 482 1870 ex
502 1805 621 1870 AEtolia
639 1807 746 1868 missos
766 1827 842 1868 esse.
888 1803 1031 1868 Subtexit
1053 1805 1163 1867 deinde
1187 1805 1298 1866 fabulae
1315 1805 1397 1884 huic,

351 1895 470 1977 legatos
481 1891 604 1956 AEtolos
619 1894 650 1954 in
662 1904 770 1955 senatu
786 1894 864 1955 inter
878 1903 980 1954 cetera
990 1892 1049 1954 hoc
1061 1912 1181 1974 quoque
1193 1891 1395 1973 interrogatos
1498 1928 1509 1938 ι

352 2002 437 2060 esse3
461 1981 541 2042 unde
557 1980 723 2059 audissent,
744 1980 940 2063 imperatores
963 1977 1119 2041 Romanos
1139 1979 1173 2040 in
1194 1977 1271 2039 Asia
1288 1990 1399 2061 captos

352 2067 391 2128 ab
416 2066 572 2129 Antiocho
597 2087 677 2150 rege,
692 2078 724 2128 et
747 2067 912 2127 exercitum
937 2065 1070 2127 deletum
1086 2065 1173 2126 essel
1203 2062 1326 2127 AEtolos
1348 2087 1394 2142 re-

352 2154 520 2236 spondisse,
545 2153 583 2214 ab
599 2155 659 2220 suis
674 2151 782 2234 legatis
805 2173 848 2229 se,
871 2152 1013 2232 quicum
1037 2150 1161 2213 consule
1183 2151 1306 2230 fuerint,
1328 2172 1394 2213 cer·

351 2239 444 2302 tiores
460 2240 566 2301 factos.
610 2237 751 2300 Rumoris
767 2237 855 2320 hujus
871 2237 941 2320 quia
956 2239 1108 2300 neminem
1130 2237 1222 2298 aliurn
1241 2249 1397 2300 auctorem

261 2381 266 2396 ι
352 2325 462 2406 habe0,
485 2346 583 2408 neque
604 2325 764 2388 adfirmata
780 2346 826 2386 res
840 2345 910 2386 mea
923 2325 1065 2407 opinione
1089 2325 1139 2402 sit,
1160 2345 1218 2386 neo
1238 2344 1294 2406 pro
1318 2345 1398 2386 vana

352 2414 567 2496 praetermissa.

186 2501 340 2565 legauAEto·
394 2497 507 2560 XLIX.
530 2496 627 2560 AEtoli
643 2498 734 2580 legati
750 2498 781 2559 in
797 2469 934 2560 senatum
948 2499 1125 2577 introducti,
1140 2519 1233 2580 quum
1243 2509 1276 2561 et
1290 2520 1400 2561 cerussa

184 2571 259 2618 lorum
272 2570 316 2616 inm

185 2635 246 2682 sectr
256 2649 311 2697 pace

186 2699 278 2748 nutat

352 2605 406 2647 eos
418 2605 472 2646 sua
483 2598 515 2646 et
526 2584 649 2646 fortuna
659 2586 842 2662 hortaretur,
853 2596 889 2647 ut
904 2585 1078 2647 confitendo
1094 2606 1147 2647 seu
1162 2605 1222 2647 suae
1235 2587 1330 2668 culpae
1342 2606 1400 2664 seu

351 2672 444 2735 errori
454 2672 572 2733 veniam
582 2684 723 2753 peterent
734 2671 904 2752 supplices;
928 2671 987 2733 orsi
1005 2671 1189 2733 abeneficiis
1202 2673 1232 2732 in
1242 2673 1398 2754 populum

352 2756 538 2834 Romanurn,
561 2768 593 2818 et
606 2777 702 2839 prope
723 2758 937 2838 exprobrantes
952 2758 1094 2820 virtutem
1110 2751 1192 2820 suam
1208 2759 1239 2818 in
1256 2757 1393 2840 Philippi

351 2842 442 2922 bello,
459 2833 490 2904 et
505 2842 705 2922 obfenderunt
721 2863 806 2904 aures
823 2844 985 2906 insolentia
995 2845 1161 2923 sermonis,
1183 2854 1212 2904 et
1226 2864 1273 2922 eo,
1284 2856 1396 2905 vetera

352 2942 385 2992 et
410 2930 570 2992 obliterata
596 2929 773 3010 repetendo,
806 2950 870 2991 rem
896 2929 1095 3008 adduxerunt,
1123 2941 1158 2992 ut
1180 2930 1262 2990 haud
1285 2929 1396 3011 paullo

351 3016 488 3100 plurium,
505 3015 722 3078 maleficiorum
744 3017 855 3098 gentis,
881 3037 971 3097 quam
995 3016 1221 3094 beneficiorum,
1244 3015 1398 3077 memoria

352 3103 466 3165 subiret
488 3104 603 3165 anImos
627 3101 761 3179 Patrem,
790 3103 960 3183 atquibus
985 3103 1193 3165 misericordia
1216 3123 1292 3184 opus
1318 3112 1396 3178 erat,

351 3189 428 3252 iram
442 3200 474 3251 et
488 3190 590 3250 odium
602 3189 763 3251 irritarent.
807 3187 990 3271 Interrogati
1006 3189 1044 3251 ab
1061 3210 1122 3252 uno
1137 3200 1289 3265 senatore,
1301 3188 1312 3220 ‘
1323 3210 1395 3271 per·
1460 3195 1463 3202 '

350 3274 568 3338 ‘mitterentne
590 3275 745 3336 arbitrium
767 3274 804 3335 de
824 3296 856 3336 se
876 3275 989 3359 populo
1011 3275 1151 3338 Romano
1165 3273 1195 3336 ?'
1224 3274 1335 3336 deinde
1355 3275 1397 3336 ab
1435 3325 1437 3331 .

350 3362 458 3440 altero,
475 3361 667 3423 ‘habiturine
682 3361 817 3438 eosdem,
832 3383 907 3443 quos
923 3361 1050 3445 populus
1064 3359 1231 3439 Romanus,
1248 3361 1347 3423 socios
1361 3373 1395 3423 et

266 3523 271 3530 ⁹
349 3449 477 3510 ‘hostes
501 3459 601 3510 essent
614 3446 642 3510 l’
677 3447 752 3509 nihil
773 3447 815 3528 ad
837 3469 876 3510 ea
897 3449 1124 3531 respondentes,
1149 3448 1252 3530 egredi
1279 3448 1395 3529 templo

344 3533 438 3615 jussit
452 3545 531 3595 sunt.
575 3533 806 3596 Conclamatum
833 3535 943 3596 deinde
968 3555 1063 3618 prope
1079 3537 1117 3596 ab
1132 3536 1271 3596 universo
1287 3545 1394 3595 senatu

349 3629 407 3696 est,
424 3618 541 3681 ‘Totos
560 3620 658 3681 adhuc
672 3619 818 3683 Antiochi
834 3619 956 3683 AEtolos
977 3643 1054 3701 esse,
1074 3634 1164 3684 etex
1181 3621 1272 3682 unica
1287 3641 1326 3682 ea
1340 3639 1394 3703 spe

334 3705 507 3788 ‘pendere
530 3707 647 3769 animos
670 3728 784 3769 eorum.
827 3705 935 3789 ltaque
956 3708 1067 3770 bellurn
1093 3729 1162 3770 cum
1186 3706 1270 3770 haud
1296 3707 1394 3768 dubiis

349 3791 511 3853 ‘hostibus
525 3793 700 3874 gerendum,
722 3795 1005 3876 perdomandosque
1019 3795 1136 3858 feroces
1162 3796 1280 3856 animos
1304 3790 1394 3855 esse?

348 3875 451 3941 Etiam
468 3878 520 3939 ille
534 3899 581 3940 res
601 3882 751 3959 accendit,
774 3881 857 3961 quod
879 3901 917 3943 eo
939 3883 1004 3964 ipso
1029 3894 1178 3965 ternpore,
1199 3901 1259 3964 quo
1283 3900 1396 3963 pacem

350 3965 389 4024 ab
405 3963 552 4026 Romanis
566 3967 721 4047 petebant,
737 3965 877 4049 Dolopiae
892 3979 983 4049 atque
998 3968 1189 4030 Athamaniae
1213 3967 1325 4028 bellum
1344 3967 1396 4028 in·

345 4049 496 4114 ferebant.
530 4048 831 4120 Senatusconsultum
843 4053 874 4114 in
885 4051 942 4115 M.'
954 4053 1046 4116 Acilii
1058 4055 1252 4130 sententiam,
1265 4053 1315 4134 qui
1326 4051 1395 4113 An-

352 4136 490 4199 tiochum
505 4136 686 4220 AEtolosque
703 4140 864 4220 devicerat,
882 4140 995 4202 facturn
1013 4153 1070 4219 est,
1091 4137 1159 4202 ‘Ut
1174 4137 1272 4201 AEcoli
1287 4161 1325 4200 eo
1342 4139 1395 4200 die

351 4223 361 4254 ‘
371 4221 547 4302 juberentur
560 4225 709 4307 proficisci
726 4228 764 4288 ab
780 4228 863 4307 urbe,
875 4239 907 4290 et
917 4228 997 4290 intra
1007 4227 1299 4309 quintumdecimum
1311 4225 1396 4286 diem
1451 4291 1456 4308 1

381 4353 403 4387 ⁴⁴
420 4353 510 4405 Flamen
522 4356 644 4410 Quirinalis
653 4376 677 4407 oo
687 4377 744 4408 orroo
755 4362 853 4426 inaugu-
884 4341 948 4410 nime
966 4362 1034 4410 dubia
1049 4373 1092 4420 est,
1107 4377 1136 4410 ex
1146 4377 1210 4424 capp.
1220 4361 1259 4408 5⁰.
1270 4350 1295 4408 et
1307 4359 1348 4407 51.
1361 4361 1398 4406 ln·

332 4405 505 4484 ,'rotussuerot]
518 4421 608 4486 Nempe
620 4424 703 4474 Fabius
716 4424 803 4490 Pictor,
815 4425 853 4488 qui
884 4426 928 4476 fra.
962 4427 1006 4476 Sed
1026 4427 1106 4486 clarior
1125 4429 1199 4474 ontio
1217 4425 1286 4484 soret,
1304 4423 1324 4473 si
1339 4421 1399 4474 huic

250 4497 256 4504 ·
328 4497 462 4551 'postremo
475 4485 719 4542 loconoruinrrusest.
751 4491 852 4542 Resmi·
885 4492 987 4544 membro
997 4504 1168 4560 praeponeretur
1177 4491 1221 4540 bie.
