3026 5164
405 362 483 425 uro.
496 361 642 448 xrtxrx.
663 363 747 424 our.
760 362 848 423 xtx.
1090 373 1150 431 ers

100 517 291 596 mittendum
316 505 507 599 censuerunt,
529 520 814 606 magistratibusque
835 519 1017 587 Ardeatium
1042 521 1150 604 predi·
1164 528 1305 600 dctus.

103 606 249 686 cendum,
275 609 300 672 ‚⁷³
313 618 373 669 ut¹¹
397 608 559 678 intentiore
579 613 659 671 ‘eum
684 607 823 676 custodia
846 607 1056 686 adservarent;
1089 629 1153 675 non
1167 591 1239 645 Μ’·
1254 593 1306 646 ¹³⁶·

102 695 204 778 solum
221 714 259 756 ne
281 693 438 784 effugeret,
454 695 509 764 sed
524 716 562 780 ne
581 696 688 778 mortis
704 693 925 765 consciscendae
940 694 1040 761 locum
1056 695 1151 760 habe·

103 791 163 844 ret.
222 775 277 864 Sp.
293 774 468 866 Postumius*
486 783 642 864 aliquanto
687 795 735 847 ost
758 781 888 854 Romam
906 782 997 846 venit.
1021 803 1059 844 eo
1073 781 1122 850 ref
1138 817 1152 830 ·

104 879 202 952 rente,
217 867 256 934 de
272 865 305 936 P.
320 865 441 942 AEbutii
457 880 488 934 et
503 865 637 954 Hispalae
654 804 789 934 Ueneniae
804 868 938 951 premio,
952 865 1033 950 quod
1048 891 1152 938 eorum
1164 879 1268 930 lodicum

102 977 200 1040 opera
221 953 356 1022 indicate
372 953 577 1023 Bacchanalia
599 968 711 1034 essent,
727 957 1022 1032 senatusconsultum
1038 956 1153 1024 factum
1164 948 1263 1013 pressu.

103 1054 163 1121 est,
180 1045 206 1090 ⁷⁴
219 1039 286 1105 ‘Ut
300 1041 427 1128 singulis
442 1043 491 1106 his
505 1048 531 1089 ⁷⁵
542 1055 673 1110 centena
687 1043 782 1110 millia
802 1043 867 1106 aeris
882 1055 1047 1124 quaestores
1062 1045 1152 1109 urba·

103 1130 164 1194 ‘ui
184 1151 222 1192 ex
241 1130 346 1194 aerario
366 1129 485 1194 darent.
544 1127 660 1214 Utique
683 1130 788 1192 consul
813 1151 883 1193 cunr
904 1131 1031 1197 tribunis
1055 1131 1152 1214 plebis

104 1218 116 1250 ‘
172 1229 246 1304 eret,
268 1229 303 1280 ut
322 1218 363 1280 ad
381 1218 502 1301 plebem
540 1217 616 1282 rimo
632 1237 752 1301 quoque
775 1229 913 1302 tempore
930 1217 1055 1298 ferrent,
1071 1233 1106 1292 ut
1121 1217 1153 1291 P,-

102 1239 256 1380 ‘Uareia
272 1305 397 1374 emerite
411 1239 564 1390 stipendia
578 1310 689 1383 essent,
702 1325 740 1366 ne
753 1304 862 1369 invitus
878 1303 1033 1384 militaret,
1045 1308 1153 1372 ⁷⁶neve

102 1391 239 1456 ‘censor
264 1391 291 1452 ei
314 1412 424 1474 equum
452 1392 606 1476 publicum
632 1391 816 1474 adsignaret.
875 1387 990 1472 Utique
1017 1389 1153 1457 Feceniae

102 1479 114 1510 ‘
133 1475 268 1564 Hispalae
288 1481 314 1526 ⁷⁷
325 1479 422 1557 datio,
442 1477 621 1556 deminutio,
644 1478 744 1562 gentis
771 1477 908 1561 enuptio,
935 1477 1044 1540 tutoris
1066 1479 1153 1562 optio

104 1567 206 1630 ‘item
220 1578 311 1642 esset,
327 1567 411 1648 quasi
428 1567 456 1628 ei
474 1567 517 1629 vir
534 1577 719 1630 testamento
734 1563 878 1634 dedisset.
931 1561 1046 1647 Utique
1061 1566 1089 1626 ei
1106 1567 1153 1632 iu-

104 1653 116 1686 ‘
131 1673 232 1734 genno
254 1654 368 1732 nubere
383 1653 504 1726 liceret:
532 1674 589 1715 neu
627 1651 679 1718 uid
695 1652 734 1730 ei,
744 1651 801 1732 -qui
819 1671 888 1714 cam
904 1649 1051 1730 duxisset,
1066 1653 1107 1714 ob
1122 1651 1155 1712 id

102 1740 114 1774 ‘
131 1739 229 1818 fraudi
244 1741 453 1821 ignominiaeve
469 1751 557 1802 esset
594 1673 710 1823 Utique
726 1739 864 1801 consules
880 1751 1092 1822 pretoresque,
1103 1739 1154 1820 qui

104 1827 116 1862 ‘
133 1849 214 1892 nunc
230 1840 343 1908 essent,
358 1828 446 1912 quive
461 1839 569 1912 postea
585 1825 677 1890 futuri
692 1835 804 1906 essent,
820 1836 971 1905 curarent,
986 1847 1024 1890 ue
1040 1827 1111 1908 quid
1126 1826 1154 1892 ei

480 2015 530 2058 'ut
543 2011 569 2058 iu
577 2009 618 2060 err.
630 2006 704 2058 Gron-
716 2007 788 2065 Creu.

137 2159 161 2198 ⁷³
175 2157 206 2210 Ut
225 2160 251 2208 ln
278 2160 392 2211 intentiore
410 2195 416 2210 .
432 2196 439 2211 .
457 2191 485 2209 ..
503 2157 613 2224 nemu]
645 2157 739 2208 feminee
755 2167 872 2222 poteram,
889 2173 958 2222 quern
977 2157 1045 2208 vellet
1060 2159 1155 2220 legeret.

101 2225 166 2275 Dele
178 2240 338 2291 supremtusm
351 2225 542 2290 praepositionem.
645 2223 681 2272 Ex
703 2223 747 2274 bre
769 2224 921 2286 expositione,
941 2241 1008 2287 quam
1027 2241 1116 2274 summe
1133 2226 1155 2272 vi

139 2292 162 2328 Ἡ
177 2290 208 2339 Ut
227 2293 319 2352 siugulis
339 2291 385 2354 lis]
416 2292 491 2353 Magis
511 2291 613 2356 piseeret
645 2301 725 2340 tuetur
734 2292 1014 2352 Gronoviuqsequererur
1025 2307 1076 2340 earn
1087 2293 1154 2340 fuine

103 2373 162 2406 oum
173 2357 288 2406 Gronovio
298 2356 387 2417 lesere:
404 2367 430 2408 ut
441 2357 530 2422 singulo
541 2356 581 2402 bis.
646 2357 771 2420 antiquitus
790 2355 923 2404 libertorum
945 2358 1108 2414 conditionem,
1127 2369 1153 2406 ut

138 2423 160 2462 ⁷⁵
173 2423 269 2470 Centmsu
283 2421 353 2469 millia
369 2424 428 2487 oerir]
451 2419 475 2468 id
492 2434 537 2481 est,
554 2437 612 2468 mar·
645 2421 702 2470 nibil
720 2425 749 2472 de
768 2421 815 2470 ruis
836 2421 900 2468 bonis
918 2421 1037 2470 detrahere
1055 2437 1155 2488 possent,

102 2504 146 2537 ces
158 2488 245 2548 argenti
255 2499 368 2536 nostrtes
377 2490 430 2538 156.
442 2503 496 2535 eum
506 2487 579 2534 unciis
590 2487 613 2534 2.
645 2488 688 2536 nisi
710 2503 739 2536 ex
768 2488 903 2535 auctoritate
924 2489 1021 2550 petroni,
1043 2499 1070 2535 ut
1090 2489 1154 2536 nulle

139 2551 162 2592 ⁷⁰
174 2552 233 2602 Neue
246 2567 320 2600 ceum
331 2555 352 2602 ei
364 2569 442 2614 equum
450 2554 562 2614 publicium
577 2567 613 2600 us·
646 2568 738 2616 possent
757 2552 854 2617 jungere
871 2553 1024 2610 matrimonia,
1038 2554 1082 2602 nisi
1099 2569 1153 2604 eum

101 2621 122 2670 α’
170 2619 213 2682 ret]
232 2617 320 2666 Mirum
337 2617 408 2668 videri
424 2619 495 2682 possit
511 2618 555 2666 boe
566 2615 613 2664 deri
645 2619 734 2668 libertis
749 2621 801 2680 ejus
816 2619 891 2678 gentis
907 2635 934 2667 er
950 2635 995 2682 qua
1011 2631 1059 2668 erat
1078 2632 1154 2682 putro-

153 2683 612 2749 utioprremiiioeo,necensoreiequum
645 2701 696 2732 nus.
748 2683 879 2746 Utrumque
905 2685 1000 2747 probare
1026 2686 1154 2746 aggreditur

103 2750 223 2814 publicum
240 2749 372 2810 sssigneret,
388 2749 410 2796 id
422 2761 465 2806 est,
475 2763 527 2796 eum
540 2749 562 2795 in
573 2763 612 2794 or·
646 2749 784 2806 Gronovius,
794 2749 835 2796 red
847 2750 874 2796 iis
884 2750 1093 2813 argumentisque
1104 2767 1153 2799 rem

102 2817 184 2864 dinem
195 2825 326 2880 equestrem
335 2815 452 2876 allegeret.
476 2814 543 2862 Nihil
551 2813 613 2862 eliud
644 2816 743 2864 fortasse
756 2814 907 2880 probabilem,
921 2831 967 2864 non
984 2827 1062 2864 tamen
1078 2818 1153 2868 omni-

102 2882 214 2946 suspicsri
229 2895 357 2945 munius,
371 2897 440 2944 quern
456 2879 552 2928 uoluisse
569 2877 613 2926 Pr·
645 2880 934 2942 noeensmseliquidsm
947 2882 1060 2930 efficiunt.
1091 2881 1152 2930 liur-

102 2959 202 3004 tres‚ne
218 2945 415 2996 omuinoAEbutlo
431 2945 528 2993 militare
543 2945 614 2992 inviro
646 2964 685 2996 sue
706 2949 728 2994 id
750 2947 835 3002 turbat,
856 2949 915 3008 quod
938 2946 1044 3004 fecenir,
1063 2961 1154 2995 mortuo

102 3027 202 3061 neeesse
225 3023 294 3060 esset.
342 3010 403 3065 Quis
425 3022 511 3069 eutem,
532 3009 614 3072 quibus
674 3022 751 3070 trono,
767 3015 1060 3074 jamtutorernsprserore
1076 3013 1153 3060 ettri-

102 3093 180 3141 equus
190 3077 291 3142 publicus
301 3079 496 3138 assignaverat,
510 3077 526 3122 ii
542 3076 612 3124 debe·
663 3078 715 3126 unis
729 3077 836 3142 petierat,
849 3080 898 3140 J'sm
914 3089 1077 3126 testamentum
1089 3079 1151 3126 fece·

101 3143 162 3199 bene
171 3143 373 3207 stipendialium,
389 3154 413 3192 et
429 3153 557 3205 equestrem
569 3141 614 3190 mi·
645 3155 689 3192 ret.
723 3143 792 3190 Unde
810 3143 868 3192 nihil
884 3143 906 3190 ei
924 3141 1153 3206 jurisvideturhica

101 3204 179 3258 litism
196 3210 319 3274 suscipere,
331 3212 374 3257 boc
392 3207 424 3255 illi
437 3223 502 3265 onus,
515 3206 613 3270 splendl·
646 3221 728 3258 senatu
744 3209 830 3264 dmum,
846 3209 905 3270 quod
922 3223 968 3256 non
985 3207 1032 3272 jam
1050 3207 1153 3272 baberet,

101 3275 161 3322 dum
173 3273 235 3331 licet,
244 3287 374 3338 exemptum
386 3273 458 3320 voluit
468 3286 569 3322 senatus.
643 3285 727 3338 praeter
737 3274 811 3334 gentis
823 3275 978 3337 eruptionem.
1022 3275 1151 3336 Respondet

140 3339 461 3404 31Duti0,dirnirrutio,geutt's
469 3339 564 3399 enuptio,
575 3345 612 3384 tu·
645 3341 776 3388 Gronovius
797 3338 856 3386 banc
874 3339 943 3387 fuisse
962 3350 1065 3388 mentem
1084 3354 1150 3388 sens-

101 3403 234 3467 torisoptr'o]
259 3403 613 3469 Huncloeum'explicst'l'um.
644 3406 790 3461 turconsulti,
807 3418 831 3452 ut
849 3405 947 3454 Fecenia
963 3406 1065 3466 ingenuis
1082 3407 1151 3453 muli-

100 3471 121 3518 Ι.
134 3483 199 3520 xxx.
208 3469 303 3519 Adsere.
315 3485 335 3518 c.
347 3475 385 3520 25.
396 3472 421 3520 iu
431 3469 493 3517 bunc
504 3469 552 3517 lere
564 3483 613 3516 mo·
645 3472 722 3521 eribus
736 3483 902 3534 exsequeretur,
916 3487 942 3519 sc
954 3470 1020 3534 plsne
1032 3487 1072 3536 pro
1085 3472 1152 3534 inge·

100 3537 170 3582 dum.
211 3533 353 3584 Decernitur
367 3535 573 3591 senstuseoueulto,
587 3545 613 3580 ut
644 3537 832 3584 nuaheberetur.
874 3537 953 3585 Morte
970 3549 1048 3585 sutem
1062 3537 1150 3600 patroni

101 3599 209 3664 thslsr
223 3599 262 3664 jus
279 3613 338 3652 esset
348 3601 415 3650 dandi
429 3614 453 3649 et
464 3600 615 3656 diminuendi,
644 3603 689 3651 etsi
700 3602 808 3664 requirite
819 3602 863 3666 ipsi
873 3601 964 3650 suerent
982 3602 1022 3650 ills
1034 3605 1095 3667 jura,
1104 3619 1150 3652 non

102 3667 167 3730 quod
184 3679 226 3724 est,
241 3669 269 3718 de
290 3683 333 3717 suo
352 3667 443 3730 peculio
457 3665 573 3726 largiendi,
588 3677 613 3714 et
646 3679 722 3716 temen
738 3666 822 3716 ebolits
836 3667 909 3716 iuerat
932 3669 1023 3716 macule
1036 3670 1151 3718 liberrinae

102 3731 304 3784 diminuendrrrum
314 3733 466 3782 fortunarum.
493 3730 562 3784 Quod
573 3730 612 3777 ad·
645 3734 789 3782 conditionis.
829 3731 885 3780 ldeo
897 3747 989 3782 esurum
1000 3747 1035 3782 est
1045 3747 1150 3782 senatus-

102 3798 142 3846 dit
151 3799 229 3845 Livius
243 3799 320 3847 detsnr
336 3800 357 3846 ei
372 3800 446 3859 gentis
457 3797 613 3860 emptionem,
644 3798 757 3856 consulto,
773 3811 807 3856 ur,
817 3799 876 3862 quod
893 3811 946 3847 rnre
960 3802 999 3863 J'us
1015 3800 1149 3862 acquisitum

103 3865 270 3926 interpretatur
285 3863 408 3914 Turnebus
425 3866 464 3927 jue
485 3863 506 3909 ei
525 3863 612 3920 derum,
645 3877 693 3914 eret
702 3863 805 3927 Hispalae
815 3881 855 3928 per
866 3877 963 3914 mortem
974 3867 1149 3929 patroni‚qunm

103 3942 131 3980 ut
148 3930 199 3978 eliis
215 3945 284 3991 quem
299 3929 385 3977 libertis
404 3931 439 3979 sui
457 3927 555 3992 pauori,
573 3942 612 3977 sur
644 3943 749 3980 maneret
769 3931 868 3978 libertini
895 3931 988 3990 ordinis,
1010 3931 1032 3978 id
1057 3934 1105 3992 jam
1127 3932 1150 3978 ei

120 3995 181 4044 entis
196 4010 226 4042 ex
237 4011 281 4058 qus
290 4007 398 4060 petronus
413 4006 471 4050 erat,
480 4007 554 4057 posset
570 4009 613 4040 nu·
643 4008 785 4060 competeret
797 3993 849 4060 jure
860 3995 979 4058 privilegii,
988 4011 1035 4060 quo
1045 3997 1150 4058 ingenuis

104 4011 169 4108 bere.
208 4059 273 4108 Gens
294 4061 356 4108 enirn
373 4061 518 4120 libertorum,
540 4057 613 4121 inquit
644 4063 907 4123 aequsbsrur,·tanqusm
924 4061 1014 4110 mulieri
1026 4079 1078 4126 quae
1089 4079 1150 4111 mor-

104 4124 238 4176 Gronovius
260 4127 288 4176 sd
308 4125 370 4176 boue
389 4127 476 4181 locum,
495 4139 542 4172 non
564 4136 613 4172 erat
644 4139 685 4174 tuo
710 4131 759 4176 viro
787 4128 810 4174 in
835 4127 920 4174 nullius
945 4139 1057 4191 potestate
1084 4141 1151 4178 esser.

104 4192 150 4240 elis
166 4206 234 4254 quem
249 4192 346 4256 mucul,
359 4208 373 4240 ι
389 4207 434 4255 quo
451 4205 535 4238 nomen
550 4191 612 4237 reci·
645 4193 706 4240 Herc
717 4193 766 4241 sere
778 4204 827 4258 post
836 4191 970 4242 Turnebum
984 4193 1113 4242 Gronovius
1122 4197 1150 4242 sd

102 4258 206 4322 piebem,
217 4268 241 4304 et
252 4258 354 4321 ejusdem
369 4257 442 4317 gemis
453 4271 534 4304 noram
545 4257 611 4302 sami·
643 4258 713 4321 hujus
733 4258 776 4306 loci
793 4259 976 4323 explanationem
995 4259 1073 4308 affert:
1091 4277 1152 4322 quse,

102 4323 158 4370 lieni
177 4323 322 4372 humiliorem
341 4317 511 4370 ordiebantur.'
536 4321 610 4370 Deni-
644 4325 890 4386 qualiscunquesunt,
908 4324 974 4386 longe
997 4336 1073 4374 tamen
1096 4338 1151 4374 sunt

103 4405 149 4452 que
160 4405 231 4452 quum
242 4389 309 4436 datur
323 4388 345 4438 ei
361 4389 442 4437 tutoris
453 4387 523 4451 optio,
532 4385 611 4434 decer·
644 4389 671 4437 iis
687 4389 850 4448 verisimiliors,
865 4407 916 4454 quse
934 4391 1058 4440 Marcellus
1069 4389 1150 4440 Done-

102 4455 175 4514 nirur,
193 4465 219 4502 ut
241 4465 342 4504 tutorem
361 4453 412 4512 sibi,
429 4451 611 4517 quandoquidem
644 4468 682 4503 tus
698 4468 723 4504 et
740 4453 868 4503 Gutberius
890 4455 918 4502 sd
940 4455 1151 4524 interpretationem

101 4521 152 4571 siue
163 4531 258 4585 suetore
274 4521 333 4570 nibil
345 4535 411 4584 egere
426 4519 485 4586 spui
497 4516 613 4568 &meum
645 4519 790 4572 livisuorum
801 4521 922 4572 verborum
932 4521 1057 4574 commenti
1068 4537 1131 4574 sunt.
