3122 5194
396 399 455 470 soa
818 391 1023 464 rrrttrvn

958 488 970 522 O

235 555 377 608 mutos.
401 547 532 613 Senatus
554 547 733 631 pontificum
756 547 917 631 collegium
942 548 1058 615 consuli
1079 546 1180 630 jussit,
1203 565 1276 618 num
1298 561 1389 611 omne
1410 543 1447 606 id

236 624 267 673 11·
278 621 308 673 ⁰·
321 619 374 697 137τ
402 657 507 700 aurum
529 637 560 698 in
585 635 671 696 ludos
698 637 835 710 consumi
858 657 1014 700 necessum
1041 634 1143 700 esset?
1168 635 1269 706 Quum
1284 630 1449 722 pontifices

402 738 575 808 negassent,
590 723 630 800 ad
645 722 824 804 religionem
848 725 1009 805 pertinere,
1032 734 1146 804 quanta
1168 723 1296 805 inpensa
1310 720 1343 782 in
1358 719 1448 788 ludos

401 812 508 889 lieret3
534 820 656 872 senatus
672 808 697 872 F
699 807 788 888 ultio,
803 821 974 891 quantumss
1000 810 1191 894 inpenderet,
1207 807 1356 892 permisit,
1373 807 1447 868 dum

402 919 441 965 ne
470 916 620 958 summam
650 898 847 978 ¹⁵octoginta
871 897 1000 974 millium
1028 897 1199 960 excederet.
1242 893 1450 976 'l'riumphare

402 1004 507 1058 mense
535 981 683 1062 ianuario
712 995 880 1049 statuerat:
911 985 965 1056 sed
994 1005 1087 1066 quum
1112 983 1257 1061 audisset,
1288 980 1450 1050 consulem

403 1069 476 1138 Nih
492 1065 661 1148 AEmilium,
677 1071 770 1133 literis
784 1069 892 1140 Aburii
916 1071 1027 1136 tribuni
1053 1071 1151 1155 plebis
1177 1069 1311 1153 acceptis
1336 1069 1377 1130 de
1401 1088 1451 1130 re-

403 1158 496 1219 missa
532 1158 759 1238 intercessione,
796 1159 895 1241 ipsum
933 1159 972 1232 ad
1005 1157 1223 1242 inpediendum
1256 1155 1451 1236 triumphum

402 1241 536 1328 Romam
563 1245 747 1323 venientem,
779 1267 891 1328 aegrum
913 1246 944 1308 in
966 1246 1015 1308 via
1042 1246 1222 1322 substitisse,
1247 1265 1287 1306 ne
1316 1243 1388 1326 plus
1420 1243 1452 1302 in

404 1332 559 1415 triumpho
596 1333 808 1411 certaminum,
843 1353 934 1414 quam
968 1334 998 1396 in
1030 1334 1121 1412 bello,
1148 1333 1284 1409 haberet,
1314 1328 1454 1412 praetulit

404 1418 549 1501 triumphi
577 1417 668 1480 diem.
689 1421 886 1502 triumphavit
909 1431 981 1485 ante
1007 1420 1087 1493 diem
1114 1420 1266 1494 decimum
1291 1415 1452 1482 Kalendas

402 1505 563 1566 lanuarias
579 1505 617 1565 de
631 1503 757 1584 AEtolis,
781 1507 872 1570 etde
898 1496 1107 1589 Cephallenia.
1152 1509 1176 1546 11
1187 1507 1294 1572 Aurea
1320 1525 1454 1586 noronte,

403 1604 527 1661 centum
544 1591 704 1656 duodecim
719 1595 834 1677 pondo,
850 1607 921 1664 ante
936 1615 1055 1658 currum
1082 1595 1149 1665 late
1175 1607 1266 1656 sunt:
1290 1595 1315 1639 ¹⁷
1328 1591 1450 1672 argenti

402 1679 508 1764 pondo
530 1677 627 1760 millia
650 1682 812 1761 octoginta
836 1683 913 1744 tria:
944 1682 1009 1746 auri
1035 1683 1140 1764 pondo
1162 1681 1295 1744 ducenta
1316 1677 1450 1761 quadra·
1519 1679 1526 1688 '

402 1767 490 1848 ginta
520 1766 600 1828 trias
629 1768 653 1804 ¹⁸
665 1769 926 1846 tetradrachmlim
951 1767 1092 1832 Atticllm
1118 1780 1241 1831 centurn
1271 1765 1449 1836 ocwdccim

403 1853 519 1937 millia:
546 1855 571 1892 ¹⁹
582 1850 733 1936 Philippei
749 1857 866 1930 nummi
882 1855 1044 1928 duodecim
1060 1857 1156 1929 millia
1170 1853 1388 1936 quadringenti
1404 1853 1450 1917 ri-

402 1940 481 2022 ginti
509 1940 589 2004 duos
616 1939 704 2022 signa
733 1963 816 2018 aenea
839 1943 972 2011 ducente
993 1944 1154 2026 oetoginta
1178 1944 1329 2026 quinque:
1362 1940 1451 2021 signa

403 2046 575 2090 rnarmoren
589 2027 723 2090 ducenta
737 2030 884 2111 triginta:
911 2052 1006 2110 arma,
1030 2031 1102 2110 tela,
1127 2043 1229 2094 cetera
1249 2027 1349 2110 spolia
1374 2028 1450 2090 hos·

402 2114 491 2192 tium,
507 2133 635 2198 magnus
650 2135 802 2178 numerus.
817 2116 858 2178 sd
873 2117 948 2180 hoc¹
968 2118 1141 2200 catapultae,
1155 2116 1294 2198 ballistae,
1309 2126 1449 2178 tormen-

403 2211 437 2278 ta
451 2202 551 2280 omnis
566 2202 702 2282 generis:
731 2203 835 2281 duces,
851 2215 904 2266 aut
917 2201 1014 2269 AEtoli
1030 2215 1062 2266 et
1076 2202 1288 2287 Cephallenes,
1304 2215 1359 2273 aut
1373 2201 1451 2282 regii

403 2288 442 2350 ab
456 2286 612 2352 Antiocho
627 2289 669 2362 ibi
685 2289 795 2368 relicti,
811 2291 851 2364 ed
865 2302 981 2375 septem
1007 2303 1038 2362 et
1060 2291 1180 2373 viginti.
1223 2293 1251 2330 ¹⁰
1264 2287 1385 2355 Multos
1411 2308 1450 2349 co

403 2374 464 2453 dic,
478 2376 654 2457 priusquam
670 2377 702 2438 in
717 2378 823 2450 urbem
839 2379 1041 2457 inveheretur,
1067 2378 1098 2441 in
1119 2377 1204 2448 circo
1225 2375 1378 2440 Flaminio
1393 2375 1450 2438 tri·

402 2461 510 2540 bunos,
525 2462 696 2545 praefectos,
722 2465 851 2544 equites,
878 2466 1079 2548 centuriones,
1099 2463 1255 2538 Romanos
1276 2464 1449 2543 sociosque,

401 2545 489 2609 donis
520 2549 699 2612 militaribus
729 2551 865 2616 donavit.
896 2554 1043 2615 militibus
1078 2573 1117 2616 ex
1146 2551 1249 2636 preda
1280 2554 1305 2593 11
1318 2551 1448 2616 vicenos

401 2633 509 2714 quinos
524 2634 666 2696 denarios
680 2635 792 2715 divisit,
808 2639 920 2723 duplex
935 2640 1117 2718 centurioni,
1133 2639 1242 2722 triplex
1257 2637 1361 2719 equiti.

444 2715 499 2782 Vl.
520 2719 592 2782 Jarn
628 2722 832 2798 consularium
869 2727 1062 2796 comitiorum
1102 2725 1262 2810 adpetebat
1296 2737 1419 2804 tempus
1429 2743 1442 2799 ς

465 2818 603 2870 sinemuri
615 2819 688 2872 Gran.
700 2821 773 2871 Crcv.
927 2823 940 2857 ¹¹
955 2826 991 2874 M.
1000 2827 1046 2886 del.
1057 2826 1121 2878 Eard.
1236 2824 1296 2874 lbet
1308 2823 1376 2872 Fad-

434 2900 454 2934 11
467 2899 583 2978 Orwgiata
599 2903 707 2966 milium]
734 2903 827 2971 supple,
847 2907 906 2957 reris.
938 2910 981 2961 dus
1001 2909 1131 2961 universum
1152 2908 1238 2970 illenim
1258 2917 1352 2958 centurn
1373 2918 1445 2952 coro·

401 2965 428 3013 ln
441 2965 778 3034 hissnrmnumermquando
796 2973 906 3022 nihilad-
938 2991 1021 3026 nanim
1050 2977 1095 3026 erit
1120 2989 1247 3025 rorrmmtu
1279 2971 1447 3024 Parisiemltmt

399 3031 486 3096 jicitur,
506 3033 610 3082 videmur
632 3047 751 3084 annotasse
773 3038 906 3103 intelligen.
941 3041 1009 3090 1875.

401 3099 501 3147 dereses
512 3114 580 3156 asses,
589 3115 635 3148 non
646 3103 772 3150 sestertios.
804 3103 906 3153 Necof-
973 3105 992 3141 ¹⁷
1003 3104 1098 3168 Argenti
1130 3106 1202 3167 parido
1236 3104 1307 3150 rtitlb
1335 3101 1448 3164 retrgbm

401 3165 495 3212 leodem
513 3165 581 3212 debet
597 3182 695 3216 summes
716 3167 834 3229 exiguitas,
854 3187 907 3232 quse
939 3168 995 3232 triu]
1018 3171 1105 3220 Marcie
1120 3182 1236 3220 nostrates
1256 3168 1357 3230 ltetsst.
1369 3169 1447 3214 uncie

402 3229 528 3294 quadruplo
539 3231 607 3279 etiem
627 3235 700 3293 maior
716 3245 751 3281 cst
768 3249 857 3298 eaquae
872 3237 907 3284 Μ.
939 3239 964 3284 4.
996 3236 1058 3284 Auri
1082 3239 1152 3296 pondo
1178 3237 1272 3284 decerto
1297 3231 1449 3294 qudraginta

402 3291 496 3342 AEmilio
507 3298 594 3344 censori
604 3297 632 3345 sd
645 3298 709 3346 ludos
729 3299 809 3347 iridem
826 3301 904 3350 decer·
939 3301 992 3348 tria.
1020 3301 1106 3350 Merca
1118 3300 1257 3352 arsuros
1268 3297 1416 3348 sumnus
1425 3299 1448 3348 l.

400 3359 466 3408 nitur
478 3361 536 3410 infra
545 3362 563 3410 l.
574 3373 617 3410 η.
629 3379 651 3411 c.
663 3365 701 3412 52.
721 3363 843 3426 Octoginta
854 3367 906 3414 mil·
974 3363 993 3398 ¹⁸
1007 3363 1199 3414 Tetrrdrachmrlrn
1231 3361 1331 3412 Arretii
1360 3371 1450 3410 natm

400 3424 575 3500 braemgrstis
586 3428 712 3490 perissent
728 3431 809 3492 rastris
824 3447 906 3495 ergen-
939 3431 1053 3480 moderin
1069 3431 1154 3544 smilis&
1180 3433 1268 3481 Msresc
1286 3428 1373 3488 artemi
1393 3441 1449 3474 aas·

401 3489 570 3539 ttnostratibus
584 3494 636 3542 125.
938 3507 1008 3545 uates
1031 3498 1101 3546 7³75.
1156 3509 1245 3546 ererum
1274 3491 1379 3559 Andrus
1408 3491 1450 3540 blo

434 3553 545 3604 ¹⁶Aureoe
564 3573 646 3605 corone
670 3569 767 3620 centum,
797 3562 907 3610 duodecim
940 3577 1030 3624 quoque
1051 3563 1122 3611 hebet
1140 3565 1248 3612 terrarius
1268 3561 1360 3609 Anto.-
1384 3555 1447 3604 vict.

398 3619 481 3681 parido]
508 3621 600 3672 Horum
615 3623 735 3674 verborum
755 3641 836 3674 sensus
853 3628 907 3675 nul·
939 3627 1009 3674 codex
1031 3631 1148 3692 tetragiuo.
1180 3629 1302 3678 viritior.
1325 3627 1363 3674 80.
1380 3623 1409 3670 sd
1428 3622 1447 3669 l·

401 3684 504 3734 luralius
515 3702 565 3735 esse
584 3700 667 3754 potest,
684 3691 729 3738 nisi
748 3704 844 3742 centum
865 3709 912 3746 eu-.
939 3703 1043 3754 xxxvii.
1054 3709 1074 3740 c.
1085 3695 1126 3744 53.

401 3764 452 3798 reas
463 3767 557 3801 coroner
567 3751 622 3802 latas
638 3755 718 3816 fuisse,
735 3772 830 3820 quarum
847 3773 905 3808 uns-
972 3757 993 3792 ¹⁹
1004 3755 1115 3820 Philippei
1135 3753 1231 3870 sumat}
1259 3753 1338 3810 nuru,
1358 3763 1385 3802 ut
1403 3769 1448 3817 ³1³·

402 3832 498 3880 quaeque
514 3817 620 3866 librarum
640 3819 795 3870 Romanenmr
819 3823 905 3872 duode-
938 3835 1001 3885 parer
1013 3838 1040 3872 ex
1051 3821 1069 3871 1.
1079 3835 1171 3886 xxxiv.
1180 3838 1201 3871 c.
1228 3823 1252 3872 2.
1278 3819 1446 3870 Porronummi

401 3883 447 3931 cim
470 3885 544 3947 pondo
565 3896 631 3933 esset.
664 3887 745 3950 ltaque
766 3902 809 3952 pro
826 3891 906 3939 duode-
938 3887 1001 3936 attrei
1028 3889 1111 3938 12422
1143 3890 1243 3952 pondere
1276 3886 1447 3950 aequiparantur

400 3949 443 3995 eim
463 3949 585 4010 legendum
611 3951 702 4000 ridetur¹
730 3968 779 4002 esse
800 3955 908 4014 duodrrro,
937 3949 1019 4002 mareis
1029 3953 1167 4002 nostratibus
1177 3951 1227 4002 fers
1238 3953 1295 4002 388.

401 4026 428 4061 ut
444 4031 553 4064 numerus
569 4019 673 4078 partitive
694 4022 819 4068 sumendus
836 4019 905 4070 imel-
968 4017 1086 4069 loMultos
1168 4019 1229 4067 dorri's
1249 4015 1381 4064 odlitrrribns
1406 4015 1448 4062 do·

399 4077 490 4140 ligatur.
515 4080 607 4129 ceritum
622 4095 699 4130 sutem
709 4100 791 4134 corone
807 4087 907 4136 duodena
937 4083 1010 4147 navit]
1025 4079 1057 4132 Et
1068 4085 1160 4148 quidem
1177 4084 1199 4134 ei
1219 4081 1254 4132 bl.
1273 4080 1331 4130 Cato
1348 4077 1447 4142 objecit,

397 4148 558 4203 wadocadem
570 4148 642 4196 forma
655 4149 772 4207 dicuntur,
782 4165 825 4216 qur
835 4151 852 4198 l.
864 4165 904 4201 ιιι.
937 4163 996 4199 teste
1008 4148 1093 4208 Gellio,
1109 4149 1126 4197 l.
1145 4165 1169 4203 v.
1187 4166 1208 4200 e.
1224 4151 1248 4216 li.
1264 4147 1349 4197 milites
1367 4147 1398 4192 ab
1416 4161 1447 4193 eo
1550 4137 1551 4156 ¹

400 4223 421 4255 c.
439 4213 478 4260 29.
497 4225 522 4260 et
535 4213 606 4261 l.·tv.
622 4229 643 4262 c.
662 4217 700 4263 20.
712 4230 788 4279 supra,
806 4232 904 4268 cornum
937 4231 979 4280 per
998 4215 1146 4264 ambitionem
1173 4211 1293 4266 levissimis
1314 4213 1344 4260 de
1365 4212 1443 4260 caruis

399 4287 487 4323 mirsam
499 4279 575 4325 libram
590 4281 674 4340 pondo:
690 4297 735 4344 qua
748 4282 777 4332 de
788 4281 904 4330 locutione
936 4282 1023 4330 coronis
1034 4281 1136 4338 donatos,
1152 4297 1174 4330 v.
1193 4298 1215 4342 g.
1226 4280 1286 4343 quod
1303 4277 1388 4326 vellum
1401 4294 1445 4324 cu·

399 4339 491 4389 consule
503 4343 653 4402 Gronovium‚
671 4345 700 4393 de
712 4345 766 4395 Pcc.
783 4345 837 4397 Ver.
857 4347 872 4396 l.
884 4361 903 4398 ι.
936 4357 1080 4406 fusennam
1099 4347 1158 4410 quod
1177 4360 1274 4414 puteum
1291 4355 1386 4392 strenue
1406 4343 1443 4392 fo-

397 4417 419 4452 c.
432 4405 456 4452 6.
489 4407 599 4458 Ceterum
609 4409 730 4459 duodecim
741 4413 805 4461 librae
817 4413 902 4462 Roma·
934 4412 1028 4462 dissent.
1142 4407 1144 4414 ’

396 4481 434 4515 nis
451 4485 517 4534 pares
536 4485 591 4523 runt
609 4475 690 4523 marcis
707 4479 843 4529 nostratibus
862 4479 902 4528 de·
965 4477 986 4514 111
1004 4477 1089 4526 licerer
1106 4479 1182 4542 quinos
1196 4473 1307 4538 ἀωιιπὶιυ]
1337 4471 1447 4540 Amplius

397 4548 448 4584 rent
459 4547 484 4587 ct
495 4547 557 4598 octo,
573 4539 648 4590 unciis
666 4557 714 4592 sex.
748 4543 829 4608 ltaque
845 4559 901 4608 porr·
933 4555 1010 4597 ternas
1022 4543 1101 4597 uncins
1112 4541 1199 4608 srgemi
1210 4551 1330 4610 nostrast·
