3110 5204
227 517 299 570 mu
311 520 367 572 556.

226 586 258 641 A·
269 583 297 638 C.
310 585 366 641 196.

223 2055 357 2124 Brechyllas

223 2121 367 2176 morasus

396 371 455 431 112
665 419 670 430 .
805 363 890 434 Tm
905 365 1011 432 -L1v11

395 537 428 580 aa
443 521 470 560 ²⁵
483 519 548 582 auri
562 519 647 588 mille
662 529 694 584 et
709 520 876 604 quingenta
892 520 1069 602 quindecim
1083 521 1197 604 pondo,
1223 525 1251 564 ¹⁸
1261 525 1382 606 argenti
1401 526 1452 590 vi·

393 606 473 688 giuti
496 608 603 687 millia,
622 609 734 692 signati
760 612 786 654 ²7
800 607 966 678 denariosh
991 609 1118 690 triginta
1137 619 1267 690 quatuor
1287 611 1397 690 millia,
1417 626 1452 680 et

394 693 578 776 quingentos
598 695 827 777 quinquaginta.
871 692 909 756 L.
922 692 1085 758 Stertinius
1108 716 1147 757 ex
1166 695 1310 760 ulteriore
1331 696 1451 781 Hispa-

392 779 455 858 nia,
478 801 517 845 ne
531 791 654 844 tentata
668 782 793 863 quidem
816 779 962 863 triumphi
983 801 1048 863 spe,
1070 781 1097 820 ²⁸
1108 781 1333 864 quinquaginta
1348 785 1451 848 millia

390 867 499 949 pundo
512 869 634 950 argenti
654 868 685 930 in
704 867 841 932 ararium
858 867 949 930 tulit:
976 867 1063 930 etde
1084 869 1235 930 manubiis
1255 869 1333 932 duos
1349 871 1450 934 furni-

389 973 444 1016 ces
467 955 499 1016 in
523 955 592 1016 foro
611 953 723 1018 Boario
744 966 815 1016 ante
835 952 976 1024 Fortuna
996 953 1093 1016 sedem
1119 967 1150 1018 et
1175 955 1281 1018 matris
1301 954 1450 1038 Mutuus,

390 1059 486 1104 unum
509 1041 541 1102 in
556 1041 699 1106 ‚mammo
722 1042 806 1104 circo
826 1039 921 1104 fecit:
945 1041 1038 1102 ethis
1054 1039 1219 1104 fornicibus
1234 1042 1324 1123 signa
1337 1055 1449 1108 aurata

392 1125 536 1207 inposuit.
581 1125 655 1190 Haec
677 1149 730 1210 per
753 1127 886 1190 hiemem
909 1125 1004 1189 ferme
1031 1138 1112 1190 acta.
1156 1130 1183 1168 ²⁹
1199 1126 1396 1192 Hibemabat
1409 1151 1449 1193 eo

391 1222 529 1294 tempore
550 1211 681 1278 Athenis
701 1208 872 1292 Quinctius,
899 1233 918 1274 a
941 1235 1001 1295 quo
1023 1234 1115 1294 quum
1138 1214 1235 1276 mrdta
1261 1215 1342 1290 socii¹
1357 1227 1450 1298 pete·

391 1310 471 1375 rent,
485 1296 589 1362 Boeoti
604 1301 759 1380 petiemnt
772 1301 1080 1382 impetraveruntque,
1091 1312 1127 1362 ut
1140 1300 1184 1378 hi,
1199 1301 1252 1382 qui
1267 1321 1328 1364 sure
1340 1304 1447 1383 gantis

390 1383 574 1447 militassent
587 1387 671 1466 apud
683 1386 868 1468 Philippum,
883 1385 941 1447 sibi
958 1387 1198 1450 restituerentur.
1215 1386 1282 1448 ida
1297 1387 1445 1460 Quinctio

390 1468 480 1532 facile
495 1470 691 1551 impetratum
703 1493 714 1548 3
737 1491 798 1534 non
822 1472 894 1552 quia
913 1472 988 1532 satis
1010 1472 1119 1553 dignos
1142 1493 1194 1534 eos
1209 1473 1368 1553 credebat,
1390 1476 1445 1538 sed

391 1555 472 1635 quia,
487 1554 644 1619 Antiocho
658 1577 729 1638 rege
747 1555 813 1638 jam
828 1567 981 1639 suspecto,
1002 1557 1087 1620 favor
1102 1559 1310 1632 conciliandus
1324 1561 1443 1624 nomini

390 1637 533 1704 Romano
548 1644 631 1725 apud
646 1643 783 1706 civitates
799 1653 874 1706 arat.
920 1642 1090 1722 Restitutis,
1105 1643 1268 1706 confestim
1287 1645 1443 1729 adparuit,

391 1746 484 1807 quam
500 1729 583 1791 nulla
605 1730 681 1792 inita
702 1730 785 1814 apud
806 1727 933 1792 Boeotos
945 1730 1047 1810 gratia
1061 1742 1152 1793 esset.
1168 1751 1241 1794 nam
1256 1742 1288 1793 et
1312 1733 1353 1794 ad
1369 1731 1443 1796 Phi·

391 1812 508 1898 lippum
527 1817 642 1896 gratias
668 1831 793 1899 agentes
819 1836 876 1898 pro
902 1815 1029 1879 redditis
1056 1817 1242 1896 hominibus,
1273 1820 1300 1856 ³⁰
1315 1818 1444 1901 perinde

390 1911 481 1983 atque
496 1901 553 1983 ipsi
570 1903 603 1964 id
617 1924 638 1964 a
651 1903 797 1974 Quinctio
812 1914 844 1965 et
865 1899 1014 1964 Roma'nis
1032 1902 1138 1964 datum
1160 1916 1250 1983 esset,
1273 1904 1443 1969 miserunt:

384 1997 422 2053 et
434 1988 566 2050 comitiis
581 1990 729 2072 proximis
748 1988 964 2052 Boeotarchem
987 1988 1102 2050 nullam
1125 1989 1216 2060 aliam
1238 1991 1279 2052 ob
1302 2011 1442 2054 caussam

390 2070 585 2160 Brachyllem
597 2078 770 2158 quemdam,
787 2093 877 2158 quam
891 2075 974 2156 quod
988 2076 1147 2157 praefectus
1163 2074 1343 2139 Boeotorum
1358 2077 1444 2160 apud

390 2181 494 2244 regem
509 2162 708 2228 militantium
723 2163 840 2240 inisset,
860 2160 1016 2238 fecerunt3
1043 2161 1201 2244 preteritis
1216 2161 1385 2246 Zeuxippo,
1410 2175 1445 2226 et

390 2247 559 2329 Pisistrato,
571 2250 708 2332 aliisque,
720 2250 771 2331 qui
786 2249 933 2312 Romanae
947 2249 1103 2310 societatis
1119 2258 1259 2311 auctores
1273 2252 1296 2288 ³¹
1308 2249 1445 2312 fuerant.

391 2333 429 2398 ld
443 2357 521 2419 segre
543 2347 575 2399 et
596 2337 756 2418 prasentia
775 2337 807 2398 hi
821 2335 914 2418 passi,
937 2347 968 2397 et
990 2335 1021 2396 in
1045 2333 1179 2396 futurum
1203 2336 1295 2398 etiam
1320 2347 1441 2397 metum

390 2434 547 2504 oeperunt,
561 2442 653 2503 quum
668 2423 710 2485 ad
724 2433 828 2505 portas
843 2441 941 2503 prope
956 2421 1083 2484 sedente
1097 2421 1234 2484 exercitu
1248 2421 1389 2484 Romano
1403 2441 1443 2484 ea

362 2555 364 2563 .
389 2505 509 2584 fierent,
525 2508 671 2588 quidnam
693 2528 726 2570 se
750 2507 884 2570 futurum
900 2517 991 2586 esset,
1005 2505 1151 2589 proiectis
1173 2507 1205 2568 in
1229 2503 1351 2570 ltaliam
1373 2506 1441 2570 Bo-

389 2593 488 2654 manis
499 2616 509 2670 3
534 2592 675 2676 Philippo
695 2613 734 2656 ex
757 2593 927 2677 propinquo
952 2594 1051 2655 socios
1076 2592 1259 2675 adjuvante„
1271 2606 1303 2655 et
1323 2593 1438 2656 infesto

301 2753 304 2760 .
390 2678 448 2754 his,
467 2679 521 2760 qui
534 2681 630 2760 partis
645 2680 776 2743 adversas
791 2681 929 2743 fuissent.

382 2823 385 2830 .
432 2763 582 2828 XXVlll.
625 2764 708 2829 Dum
755 2766 898 2830 Romana
942 2786 1027 2828 arms
1071 2766 1237 2850 propinqua
1267 2765 1443 2845 habebant,

389 2853 417 2892 ³²
432 2851 538 2914 tollere
553 2850 759 2938 Brachyllem,
781 2855 950 2938 principem
971 2853 1124 2916 fautorum
1140 2851 1229 2932 regis,
1251 2862 1444 2915 statuerunt.

757 2981 771 3016 ¹¹
786 2976 902 3026 &mnan
914 2977 989 3025 Gran.
1001 2975 1072 3025 Creu.

387 3063 433 3111 bem
448 3065 633 3131 astringemus]
652 3067 895 3116 Verbumounnsad·
960 3066 983 3100 ⁹⁸
1012 3065 1180 3130 Quinquaginta
1206 3066 1278 3115 millio
1306 3067 1377 3128 pondu
1400 3083 1440 3115 nr-

388 3131 481 3177 modunr
492 3131 601 3194 probabili
614 3131 747 3196 conjecturs
757 3149 770 3180 a
782 3132 897 3182 Glarenno
926 3131 1001 3196 genta]
1016 3131 1114 3182 Salibras
1127 3141 1243 3180 nostrates
1255 3131 1342 3179 relat.

387 3194 502 3258 adjectum
522 3208 565 3246 eat.
606 3197 655 3246 Cur
676 3199 739 3247 enim
757 3198 824 3262 paulo
846 3209 897 3262 pust
962 3198 985 3233 ⁹⁹
1017 3196 1154 3246 Hibtnrnbnt
1180 3213 1204 3245 eo
1233 3205 1325 3256 rernm
1351 3194 1443 3246 Albesia

385 3259 500 3309 diceretur
515 3261 546 3311 L.
556 3261 681 3312 Stertinius
699 3263 786 3326 collega
803 3264 897 3313 Lentuli
930 3261 1046 3325 Quintius]
1065 3261 1117 3310 luto
1137 3260 1226 3310 Elatiae.
1259 3261 1320 3308 lnfra
1336 3261 1400 3310 enirn
1417 3277 1442 3310 c.

384 3338 416 3372 ne
437 3327 560 3376 tentavisse
583 3329 675 3392 quidem
695 3330 807 3394 triumphi
825 3345 898 3394 spem,
929 3329 969 3376 29.
1004 3326 1114 3375 Quintius
1131 3326 1206 3374 Elatia
1223 3323 1334 3389 proficisci
1350 3341 1442 3374 memo-

385 3389 428 3437 nisi
445 3406 498 3439 cum
517 3392 593 3454 aliquo
607 3395 744 3442 discriminis
762 3396 790 3442 ad
802 3393 896 3443 Lentu·
928 3403 992 3440 ratur
1001 3393 1028 3440 ad
1041 3391 1180 3442 ulciscendos
1197 3391 1300 3449 Boeotoa,
1313 3400 1338 3437 et
1352 3391 1440 3456 legatae

383 3452 433 3500 lum
451 3459 578 3518 respectu?
606 3458 685 3522 Magis
701 3472 780 3509 tamen
796 3459 897 3521 placeret
928 3459 1035 3506 Athenas
1054 3458 1155 3507 mittere.
1188 3455 1380 3521 Etadstipulatut
1389 3457 1438 3503 Po-

384 3531 438 3564 cum
451 3520 631 3582 Pighiolegare:
656 3523 825 3574 cn.cometau
834 3523 894 3574 14η,-
927 3523 1145 3588 lybiusinExcept.
1176 3521 1293 3583 Legatfl.
1317 3519 1441 3570 Hatera

385 3581 455 3640 cratus,
477 3586 677 3645 quantarum,
699 3604 763 3637 nuans
782 3606 808 3638 ea
825 3589 850 3638 S.
868 3589 894 3638 0.
928 3588 1069 3638 Perizonius.

379 3645 458 3698 ‚urbm
468 3649 624 3710 astingressua.
658 3651 833 3713 Tulirpren..
958 3653 982 3688 ³⁰
1003 3654 1100 3704 Parnasia
1113 3663 1181 3718 ,nlqtoe
1198 3654 1240 3714 ipsi
1258 3654 1283 3701 ld
1301 3667 1317 3700 ⁰
1334 3647 1440 3717 om]

415 3708 438 3742 ²⁵
455 3711 514 3760 Auri
529 3714 591 3762 milla
607 3723 629 3764 et
639 3718 758 3780 qrsr'ugantu
774 3719 897 3782 quindecim
929 3717 1026 3768 Perinde
1033 3715 1107 3782 'atque
1119 3720 1143 3768 in
1156 3719 1180 3768 in
1191 3718 1259 3766 solim
1276 3715 1377 3780 Phlippi
1386 3730 1442 3776 gn·

382 3777 466 3841 pondo]
495 3776 593 3830 Sslibrsa
613 3790 727 3832 noeurtss
749 3785 820 3833 2367.
843 3799 895 3832 cum
927 3782 1118 3838 tirmaerintio
1132 3795 1157 3832 et
1171 3782 1283 3835 Romanis
1302 3795 1439 3830 conemur

384 3839 456 3890 tribus
470 3845 602 3896 semunciis.
927 3860 1001 3908 essem
1018 3850 1080 3913 quasi
1087 3865 1134 3898 non
1146 3847 1189 3896 sibi
1197 3844 1322 3912 (asne),
1329 3847 1371 3894 ”d
1379 3845 1440 3893 Phl-

416 3905 437 3942 *
464 3909 559 3974 Augusti
579 3913 660 3976 uiginti
686 3913 769 3977 millia]
795 3913 895 3964 Selibraa
926 3914 943 3962 li
961 3917 1042 3978 posoli
1059 3911 1314 3974 gratificnivoluissent
1328 3910 1438 3960 Romani.

382 3984 495 4024 nostrates
504 3975 593 4025 31250.
954 3995 981 4028 oc
994 3994 1041 4028 non
1060 3995 1136 4030 reruni
1155 3979 1296 4039 ingratorum
1316 3977 1439 4024 hominurn

416 4037 438 4076 ⁹⁷
454 4038 578 4088 Desertam
596 4045 691 4108 triginta
705 4053 800 4108 quatuor
816 4047 895 4104 rnidb,
926 4057 1081 4095 commentum
1103 4055 1151 4102 eat,
1179 4054 1206 4091 ut
1225 4057 1239 4090 a
1261 4042 1343 4104 quibua
1362 4041 1438 4089 bna·

384 4109 406 4150 st
422 4107 548 4168 quingentas
564 4109 737 4174 qusinqrrngintu]
753 4110 843 4158 Merena
856 4126 893 4157 ar·
925 4111 1002 4160 licium
1021 4111 1136 4174 remmam
1157 4121 1182 4157 sa
1203 4121 1287 4168 negare
1311 4121 1360 4156 nou
1383 4119 1439 4168 pot·

381 4169 445 4224 genti
468 4173 515 4218 fere
536 4173 593 4222 5⁴0.
637 4175 750 4224 Ceterum
770 4189 892 4224 nnmerum
923 4189 1029 4226 sunteas
1038 4187 1129 4240 gratum
1138 4171 1438 4224 abincusvoluirssne·

329 4236 333 4248 “
382 4231 447 4279 hunc
470 4233 533 4296 justo
563 4238 675 4288 minorem
699 4256 749 4290 ease
768 4255 817 4289 non
843 4239 891 4290 aine
923 4254 986 4304 gent.

375 4296 564 4360 ‚rationejudieat
579 4303 687 4369 Scaliger,
704 4306 721 4355 l.
732 4308 762 4355 de
776 4321 802 4355 re
813 4305 892 4355 Nnrn·
955 4307 976 4342 ³¹
994 4305 1103 4372 Fuerant]
1123 4302 1310 4370 Vulssl’fim·
1330 4297 1437 4354 Mum

382 4361 461 4420 milo
486 4365 578 4426 ruitque
603 4370 649 4430 lagi
676 4380 783 4421 tres-arno*
798 4381 892 4434 quatuor
922 4373 1156 4422 meritoGronovius.

381 4425 459 4474 millio.
494 4427 557 4476 idem
576 4449 617 4496 pro
633 4437 741 4494 denarios,
755 4439 816 4500 quod
835 4437 890 4492 olim
954 4437 978 4473 ³⁸
1012 4437 1093 4487 Tollere
1125 4435 1269 4499 flnctuum
1292 4433 1302 4484 0'
1325 4467 1333 4481 ·
1353 4441 1437 4484 me·

372 4489 838 4558 -editihstetant,snsndnirumrtan.
921 4502 989 4573 rrum]
1005 4502 1091 4558 Cerere
1107 4503 1177 4572 nujus
1193 4501 1241 4556 ioci
1257 4495 1341 4552 unat
1357 4514 1374 4550 a
1390 4493 1439 4564 Peg
