3044 5194
319 371 363 428 ta.
637 417 640 426 .
727 355 811 419 ΤΙΤΙ
829 355 928 418 tnvu

50 518 54 538 ⁸
152 510 294 592 tn'cmsa
316 518 578 584 ‘adfirmandum
594 517 825 602 augendumque
844 535 971 600 regnum
993 533 1069 598 opus
1090 533 1156 576 esse
1174 509 1364 594 judicasset,=

153 607 185 654 A.
198 607 227 656 ⁰·
239 607 295 656 ²⁰⁰·
317 608 424 672 ‘enise
436 607 468 670 id
482 607 625 692 populum
641 605 811 668 Romanum
827 604 935 666 merito
944 600 1010 684 ejus
1022 595 1251 686 praestaturum?
1274 595 1352 660 Ver·

153 697 268 774 vermina
316 695 405 761 mine
419 713 539 777 quoque
555 691 702 776 Syphacis
717 691 770 752 filii
786 691 879 772 legati
894 711 949 772 per
963 709 1016 750 ens
1031 688 1095 750 dies
1110 698 1250 750 senatum
1266 685 1351 748 adie-

151 761 277 890 2„le
317 793 397 858 runt,
408 791 586 843 excusantes
596 798 726 842 errorem
738 776 1043 857 adolescentiamque,
1053 785 1086 893 et
1096 773 1217 922 {stippffim
1228 791 1351 872 emnem

317 869 324 882 '
672 865 679 879 '
704 864 711 878 '
770 864 777 878 ’
1021 862 1033 922 ¹.
1227 880 1236 918 1
1318 867 1320 873 “
1359 915 1364 924 ,

316 863 1147 1016 lanrrlllahlinerlllblltlelgrllrlieenrllllIllacatlrerht:mlleesrminam
1162 878 1351 1028 quhbaeffi

317 1041 328 1073 ‘
343 1041 487 1118 nisurum,
502 1059 540 1100 ne
555 1038 660 1100 officiis
676 1037 707 1100 in
722 1035 867 1119 populum
882 1035 1055 1100 Romanum
1069 1046 1122 1096 aut
1142 1053 1161 1094 a
1177 1031 1352 1109 Masinissa,

312 1127 329 1178 -‘
343 1138 397 1188 aut
423 1127 461 1187 ab
486 1124 548 1187 ullo
573 1123 634 1185 nlio
656 1123 804 1186 vincatur.
848 1122 963 1197 Petere,
989 1135 1022 1184 ut
1037 1141 1099 1198 rex,
1124 1119 1294 1200 sociusque,
1319 1130 1353 1180 et

317 1213 328 1245 ‘
342 1210 455 1274 anneus
466 1212 504 1272 ab
517 1223 624 1272 senatu
637 1208 859 1292 adpellaretur.'
882 1208 1073 1290 Responsum
1084 1206 1191 1290 legatis
1201 1217 1268 1268 ests
1293 1203 1355 1266 ‘Et

316 1299 327 1332 ‘
341 1309 458 1380 patrem
473 1295 538 1378 ejus
551 1295 795 1379 Syphacemsirie
807 1317 913 1358 caussa
926 1317 965 1357 ex
979 1295 1063 1356 socio
1074 1305 1106 1356 et
1121 1293 1220 1356 emico
1232 1293 1350 1354 hostem

316 1385 327 1417 ‘
342 1394 466 1466 repente
481 1381 585 1464 populi
598 1380 729 1444 Romani
745 1381 860 1446 foetum
873 1404 880 1441 :
904 1393 937 1444 et
946 1402 1016 1443 enm
1031 1381 1133 1464 ipsum
1146 1379 1352 1442 rudimentum

315 1469 552 1532 ‘adolescentiae
570 1468 649 1530 bello
669 1468 867 1531 lacessentem
881 1467 1036 1550 Romanos
1057 1466 1200 1549 posuisse.
1244 1464 1352 1547 Itaque

316 1558 327 1589 ‘
363 1575 447 1618 ecem
468 1554 511 1616 illi
526 1554 608 1638 prius
622 1553 786 1637 petendam
801 1576 820 1616 a
839 1555 952 1638 populo
967 1553 1106 1616 Romano
1121 1573 1195 1630 esse,
1210 1573 1302 1634 quam
1319 1561 1355 1612 ut

316 1643 331 1714 ἦ
341 1578 419 1722 lter,
433 1641 602 1724 sociusque,
621 1652 653 1703 et
667 1640 781 1704 anricus
797 1639 973 1724 adpelletur.
1016 1639 1156 1702 Nominis
1171 1636 1235 1719 ejus
1250 1639 1351 1702 hono·

316 1729 406 1791 ‘rem
422 1749 476 1810 pro
491 1727 608 1810 magnis
628 1747 700 1809 erga
718 1749 750 1790 se
773 1749 876 1808 regum
898 1726 1013 1789 meritis
1036 1725 1107 1788 dare
1121 1725 1271 1809 populum
1284 1724 1351 1786 Ro·

316 1815 327 1847 ‘
342 1835 465 1876 manum
480 1835 648 1876 consuesse.
679 1811 810 1895 legatos
824 1813 980 1876 Romanos
993 1813 1025 1874 in
1034 1811 1139 1882 Africa
1153 1811 1229 1884 iore,
1243 1812 1352 1893 quibus

316 1900 554 1964 ‘mandaturum
577 1910 727 1978 senatum,
750 1911 784 1962 ut
798 1898 947 1962 Verminae
966 1899 1050 1983 paois
1065 1898 1141 1962 dent
1162 1899 1255 1981 leges,
1271 1903 1297 1938 ³⁴
1314 1897 1351 1960 li·

316 1987 328 2020 ‘
344 1988 446 2049 berum
462 1986 618 2048 arbitrium
631 1986 675 2049 eis
690 1986 803 2068 populo
825 1985 964 2050 Romano
979 1986 1184 2068 permittente.
1228 1982 1262 2046 Si
1278 1985 1351 2066 quid

316 2075 327 2108 ‘
343 2073 446 2135 adeas
466 2073 550 2152 addi,
567 2073 659 2150 demi,
674 2072 820 2136 mutarive
834 2072 933 2151 vellet,
949 2092 1048 2134 rursus
1064 2073 1103 2134 ab
1116 2083 1224 2134 senatu
1237 2072 1265 2134 ei
1279 2091 1361 2154 pos-⁴

316 2159 501 2222 ‘tolandurn
516 2157 601 2223 iore.’
645 2157 752 2241 legati
765 2180 834 2221 cum
850 2159 886 2220 iis
902 2158 1051 2222 mandatis
1063 2158 1094 2219 in
1105 2157 1241 2220 Africam
1257 2157 1352 2235 missi,

317 2243 352 2308 C.
366 2243 527 2309 Terentius
541 2244 650 2323 Varro,
672 2243 741 2329 Sp*
763 2243 931 2324 Lucretius,
956 2243 1013 2307 Cn.
1029 2244 1182 2308 Octavius.
1205 2244 1352 2327 quinque·

317 2353 413 2397 remes
428 2333 554 2414 singulis
570 2333 657 2394 data.
1360 2337 1363 2342 '

153 2413 246 2488 Sublm
262 2429 305 2478 vt·
359 2417 441 2480 xit·
454 2417 561 2480 literae
573 2418 682 2480 deinde
693 2418 725 2480 in
736 2431 843 2482 senatu
858 2421 991 2484 recitata
1001 2429 1072 2482 sunt
1082 2419 1121 2489 Q.
1131 2415 1259 2481 Minucii
1276 2440 1351 2500 pra·

153 2493 218 2592 {⁰⁰¹⁸
229 2479 305 2593 ’ἔξω
318 2505 405 2582 toris,
420 2504 468 2566 cni
483 2503 595 2566 Bruttii
611 2504 844 2586 provinciaerat
852 2528 863 2584 3
887 2507 896 2540 ‘
912 2503 1072 2570 Pecuniam
1088 2503 1193 2568 Locris
1216 2527 1253 2568 ex
1278 2505 1351 2568 Pro·

174 2559 249 2610 MP
274 2562 303 2596 ε’
318 2591 329 2624 ‘
344 2591 470 2673 serpinse
485 2589 632 2654 thesauris
647 2603 736 2654 nocte
752 2592 831 2654 elam
846 2593 1015 2656 sublatam:
1039 2613 1105 2670 nec,
1121 2593 1160 2656 ed
1171 2614 1245 2674 quos
1256 2592 1351 2674 perti-

317 2678 329 2711 ‘
344 2689 416 2740 neat
430 2676 556 2755 lacinus,
570 2677 696 2758 vestigia
710 2678 772 2740 ulla
784 2677 925 2742 exstare?
958 2679 1085 2761 ludigne
1101 2700 1204 2762 passus
1219 2691 1353 2758 senatus,

318 2785 382 2826 non
395 2765 504 2828 eessari
520 2765 559 2826 ab
573 2763 748 2845 sacrilegiis,
763 2777 795 2828 α
808 2786 846 2847 ne
861 2765 1041 2830 Pleminium
1056 2766 1189 2847 quidem,
1209 2779 1274 2828 tam
1288 2765 1362 2828 elne

318 2872 385 2914 rum
394 2870 556 2932 recensque
563 2869 650 2914 noxa
659 2851 748 2912 simul
760 2873 795 2914 ac
804 2873 899 2934 poene
909 2853 1093 2935 exemplum,
1103 2854 1242 2916 homines
1251 2853 1351 2914 deter-

319 2958 393 2999 rere.
431 2934 475 2998 C.¹
485 2935 609 2999 Aurelio
623 2937 739 3000 consuli
754 2940 908 3020 negotium
924 2940 1039 3015 datum,
1050 2951 1086 3001 nt
1098 2939 1138 3001 ad
1152 2950 1310 3021 pretorem
1320 2938 1352 3000 in

319 3019 453 3085 Bruttios
468 3023 629 3090 scriberet:
654 3023 795 3086 ‘senatui
810 3025 940 3106 plaeere,
954 3025 1149 3108 questionem
1161 3025 1199 3087 de
1210 3025 1352 3106 expilatis

319 3109 329 3142 ‘
345 3109 492 3172 thesauris
503 3104 610 3172 eodem
625 3110 766 3192 exemplo
780 3109 893 3189 haberi,
913 3132 973 3194 quo
984 3110 1030 3174 M.
1046 3105 1226 3194 Pomponius
1241 3123 1353 3192 praetor

318 3197 371 3236 ‘⁶⁵
385 3195 516 3259 triennio
530 3206 601 3261 ante
616 3195 779 3259 habuisset.
814 3196 888 3268 Qua
908 3198 1029 3260 inventa
1053 3197 1181 3279 pecunia
1194 3209 1284 3275 esset,
1302 3219 1350 3260 re·

317 3282 328 3315 ‘
343 3283 426 3366 poni.
441 3283 466 3346 si
481 3303 542 3363 quo
554 3283 652 3344 minus
663 3281 818 3344 inventum
829 3284 917 3361 foret,
933 3284 1066 3366 expleris
1089 3305 1124 3347 ac
1136 3283 1311 3366 piacularia,
1324 3285 1350 3345 si

317 3369 327 3401 ‘
341 3369 501 3446 videretur,
521 3369 598 3431 sicut
612 3379 683 3430 ante
699 3369 856 3450 pontifices
872 3371 1069 3448 censuissent,
1091 3369 1155 3432 fieri
1176 3391 1281 3432 caussa
1296 3389 1350 3432 ex·

234 3454 264 3505 '·
317 3453 460 3536 ‘piandae
474 3455 645 3518 violationis
665 3453 875 3538 ejnstenrpli.'
912 3455 1060 3538 Prodigia
1074 3457 1168 3519 etiam
1191 3457 1246 3518 snb
1268 3456 1348 3518 idern

316 3553 436 3621 tempus
447 3539 579 3620 pluribus
590 3541 665 3602 loeis
680 3544 706 3580 ⁵⁶
718 3541 861 3604 nunciata
872 3543 1055 3606 acciderunt.
1098 3541 1132 3605 ln
1145 3540 1275 3605 Lucanis
1286 3563 1350 3604 coe-

205 3691 212 3702 ,
317 3627 380 3688 lum
395 3627 500 3687 arsisse
515 3624 700 3688 adserebant.
744 3625 876 3689 Priverni
895 3649 1001 3692 sereno
1018 3649 1071 3712 per
1090 3629 1171 3691 diem
1187 3639 1284 3691 totum
1300 3649 1347 3690 rn-

318 3713 402 3774 brum
424 3711 519 3798 solem
542 3712 640 3774 luisse.
684 3711 808 3775 Lanuvii
833 3715 949 3798 templo
969 3713 1097 3798 Sospita
1110 3713 1239 3778 Jnnonis
1260 3727 1350 3778 noete

586 3833 597 3868 l
609 3834 637 3884 P.
648 3835 720 3885 Grou.
732 3836 802 3886 trev.
934 3836 940 3872 ¹
953 3837 994 3887 Cn.
1004 3838 1078 3888 Gron.

347 3927 368 3960 Μ
383 3923 486 3976 bibemus
503 3925 620 3974 arbitrium
635 3927 665 3974 eie
679 3927 755 3988 populo
771 3925 817 3974 lle-
852 3927 989 3991 ...legetis
998 3930 1080 3988 ὠυῖαιῃ
1092 3927 1349 3993 ρνοςηοωμακνίὸο-
1414 3911 1419 3924 '

315 4007 377 4103 pruno
392 3991 553 4104 gennitt'ente]¹
569 3992 624 4039 Dno
640 3992 716 4104 ppripri
733 3993 819 4104 hspes:
850 4001 900 4039 rent
914 3995 961 4104 {ppt
978 4009 1032 4056 qum
1051 3994 1128 4042 vellen
1147 3997 1207 4054 pneie
1223 3994 1351 4040 eonditioees

327 4070 376 4105 esre
417 4072 508 4104 ronovro
554 4073 592 4104 ns.-
641 4073 690 4104 rue
709 4072 761 4105 ecce
777 4072 808 4104 un
866 4073 953 4106 nnn.

316 4135 376 4170 nnus
395 4121 491 4172 Hermii
502 4073 583 4180 c'otl'ex,
600 4073 719 4172 siurone
730 4121 817 4170 lberor.
849 4073 865 4120 p
881 4120 902 4154 θ’
920 4119 1020 4170 Triennio
1033 4121 1094 4188 unu]
1110 4122 1163 4170 lloc
1174 4135 1252 4168 verum
1271 4122 1350 4178 emet

317 4198 341 4233 et
361 4185 462 4234 Andreae
488 4187 565 4235 editio.
606 4188 674 4236 Unde
702 4185 818 4234 Rubenius
848 4199 894 4233 non
914 4201 1065 4236 numerentur
1086 4198 1196 4236 extreme.
1240 4186 1278 4234 Ali
1310 4187 1348 4232 uin
1433 4193 1436 4202 ’

317 4262 393 4298 censet
410 4251 529 4312 legendnm
546 4255 688 4314 permittenti,
707 4251 767 4314 qood
778 4265 816 4298 re·
848 4249 968 4310 legendum
986 4254 1030 4301 erit
1045 4253 1190 4315 quinquennio
1205 4257 1262 4298 anu.
1318 4250 1348 4299 td.

316 4315 372 4362 ferri
383 4315 463 4363 debent
481 4317 507 4362 ed
519 4315 661 4364 Verminam.
694 4315 718 4364 Si
734 4331 816 4379 nempe
848 4329 914 4378 cupre
924 4316 941 4366 l.
957 4328 1034 4366 xxix.
1046 4333 1068 4366 o.
1081 4319 1120 4366 21.

316 4378 425 4429 Vermina
436 4379 495 4444 pecie
505 4381 689 4434 &rennuerunt
700 4381 817 4430 arbitrium
860 4378 902 4430 ,⁵⁶
926 4378 1039 4428 Nunnium
1059 4377 1196 4440 ooeimrunt]
1235 4376 1350 4428 Nuuc'ene

316 4445 399 4510 populo
425 4443 531 4493 homero
553 4447 705 4510 permitteret.
749 4445 817 4494 Nihil
847 4446 1048 4508 perseuerasset
1069 4461 1134 4498 sures
1151 4445 1245 4498 Petrum
1266 4455 1291 4496 et
1309 4459 1350 4509 po-

318 4511 409 4564 tenius.
444 4509 505 4561 loire
527 4526 547 4562 c.
569 4513 605 4562 19.
637 4509 661 4562 ls
684 4509 815 4579 (tanim)
847 4507 903 4575 puli·
