3044 5194
362 377 403 440 sa
763 365 847 433 nur
865 367 966 432 mvn
1041 451 1043 457 Α

194 533 227 587 1¹·
240 534 338 590 0552·
361 523 565 616 congressum.
586 531 701 614 itaque,
724 541 866 610 revocato
888 529 952 590 filio
976 523 1173 612 praesidioque
1195 523 1277 606 quod
1297 524 1329 587 in
1344 521 1401 587 Pe·

194 599 331 658 ΝΜ·
361 621 488 704 lagonioe
507 619 642 683 faucibus
666 631 741 698 erat,
766 628 801 679 ut
824 617 860 678 iis
883 615 979 699 copiis
1005 635 1073 677 suas
1099 617 1234 696 augeret,
1259 611 1400 675 Pleurato

360 707 571 790 Dardanisque
598 708 655 768 iter
680 707 712 768 in
739 703 957 766 Macedoniam
985 702 1141 786 patefecit.
1186 699 1266 783 lpse,
1291 700 1318 738 ³⁸
1332 721 1400 762 cum
1436 722 1441 730 ·

360 795 466 878 viginti
482 794 614 856 millibus
628 793 774 878 peditum,
789 802 917 873 quatuor
928 790 1075 874 equitum,
1091 787 1215 850 ducibus
1226 787 1407 870 transfugis,

361 881 402 944 ad
417 881 536 944 hostem
552 880 719 964 proiectus,
734 878 838 961 paullo
853 877 920 961 plus
935 879 962 916 ³⁹
979 875 1123 937 ducentos
1138 893 1244 958 passus
1260 896 1279 936 a
1293 875 1400 936 castris

361 967 507 1031 Romanis
530 959 678 1030 tumulum
702 964 905 1049 propinquum
920 963 1040 1025 Athaco
1060 962 1141 1023 fossa
1163 983 1200 1023 ac
1220 961 1300 1023 vallo
1316 977 1409 1022 com-¹

251 1069 258 1082 ·
362 1056 510 1117 munivit:
538 1075 585 1133 ae,
614 1049 751 1134 subjecta
776 1071 901 1114 cernens
928 1048 1069 1112 Romana
1096 1059 1206 1127 castra,
1236 1049 1402 1110 admiratus

363 1163 428 1204 esse
439 1141 549 1203 dicitur
560 1153 593 1203 et
606 1140 776 1201 universam
791 1139 924 1222 speciem
937 1148 1114 1215 castrorum,
1130 1147 1163 1197 et
1174 1135 1327 1218 descripta
1341 1135 1409 1197 suis·

362 1249 485 1313 quaque
507 1228 654 1311 partibus,
677 1237 743 1288 tum
762 1223 953 1286 tendentium
968 1222 1093 1301 ordine,
1108 1233 1173 1284 tum
1197 1221 1340 1284 itinerum
1356 1223 1401 1284 in-

363 1315 516 1392 tervellis;
544 1326 576 1377 et
600 1317 628 1352 ⁴⁰
644 1333 781 1394 negasse,
811 1311 1006 1373 barbarorum
1036 1330 1074 1371 ea
1099 1320 1198 1371 castra
1227 1308 1280 1371 ulli
1307 1308 1400 1371 videri

363 1421 462 1486 posse.
501 1399 638 1462 Biduum
654 1399 806 1462 consulet
825 1417 889 1476 rex,
905 1398 982 1460 alter
998 1397 1260 1459 alteriusconatus
1276 1416 1402 1479 exspec-

364 1499 476 1565 tantes,
500 1488 676 1549 continuere
703 1507 772 1549 suos
797 1485 877 1546 intra
901 1485 1033 1547 vallum:
1062 1484 1151 1545 tertio
1175 1482 1224 1545 die
1246 1482 1402 1546 Romarrus

365 1595 471 1637 omnes
488 1574 591 1657 copies
605 1573 637 1634 in
653 1573 749 1635 aciem
764 1571 879 1636 eduxit

407 1658 539 1724 XXXV.
562 1659 630 1722 Rex
652 1679 733 1737 vero,
756 1671 820 1722 tam
840 1658 969 1721 celerem
991 1659 1089 1721 aleam
1111 1659 1240 1734 universi
1259 1658 1402 1720 certand-

365 1747 413 1810 nis
437 1747 560 1826 timens,
580 1745 816 1828 quadringentos
830 1742 948 1808 'lhelles
970 1743 1151 1829 (lllyriorum
1174 1744 1216 1823 id,
1240 1745 1320 1807 sicut
1344 1744 1403 1807 alio

367 1834 498 1896 diximus
513 1833 592 1912 loeo,
617 1843 665 1894 est
682 1833 789 1915 geum)
814 1844 846 1895 et
869 1831 1028 1894 Cretenses
1046 1841 1211 1910 trecentos,
1237 1831 1345 1894 addito
1367 1832 1413 1893 iis'
1514 1841 1515 1846 ’

367 1920 519 2003 peditibus
541 1920 606 2004 pari
628 1940 754 1982 numero
768 1921 914 2002 equitum,
935 1939 1004 1980 curn
1021 1918 1098 1981 duee
1117 1917 1324 2002 Athenagora,
1343 1939 1404 1980 uno

367 2027 407 2068 ex
421 2008 603 2091 purpuratis,
629 2006 669 2078 sd
692 2006 881 2068 lacessendos
904 2005 1036 2068 hostiurn
1051 2006 1167 2086 equites
1185 2005 1279 2069 misit.
1322 2005 1403 2067 “Ab

324 2163 329 2172 ¹
367 2091 513 2156 Romanis
528 2092 644 2156 autem¹
662 2090 779 2172 (aberat
800 2091 879 2154 acies
902 2112 1007 2154 eorum
1022 2092 1126 2175 paullo
1141 2093 1207 2175 plus
1222 2092 1404 2176 quingentos

367 2179 487 2262 passus)
509 2181 613 2242 velites
638 2179 826 2261 etequitum
851 2180 916 2240 dure
939 2178 1034 2241 ferme
1060 2179 1114 2241 ala
1133 2179 1267 2241 emissa:
1290 2190 1324 2241 ut
1347 2199 1410 2240 nu-

299 2308 306 2324 .
366 2287 451 2328 mero
466 2287 586 2348 quoque
606 2285 698 2346 eques
722 2266 873 2348 pedesque
894 2266 1015 2327 hostem
1034 2276 1196 2348 aequarent.
1240 2245 1403 2328 Credidere

366 2353 451 2435 regii,
474 2373 570 2434 genus
583 2373 702 2436 pugna,
717 2371 777 2433 quo
800 2352 1000 2430 cunctante,
1025 2352 1099 2431 lore,
1114 2361 1150 2414 ut
1163 2353 1291 2434 equites,
1313 2349 1346 2414 in
1359 2352 1412 2413 vi··

367 2459 435 2500 cern
450 2439 642 2520 insequentes
666 2438 920 2522 refugientesque,
942 2459 1023 2500 nunc
1045 2438 1113 2502 telis
1136 2450 1302 2520 uterentur,
1324 2457 1405 2501 nunc
1512 2466 1519 2494 ·,

366 2537 453 2606 terga
476 2519 585 2587 durent
596 2548 607 2604 ;
631 2523 798 2609 lllyriorum
818 2525 962 2586 velocitas
981 2524 1022 2586 ad
1046 2525 1235 2588 excursiones
1260 2537 1292 2589 et
1318 2527 1406 2607 iupe-

367 2623 417 2674 tus
443 2611 558 2673 subitos
583 2612 650 2672 usui
674 2621 764 2689 esset,
790 2609 949 2673 Cretenses
979 2611 1010 2672 in
1036 2611 1225 2676 invehentem
1251 2632 1284 2673 se
1310 2611 1406 2673 effirse

369 2697 490 2760 hostem
504 2698 634 2780 sagittas
657 2695 853 2780 conjicerent.
895 2695 1040 2760 'l'urbavit
1060 2700 1142 2760 hunc
1168 2699 1302 2761 ordinem
1325 2719 1405 2781 pug-

368 2783 464 2847 nandi
489 2805 551 2846 non
578 2784 686 2863 acrior,
712 2804 802 2867 quarn
829 2784 1020 2868 pertinacior,
1044 2783 1162 2867 inpetus
1188 2783 1406 2848 Romanonrm.
1517 2779 1521 2860 ζ

368 2891 442 2932 nam
463 2870 545 2933 haud
563 2891 660 2950 secus,
684 2871 824 2952 quamsi
848 2881 914 2933 tota
933 2870 998 2932 acie
1025 2871 1215 2950 dimicarent,
1234 2884 1265 2934 et
1288 2871 1413 2950 velites,
1521 2932 1522 2955 3

370 2957 487 3020 emissis
502 2958 608 3037 hastis,
629 2957 767 3020 cominus
787 2957 895 3040 gladiis
918 2977 981 3019 rem
996 2959 1153 3040 gerebant,
1176 2969 1208 3021 et
1226 2959 1357 3041 equites,
1372 2972 1407 3021 ut

370 3045 464 3109 semel
479 3044 511 3106 in
527 3045 646 3106 hostem
662 3044 757 3105 evecti
772 3055 853 3121 sunt,
868 3045 1016 3106 stantibus
1035 3045 1130 3128 equis,
1149 3045 1262 3126 partim
1276 3065 1315 3106 ex
1333 3045 1406 3126 ipsis

370 3130 465 3213 equis,
487 3131 598 3213 partim
623 3128 797 3193 desilientes
823 3131 1076 3213 inmiscentesque
1098 3151 1130 3193 se
1151 3131 1303 3215 peditibus
1328 3151 1407 3214 pug-

370 3217 496 3280 nabant.
511 3219 556 3280 ita
570 3237 627 3280 nec
647 3237 737 3299 eques
752 3216 852 3298 regius
867 3217 962 3300 equiti
975 3238 1031 3300 par
1044 3229 1119 3296 erat,
1134 3217 1270 3280 insuetus
1290 3217 1330 3279 ad
1344 3229 1406 3280 sta-

370 3303 462 3366 bilem
486 3325 619 3386 pugnam
629 3325 641 3382 3
665 3325 721 3366 nee
746 3304 838 3387 pedes
861 3315 1056 3367 concursator
1079 3315 1112 3366 et
1130 3324 1235 3386 vagus,
1257 3314 1289 3367 et
1313 3325 1407 3388 prope

369 3391 544 3475 seminudus
568 3411 679 3473 genere
704 3411 866 3468 armorum,
881 3391 963 3453 veliti
978 3389 1118 3452 Romano
1141 3410 1280 3473 parmam
1309 3391 1407 3472 gladi·

370 3496 481 3558 umque
500 3477 635 3558 habenti,
659 3477 831 3560 pariterque
854 3488 885 3538 et
905 3476 944 3538 ad
963 3496 995 3538 se
1010 3477 1167 3556 tuendum,
1187 3489 1218 3541 et
1232 3477 1272 3540 ad
1286 3479 1407 3540 hostem

386 3629 1006 3697 maurannetus-resumenscm.
1055 3632 1391 3688 emmonem.

404 3771 427 3808 ὓ
458 3771 516 3821 &m
541 3773 622 3838 uiginti
646 3772 742 3821 snittibru
768 3772 874 3834 aditum.
906 3781 958 3819 tum
975 3785 1173 3838 mensuraque
1191 3775 1343 3840 primnmdie
1361 3775 1409 3826 Ro-

370 3837 591 3904 quutuoheqrsitrtm]
612 3839 649 3887 Sic
665 3838 731 3899 jussit
750 3835 795 3898 legi
815 3835 874 3885 Gra·
906 3851 1025 3886 manorum
1035 3851 1158 3889 tumorum
1165 3843 1268 3892 ordinem
1276 3842 1347 3891 ridits
1365 3842 1410 3894 Hie

370 4033 464 4081 demrd
480 4033 582 4090 millihrts,
598 4035 637 4083 red
653 4030 874 4098 propumorexbi-
939 4033 960 4067 ⁴¹
981 4034 1016 4082 st
1122 4037 1138 4083 't
1153 4045 1226 4085 autent
1247 4033 1342 4099 (αὑποῦ
1362 4036 1411 4085 lie·

370 4097 511 4146 mcccc
899 4117 901 4122 ·
978 4101 1092 4149 uterinus
1103 4101 1175 4151 MSS.
1188 4111 1281 4152 etvett.
1296 4103 1411 4151 editorum

377 4160 639 4226 ,ananam
659 4161 874 4213 hoteGronovium
916 4165 1039 4214 cerionem.
1067 4163 1216 4228 ,Quanquam
1238 4177 1300 4215 reete
1322 4168 1413 4216 videtur

370 4225 429 4274 editi
439 4227 537 4274 duuntir
548 4231 649 4288 mbos.
681 4227 875 4277 Correxitilleex
907 4231 1014 4294 smpieari
1029 4227 1159 4280 Gronovius
1173 4232 1295 4292 legendum
1311 4247 1369 4289 erre,
1384 4231 1412 4280 ab

371 4289 474 4338 edition
491 4290 597 4342 Andrere.
629 4293 715 4342 Firmus
729 4293 819 4344 Victum
834 4308 875 4342 eo·
907 4291 1011 4346 Rama
1028 4300 1093 4346 bart:
1113 4309 1206 4360 nempe,
1220 4295 1430 4359 quemadmodum

370 4357 425 4405 dex.
458 4353 673 4420 litslcamrtloqui
687 4359 769 4408 Liviru.
907 4357 1009 4408 serenat
1019 4361 1166 4414 Macedones.
1185 4360 1414 4424 vugoatuame

403 4419 428 4452 ⁴⁰
444 4415 540 4483 Negant
549 4421 688 4470 mem
703 4438 730 4472 ee
745 4429 818 4473 eoum
832 4423 878 4472 etti
907 4439 976 4488 quun
982 4425 1065 4480 edm.

370 4484 442 4535 utun
457 4484 524 4548 punt]
544 4485 599 4536 Hoc
617 4487 678 4537 idem
694 4503 707 4537 a
725 4488 815 4554 Pynbc
827 4489 876 4540 dic·
926 4543 936 4552 ,
