3110 5204
457 376 698 442 cmxxxm.
716 379 798 442 cnr.
815 379 897 444 vm.
1111 353 1192 452 *ω

130 531 285 618 ‚signiferi
302 531 393 615 dum,
418 553 476 608 nee
500 536 588 620 signa
608 535 721 601 milites
745 540 1059 620 cernerentrngmen
1078 538 1119 604 ad
1141 541 1190 606 in·
1205 540 1348 615 notin

144 631 249 684 certos
279 621 427 684 clamores
453 641 564 704 vagum
589 623 673 686 uelut
702 642 803 686 errore
829 635 979 687 nocturno
1008 625 1277 692 substantae&
1293 628 1350 680 ¹⁹⁷·

132 705 340 790 ‚Supergressi
373 708 515 788 mutulos,
549 708 601 790 qui
630 707 866 793 Cynoscephalae
897 722 1053 792 vocatur,
1086 714 1193 777 relicta
1203 690 1361 804 &42³2

146 794 189 856 ibi
216 794 349 858 statione
374 793 463 858 lirma
489 794 629 877 peditum
651 797 858 878 equitumque,
886 809 1054 878 posuerunt
1082 771 1358 888 cacunem

136 879 305 952 Romanus
326 879 439 944 eisdem
467 881 508 942 ad
526 880 705 944 Thetidiurn
731 883 837 946 castris
863 901 956 964 quum
981 905 1015 946 se
1036 886 1194 966 tenuisset,
1324 877 1337 894 ’

134 965 342 1048 exploratum
357 979 473 1046 tumen,
496 967 547 1030 ubi
572 967 669 1031 hostis
686 980 776 1048 esset,
799 969 907 1032 decem
927 981 1043 1034 turmas
1056 973 1193 1053 equitnm

148 1065 182 1116 et
204 1054 233 1091 ¹⁸
243 1052 328 1117 mille
344 1053 463 1133 pedites
484 1052 586 1142 misit3
609 1054 755 1132 monitos,
777 1065 812 1116 ut
834 1055 874 1118 ab
896 1055 1023 1135 insidiis,
1037 1077 1111 1140 quas
1126 1059 1193 1120 dies

134 1139 296 1206 ‚obscurus
311 1139 434 1222 ,apertis
452 1159 580 1220 ¹quoque
603 1138 678 1202 locis
703 1151 838 1204 tecturus
865 1152 956 1221 esset,
980 1154 1194 1225 praecaverent.

133 1221 213 1302 ‚Upi
228 1235 353 1286 ventum
367 1225 414 1286 ad
437 1225 566 1288 insessos
588 1227 721 1290 tumulos
741 1239 799 1304 est,
823 1247 934 1307 pavore
954 1239 1060 1302 mutuo
1080 1229 1194 1312 injecto

134 1309 232 1371 uelut
256 1321 412 1392 torpentes
433 1311 621 1392 quieveruut.
636 1313 718 1389 dein,
742 1313 862 1374 nunciis
883 1324 965 1376 retro
984 1315 1017 1377 in
1039 1327 1140 1381 castra
1154 1314 1195 1377 ad

136 1445 140 1452 .
152 1395 244 1458 duces
259 1391 371 1474 missis,
385 1396 444 1468 ubi¹
456 1398 572 1479 primus
586 1409 682 1461 terror
703 1399 741 1459 ab
763 1399 949 1480 necopinato
964 1400 1028 1462 visu
1045 1401 1195 1478 consedit,

133 1501 214 1552 ¹nrm
233 1481 348 1546 diutius
369 1483 537 1566 certamine
559 1482 743 1547 abstinuere.
788 1481 940 1566 Principio
960 1505 979 1546 a
1001 1488 1105 1567 paucis
1124 1508 1195 1569 pro·
1207 1511 1343 1566 pumina

133 1568 342 1638 ¹currentibus
365 1568 508 1632 lacessita
528 1589 632 1652 pugna
652 1579 710 1645 est,
739 1568 851 1630 deinde
880 1570 1023 1644 subsidiis
1046 1572 1194 1636 tuentium
1206 1581 1275 1633 uum

136 1654 258 1735 ¹pulsos
281 1665 391 1716 aucta:
423 1656 456 1718 in
481 1675 545 1737 qua,
565 1675 659 1736 quum
689 1655 923 1737 haudquaquam
950 1677 1038 1737 pares
1063 1655 1196 1728 Romani

154 1740 234 1802 alios
248 1760 335 1827 snper
358 1741 435 1804 alios
459 1741 585 1803 nuncios
610 1741 650 1804 ad
675 1741 786 1802 ducem
807 1742 974 1820 mitterent,
997 1744 1094 1826 premi
1110 1765 1196 1826 sese3

155 1825 312 1907 quingenti
326 1827 444 1908 equites
464 1838 496 1890 et
511 1828 572 1890 duo
587 1828 673 1890 milla
691 1827 841 1909 peditum,
863 1827 996 1890 maxime
1010 1827 1199 1912 AEtolorum,

134 1931 225 1972 cum
242 1911 364 1983 ,duobus
376 1913 506 1983 ¹tribunis
520 1913 652 1976 militurn
666 1933 794 1998 propere
810 1913 913 1992 missa,
933 1933 999 1976 rem
1020 1915 1200 1992 inclinatam

131 2057 138 2068 ,
153 1998 374 2070 restituerunt:
396 2019 540 2080 vasaque
556 1999 688 2077 fortuna,
708 1995 896 2062 Macedones
918 1999 1092 2063 laborantes
1106 2023 1199 2086 opem

132 2085 236 2164 ,regis
259 2105 313 2167 per
328 2085 455 2148 nuncios
475 2085 679 2166 inplorabant.
724 2083 799 2165 Sed,
818 2084 919 2166 utqui
940 2086 1015 2148 nihil
1031 2088 1200 2172 minusillo

133 2169 207 2232 ‚die
229 2181 361 2253 propter.
377 2171 564 2242 ”abraam
590 2172 763 2253 caliginem,
787 2192 879 2254 quam
901 2171 1052 2254 proelium,
1074 2194 1202 2256 exspec-

137 2267 264 2336 tasset,
299 2277 414 2339 magna
440 2270 528 2340 parte
556 2259 715 2322 bominum
745 2259 845 2320 omnis
873 2259 994 2338 generis
1022 2261 1202 2341 pabulatum

157 2343 264 2422 missa,
287 2343 473 2425 aliquamdiu
499 2345 588 2428 inops
616 2345 734 2408 consilii
760 2343 940 2428 trepidavit:
973 2344 1094 2423 deinde,
1115 2357 1201 2428 post-

135 2449 252 2509 ,quam
267 2431 371 2492 nuncii
393 2430 559 2510 instabant,
578 2441 610 2494 et
626 2431 693 2514 jam
710 2429 788 2512 jugo
809 2431 960 2492 montium
975 2431 1134 2494 detexerat
1147 2452 1204 2494 ne·

136 2562 142 2572 .
158 2515 240 2591 bula,
261 2527 294 2577 et
309 2516 346 2584 ¹in
361 2527 527 2599 conspectu
541 2527 627 2580 erant
640 2515 839 2594 Macedones,
858 2516 889 2578 in
905 2516 1054 2578 tumulum
1070 2517 1205 2580 maxime

136 2649 139 2656 .
158 2601 277 2664 editum
294 2600 374 2664 inter
389 2603 464 2672 elios
486 2603 644 2687 compulsi,
660 2603 729 2665 loco
750 2623 782 2664 se
796 2602 906 2683 magis,
921 2621 1012 2682 quarn
1035 2597 1137 2684 armis,
1153 2615 1204 2666 tu·

157 2699 281 2765 tantce3
305 2689 558 2758 committendam
574 2709 673 2752 rerum
689 2708 838 2750 summam
854 2687 885 2749 in
902 2682 1063 2750 discrimen
1081 2699 1204 2754 utcum-

155 2765 215 2855 que
231 2784 328 2851 ratus,
352 2795 391 2837 ne
414 2775 509 2856 partis
533 2774 696 2838 indefensae
713 2773 838 2856 jactura
852 2772 950 2852 lieret,
968 2771 1202 2856 Athenagoram
1234 2829 1236 2836 .

158 2861 269 2922 ducem
284 2861 425 2923 mercede
447 2861 644 2924 militantium
667 2880 737 2923 curn
761 2858 912 2938 omnibns,
934 2871 1042 2942 prater
1055 2859 1204 2940 Thracas,

157 2947 292 3024 auxiliis,
313 2959 347 3010 et
360 2948 497 3032 equitatu
510 2945 718 3010 Macedonum
738 2965 775 3007 ac
789 2944 1004 3009 'lbessalorum
1019 2946 1127 3034 mittit,
1149 2967 1203 3008 eo·

124 3089 143 3104 ,,
159 3051 227 3094 rum
243 3031 377 3096 adventu
392 3032 510 3117 depulsi
534 3035 573 3096 ab
593 3031 821 3116 jugaRomani
843 3052 906 3096 non
930 3042 1002 3094 ante
1017 3032 1204 3110 restiterunt,

137 3157 141 3162 -
160 3139 253 3200 qnam
268 3120 301 3179 in
320 3119 487 3200 planiorem
502 3121 611 3182 vallem
627 3130 805 3204 perventum
820 3131 878 3180 est.
921 3116 970 3182 Ne
984 3117 1078 3180 effusa
1100 3118 1205 3181 detru-

160 3205 304 3267 derentur
319 3204 402 3286 luga,
418 3206 581 3288 plurimum
601 3207 633 3269 in
648 3204 761 3269 AEtolis
776 3205 929 3284 equitibus
944 3203 1074 3285 praesidii
1090 3203 1157 3266 fuit.
1176 3202 1204 3264 is

138 3283 144 3300 ²
161 3291 257 3372 longe
271 3301 337 3369 tum
352 3293 483 3375 optimus
503 3314 595 3374 eques
610 3294 641 3354 in
657 3290 775 3356 Gracia
786 3301 872 3369 erat}
895 3290 997 3371 pedite
1014 3289 1092 3350 inter
1111 3287 1205 3350 liniti-

160 3395 230 3438 mos
241 3377 444 3440 vincebantur.
851 3445 855 3452 ,
1015 3427 1018 3432 -
1135 3421 1150 3432 -·

206 3459 293 3525 Vlll.
316 3463 462 3529 ²⁸laetior
485 3488 543 3546 res,
569 3486 659 3550 qnam
679 3487 735 3549 pro
755 3483 896 3529 successu
910 3481 1030 3547 pugnae,
1050 3461 1206 3541 nunciata,
1218 3463 1357 3516 unimam

136 3543 329 3630 2quum‚alii
343 3573 441 3636 ¹super
455 3553 531 3616 idios
553 3564 741 3616 recurrentes
766 3574 805 3616 ex
828 3551 937 3636 proelio
958 3550 1136 3629 clamarent,
1158 3542 1343 3612 fir-“mm

138 3656 233 3718 -gere
259 3637 384 3719 pauidos
414 3639 581 3719 Romanos,
611 3640 737 3702 invitum
763 3651 796 3703 et
821 3636 1077 3715 cunctabundum,
1100 3648 1133 3701 et
1157 3636 1205 3700 di-

160 3735 281 3784 centem
307 3735 421 3787 temere
444 3725 521 3805 fieri,
547 3747 608 3790 non
631 3727 732 3790 locmn
757 3727 814 3787 sibi
838 3725 968 3808 placere,
989 3743 1052 3785 non
1073 3736 1207 3869 tempus,

138 3863 141 3868 Α
162 3805 305 3891 perpulit,
329 3822 365 3890 ut
386 3811 527 3890 educeret
542 3834 647 3876 omnes
668 3813 772 3896 copias
787 3813 819 3874 in
840 3811 948 3874 aciem.
993 3806 1078 3871 Idem
1094 3821 1127 3868 et
1170 3829 1206 3870 o·

139 3943 141 3948 .
161 3914 280 3975 manus,
305 3898 404 3979 magis
423 3901 616 3979 necessitate,
640 3919 730 3981 qnam
747 3899 908 3961 occasione
932 3915 1039 3979 pugna
1054 3892 1208 3972 inductus,

164 3979 249 4046 fecit.
272 3981 413 4047 dextrum
440 4007 545 4067 contu,
574 3986 744 4069 elephantis
774 3997 845 4047 ante
871 3983 959 4064 signa
985 3980 1153 4058 instructis,
1175 3978 1208 4040 in

584 4116 590 4153 ¹
605 4115 695 4183 rffirnn
705 4115 781 4168 Gran.

197 4233 221 4274 ὕ
246 4235 312 4286 Mtte
334 4237 426 4302 pdder]
459 4237 521 4298 Lege
543 4237 617 4286 ubre
642 4251 672 4286 ex
736 4234 758 4268 Β
786 4229 868 4280 Lenior
892 4244 934 4288 res,
962 4243 1027 4292 quum
1049 4243 1091 4289 pro
1113 4241 1211 4302 mersu

164 4302 271 4368 Polybio,
286 4304 325 4366 qui
335 4305 406 4353 habet
415 4304 463 4352 τᾶν
474 4300 579 4365 εὗζόνων
589 4307 623 4351 tls
631 4318 672 4364 χι·
702 4313 793 4364 pugne,
811 4292 928 4370 mmciulp]
947 4295 1022 4374 Aucta
1038 4307 1075 4342 res
1091 4291 1115 4340 in
1126 4307 1211 4356 majus,

164 4368 228 4416 nise.
281 4381 284 4389 ’
613 4389 616 4397 ν
706 4375 730 4411 et
747 4363 822 4411 latior
838 4372 943 4408 armona
958 4374 1015 4422 regi,
1032 4373 1099 4420 quam
1112 4367 1210 4419 quantus

144 4477 149 4484 .
197 4431 221 4467 ³⁷
237 4430 336 4497 Offurmn
346 4432 474 4502 caliginem]
490 4429 672 4484 SicreeteGro-
705 4429 1211 4503 erarpuqnaeauceesruqqnemqnentaemt

166 4497 302 4565 aouiuapru
312 4497 411 4563 rffttnn.
500 4551 505 4560 ⁸
706 4491 972 4556 reissestueaussnrtudo.
