3080 5196
441 335 521 398 mu.
532 335 662 399 mv,
682 337 761 400 cAP.
775 339 857 400 XLI.
1105 345 1169 402 Μ

120 467 169 537 Μ.
183 467 291 536 Furius
306 467 471 554 Crassipes.
486 470 578 552 quina
592 469 673 535 dena
682 468 792 552 jugera
806 468 871 552 agri
887 467 962 534 data
977 469 1008 534 in
1032 469 1168 554 singulm
1184 425 1328 556 octabu

121 555 239 641 pedites
266 569 349 635 sunt,
372 555 521 638 ”duplex
550 557 711 638 equitibus.
770 553 1000 622 ”Bruttiorum
1030 559 1170 640 proxime
1183 565 1256 624 suc.
1269 569 1326 632 tta,

115 643 221 725 ¹fuerat
236 664 327 726 ager:
349 641 471 704 ‚Bruttii
492 653 635 725 ceperant
657 643 696 704 de
717 639 842 704 Graecis.
885 639 991 706 Romae
1010 665 1064 728 per
1086 643 1170 708 idem

121 744 239 811 tempus
256 730 318 791 duo
333 729 457 792 maximi
479 727 601 790 suerunt
623 741 773 804 terrores3
797 731 824 766 ⁴⁰
837 727 990 790 diutinus¹
1012 731 1100 807 alter,
1115 731 1169 792 sed

120 816 252 898 segnior.
296 819 320 855 ⁴¹
331 813 428 878 Terra
439 813 504 878 dies
527 813 831 898 duodequadraginta
853 814 957 877 movit.
972 837 1026 899 per
1040 815 1170 880 totidem

121 901 184 966 dies
200 900 282 964 feriae
295 903 326 966 in
350 900 554 966 sollicitudine
569 921 605 962 ac
621 911 704 962 metu
728 901 822 962 fuere.
836 889 869 962 in
890 900 1023 964 triduum
1046 900 1109 982 ejus
1124 902 1167 964 rei

122 1008 228 1051 caussa
242 987 424 1072 supplicatio
439 987 546 1050 habita
560 999 617 1050 est.
662 984 717 1048 llle
731 1007 794 1048 non
808 1008 902 1069 pavor
914 1007 1018 1066 varus,
1033 987 1086 1050 sed
1100 1011 1170 1052 vera

115 1075 285 1156 ¹multorum
315 1073 417 1138 clades
444 1073 512 1136 fruit.
546 1071 690 1136 incendio
715 1094 735 1134 a
760 1072 827 1135 soro
852 1071 965 1136 Boario
986 1085 1065 1152 orto,
1089 1075 1171 1138 diem

121 1175 306 1242 noctemque
333 1160 460 1222 aedilicia
489 1160 521 1220 in
554 1155 692 1222 Tiberim
717 1180 805 1240 versa
840 1180 950 1238 arsere,
980 1161 1172 1246 tabernaeque

118 1269 229 1312 omnes
245 1267 316 1308 cum
334 1246 438 1327 magni
454 1245 542 1328 pretii
558 1245 707 1307 mercibus
719 1245 989 1326 conflagraverunt.

117 1335 120 1339 ’
164 1331 249 1396 XLl.
270 1331 343 1396 Jam
364 1333 425 1394 fere
450 1331 482 1393 in
505 1333 588 1394 exitu
613 1343 807 1394 sanuserat:
831 1331 909 1394 etin
927 1332 1105 1418 dicamagis
1127 1335 1174 1398 la·
1186 1365 1223 1416 M

120 1421 230 1484 made
253 1419 400 1482 Antiochi
420 1418 513 1498 bello,
538 1431 571 1482 et
593 1439 665 1480 cura
687 1415 824 1480 Patribus
850 1420 1018 1482 crescebat.
1063 1419 1172 1504 ltaque
1187 1433 1319 1484 mutum.

117 1508 162 1590 ¹de
193 1506 355 1589 provinciis
385 1505 628 1586 magistratuum,
644 1504 881 1584 designatorum,
905 1525 966 1588 quo
990 1506 1171 1572 intentiores

120 1605 225 1656 esseut
250 1613 367 1670 ornnes,
382 1591 491 1674 agitari
517 1603 655 1672 coeptum
681 1599 736 1652 esc
778 1589 957 1668 Decrevere,
980 1603 1014 1654 ut
1039 1595 1173 1656 consuli·

117 1679 178 1742 bus
195 1677 294 1756 ltalia,
320 1691 352 1741 et
372 1699 433 1760 quo
447 1689 569 1740 senatus
592 1677 770 1755 censuisset,
797 1675 876 1758 (jam
896 1699 961 1740 esse
978 1679 1091 1742 belum
1113 1681 1173 1743 ad-

62 1837 64 1840 ·
117 1761 224 1832 'versus
249 1763 438 1828 Antiochum
455 1783 559 1845 regem
581 1783 686 1826 omnes
700 1763 849 1842 sciebant)
875 1765 1036 1846 provincias
1059 1779 1173 1830 essent.

118 1852 209 1935 cujus
225 1873 263 1914 ea
281 1872 346 1912 sors
360 1863 452 1928 esset,
468 1863 597 1931 quatuor
620 1849 718 1912 millia
731 1849 871 1932 pediturn
886 1849 996 1912 civium
1012 1851 1172 1915 Romano·

119 1961 201 2018 rum,
216 1952 248 2002 et
272 1937 402 2000 trecenti
427 1935 556 2018 equites,
571 1957 627 1998 sex
648 1937 745 1997 millia
768 1937 885 1997 socium
908 1933 1011 1998 latini
1037 1938 1171 2001 nominis

118 2047 192 2090 cum
217 2021 446 2107 quadringentis
471 2023 626 2104 equitibus
652 2032 722 2083 sunt
747 2021 880 2084 decreta.
931 2021 1045 2084 Eorum
1069 2024 1173 2086 delet·

119 2123 187 2174 tum
203 2111 318 2174 habere
340 2108 377 2172 L.
392 2109 553 2181 Quinctius
576 2108 682 2170 consul
700 2105 822 2189 jussus3
846 2107 974 2188 nequid
995 2122 1174 2189 moraretur,
1232 2129 1236 2138 ·

120 2197 302 2280 quominus
326 2195 432 2258 consul
455 2214 562 2271 novus,
589 2215 649 2274 quo
674 2204 794 2256 senatus
817 2195 994 2273 censuisset,
1020 2197 1175 2279 extemplo

116 2283 276 2370 proficisci
301 2294 415 2365 posset.
471 2277 550 2343 Item
577 2279 615 2341 de
640 2280 803 2363 provinciis
827 2291 989 2363 praetorum
1016 2283 1174 2346 decretum

118 2384 192 2434 est:
231 2369 365 2450 ⁴²prima
392 2379 428 2430 ut
453 2387 517 2428 sors
547 2366 624 2445 duae,
654 2365 828 2448 urbanaque
857 2377 889 2428 et
918 2367 996 2431 inter
1026 2369 1105 2432 cives
1137 2391 1173 2433 ac

117 2455 302 2544 peregrinos
320 2452 494 2537 jurisdictio
514 2467 617 2516 esset:
640 2453 786 2530 secunda,
809 2451 946 2516 Bruttii:
970 2455 1071 2531 tertia,
1092 2455 1173 2518 clas-

117 2545 174 2620 sis,
203 2553 238 2604 ut
261 2539 427 2622 navigaret,
452 2559 512 2621 quo
535 2550 658 2601 senatus
685 2539 871 2602 censuissetr
904 2551 1022 2620 quarta,
1043 2539 1172 2604 Siciliae

116 2617 226 2714 quina,
255 2625 415 2688 Sardinia:
449 2636 546 2702 sexta,
562 2623 715 2708 Hispania
738 2625 871 2688 ulterior.
886 2625 1068 2708 imperatum
1093 2649 1170 2710 prae-

118 2728 210 2778 terea
235 2711 272 2775 L.
288 2713 433 2784 Quinctio
459 2712 575 2774 consuli
591 2723 647 2790 cst,
671 2723 705 2774 ut
720 2711 795 2774 duas
819 2711 954 2794 legiones
980 2714 1090 2776 civium
1107 2715 1171 2778 Ro-

116 2821 283 2865 manorum
309 2820 400 2861 novas
428 2799 652 2876 conscriberet3
687 2809 720 2862 et
745 2799 862 2862 socitlnr
884 2821 920 2862 ac
941 2797 1044 2864 Latini
1071 2803 1171 2866 nonti-

117 2889 167 2950 nis
184 2885 293 2968 viginti
308 2881 405 2946 millia
424 2886 574 2968 peditum,
590 2897 622 2946 et
642 2887 836 2968 octingentos
851 2889 979 2968 equites.
1023 2910 1092 2952 eum
1116 2911 1172 2954 ex·

117 2973 252 3035 ercitum
290 2972 423 3052 praetori,
455 2973 503 3034 cui
540 2969 651 3033 Bruttii
684 2973 842 3054 provincia
874 2975 1033 3053 evenisset,
1065 2976 1172 3039 decre·

115 3071 241 3134 ¹verant.
285 3055 381 3118 AEdes
412 3057 477 3118 duae
505 3055 576 3118 lovi
605 3078 643 3119 eo
673 3078 754 3119 anno
779 3060 811 3120 in
842 3057 996 3142 Capitolio
1026 3061 1174 3127 dedicatae

113 3159 204 3209 sunt.
248 3140 384 3204 Voverat
413 3141 452 3204 L.
482 3142 586 3204 Furius
624 3141 775 3226 Purpureo
808 3159 918 3227 praetor
945 3144 1064 3208 Gallico
1093 3151 1174 3212 bello

114 3252 230 3306 unam,
257 3229 384 3290 alteram
411 3227 527 3289 consul.
553 3227 704 3290 dedicavit
730 3228 769 3298 Q.
793 3228 931 3292 Marcius
954 3231 1043 3294 Ralla
1066 3234 1175 3298 duum·

114 3319 178 3378 sir.
226 3312 246 3376 J
250 3313 351 3374 udicia
365 3315 396 3374 in
412 3305 609 3376 funeratorcs
624 3335 662 3376 eo
678 3335 758 3376 arrno
773 3314 871 3376 multa
881 3337 982 3378 severe
996 3330 1068 3381 sunt
1082 3321 1174 3400 sacta,
1188 3355 1321 3406 ymmo,

114 3401 339 3466 accusantibus
365 3401 498 3482 privatos
522 3399 656 3463 edilibus
683 3401 844 3478 curulibus,
868 3400 918 3464 M.
942 3401 1060 3481 Tuccio
1082 3420 1114 3470 et
1141 3407 1174 3472 P.
1187 3423 1341 3474 rucuma

113 3489 220 3551 Junio
245 3483 352 3547 Bruto.
380 3485 418 3546 dc
442 3485 539 3548 multa
565 3487 778 3550 damnatorum
799 3489 951 3570 quadrigae
971 3491 1116 3556 inauratae
1141 3495 1174 3558 in

115 3571 283 3658 Capitolio
305 3573 410 3655 positae
433 3573 465 3634 in
496 3572 574 3634 cella
595 3571 679 3636 Jovis
704 3577 832 3656 ⁴³supra
853 3575 1008 3659 fastigium
1031 3579 1174 3660 edicula,

558 3697 657 3747 'diutius
667 3698 740 3750 Gran.

135 3805 169 3860 ,ὃ
187 3783 280 3864 Duplex
305 3801 422 3865 spriritus]
457 3803 546 3851 Victor.
574 3799 634 3851 liber
664 3801 708 3864 ult]
728 3803 811 3854 Factus
827 3815 861 3854 ert
880 3815 948 3855 tem
968 3817 1052 3866 motrrr,
1071 3811 1110 3872 qu'r
1131 3826 1173 3876 per

115 3871 239 3918 emansit
250 3883 301 3916 cum
314 3867 342 3915 iis
354 3883 410 3932 quos
421 3869 477 3916 vidit
494 3869 633 3929 Gronovius,
664 3881 717 3966 orqo
728 3882 753 3916 et
764 3873 856 3930 triginta
867 3872 916 3919 dies
928 3873 1032 3920 assidam
1044 3874 1097 3922 fuit.

115 3935 374 4060 lulbeliuiirlilliditum]
397 3997 451 4047 vit.
476 4007 527 4048 not.
547 3993 634 4048 tired
665 3935 722 4046 duel
730 3931 1174 4065 jbiiildictibdnelwddrnlpitectbl'elllir,¹tirn

117 4075 219 4116 xrxrv.
232 4065 274 4111 45.
306 4075 311 4084 ·
666 4065 1106 4129 binamerinrercirssrcpercgrinor.

146 4128 174 4161 ⁴⁰
192 4126 306 4175 Diutinns
324 4127 391 4190 alter]
420 4127 512 4188 vulgat
542 4128 636 4185 diutius,
695 4128 717 4163 ⁴³
735 4129 808 4190 Supra
822 4129 945 4194 surrigiuur
971 4131 1077 4196 eductio]
1104 4131 1170 4182 AEdi.

115 4192 416 4254 etsiclegebatsigonius.
450 4192 547 4240 Hermii
561 4194 633 4241 editio
664 4193 716 4240 cula
735 4194 774 4242 bic
798 4193 943 4254 intelligenda
965 4195 1058 4244 videtur
1080 4199 1171 4262 capsula

115 4271 143 4307 et
155 4259 266 4320 quaedam
285 4257 337 4305 eliac
354 4257 377 4304 id
395 4258 479 4305 habeut
498 4259 567 4320 quod,
585 4258 633 4322 ipsa
664 4257 747 4320 sliqus,
765 4275 816 4322 qua
832 4259 928 4308 sonmo
944 4260 1033 4322 rignum
1052 4261 1114 4311 lovis
1130 4275 1172 4313 sut

115 4334 247 4372 enarrarre
254 4322 632 4385 rationeflsgitaute,bicerlcarlum
663 4339 727 4371 sacra
737 4325 862 4372 includeret
873 4341 881 4384 ς
897 4339 944 4388 quo
953 4341 1022 4374 sensu
1036 4327 1096 4378 burc
1106 4343 1172 4378 eant-

114 4388 264 4438 curauimus.
664 4389 717 4436 dem
728 4403 810 4438 rocem
828 4391 924 4452 sumpsit
935 4389 1024 4438 Plinius
1037 4391 1054 4441 1.
1073 4406 1171 4442 xxxvl.

147 4453 173 4488 ct
194 4453 209 4480 ·
226 4451 295 4498 Tem
309 4453 354 4501 dira
362 4453 578 4519 duodequadraginta
589 4469 633 4504 mo·
664 4469 685 4504 c·
701 4456 725 4502 5.
741 4451 848 4504 AEdiculu
867 4456 914 4516 (ιίιι
938 4455 1046 4523 (veneris
1067 4457 1171 4522 nudie)

165 4535 249 4582 vol..
266 4537 320 4581 ιιι.
723 4542 745 4588 0
