3100 5194
445 322 522 383 LlB.
542 321 676 386 xxxii.
696 321 778 385 ChP.
797 322 883 386 XVI.
1159 330 1195 388 61

191 470 266 539 XV.
288 473 419 541 Primam
434 479 554 544 urbium
574 479 739 545 'lhessalise
754 479 947 544 Phaloriam!
961 488 1008 541 est
1027 475 1198 560 adgressus.
1212 491 1286 544 tac,
1295 495 1352 545 utu.

148 561 211 624 duo
242 564 340 626 millia
374 563 581 629 Macedonum
615 570 645 630 in
676 568 815 651 praesidio
844 567 989 644 habebat,
1016 565 1068 647 qni
1098 565 1198 649 primo
1213 559 1283 610 hc·
1295 561 1351 638 ,¹⁹⁸-

147 669 270 710 summa
289 650 319 712 ri
339 653 525 732 restiterunt,
541 665 689 736 quantum
705 677 799 733 arma,
823 665 970 736 quantum
993 651 1107 714 moenia
1120 652 1198 714 tueri
1213 623 1366 740 Ὴζᾞ,

150 747 314 817 poterant:
339 738 394 799 sed
416 739 605 822 obpugnatio
626 742 785 820 continua,
808 760 870 803 non
886 740 945 818 die,
968 759 1029 801 non
1044 749 1135 800 nocte
1150 759 1199 801 re·
1212 753 1280 820 sapis.

151 821 255 902 missa,
278 822 319 900 (⁵⁸
328 843 421 905 quum
436 827 543 888 consul
558 827 590 888 in
605 847 643 889 eo
658 827 735 890 verti
750 827 888 890 crederet
909 835 1080 888 ceterorum
1099 823 1198 887 Thes-

151 908 285 970 salorum
299 909 429 990 animos,
456 913 481 973 si
504 913 594 994 primi
621 915 682 975 vim
697 913 871 976 Romanam
894 933 956 977 non
971 911 1196 991 sustinuissent)

148 993 224 1057 vicit
244 997 446 1078 pertinaciam
467 995 685 1062 Macedonum.
729 999 831 1084 Capta
852 998 1003 1077 Phaloria,
1025 999 1118 1080 legati
1142 1002 1200 1060 ‘la

152 1077 323 1164 Metropoli
343 1095 377 1146 et
392 1105 410 1145 a
425 1083 513 1148 Piera
527 1086 673 1150 dedentes
693 1089 782 1149 urbes
804 1098 960 1150 venerunt.
981 1086 1071 1147 venia
1084 1085 1198 1148 eisdem

151 1169 330 1250 petentibus
356 1170 455 1233 datur.
499 1170 640 1235 Phaloria
665 1173 788 1236 incensa
817 1193 853 1234 ac
878 1173 997 1256 direpta
1020 1185 1078 1234 est.
1123 1169 1201 1234 lnde

153 1251 315 1336 AEgininm
340 1257 429 1338 petit.
451 1277 542 1338 quem
561 1259 662 1321 locum
678 1279 771 1340 quum
784 1258 832 1321 rel
848 1258 971 1320 modico
992 1257 1133 1339 prasidio
1148 1270 1199 1321 tn·

153 1351 219 1402 turm
235 1362 273 1403 ac
295 1361 392 1425 prope
413 1344 678 1427 inexpugnabilem
699 1345 835 1422 vidisset,
857 1344 963 1426 paucis
986 1343 1018 1403 in
1034 1343 1199 1406 stationem

153 1427 327 1508 proximam
350 1429 420 1491 telis
444 1429 602 1511 conjectis,
624 1431 663 1491 ad
687 1428 898 1513 Gomphorum
918 1429 1074 1510 regionem
1088 1448 1201 1509 agmen
1313 1481 1324 1506 ,

152 1514 253 1575 vertit.
276 1516 304 1553 ⁶⁰
313 1515 552 1597 degressusque¹¹
567 1517 603 1578 in·
615 1537 740 1599 campos
754 1513 930 1594 rl'hessalisc,
945 1535 1038 1596 quum
1048 1512 1114 1596 jam
1130 1534 1201 1576 orn·

152 1598 207 1660 nia
221 1601 368 1664 exercitui
380 1601 531 1680 deessent,
548 1604 620 1684 quia
633 1601 827 1686 Epirotarum
843 1611 1022 1690 pepercerat
1037 1600 1128 1682 agris,
1143 1619 1200 1661 ex-

151 1685 277 1768 plorato
289 1697 370 1766 ante,
385 1700 486 1752 utrum
504 1687 688 1768 leucadem,
703 1711 742 1752 an
763 1691 862 1752 sinum
876 1687 1074 1751 Ambracium
1089 1705 1202 1748 onera-

152 1772 206 1833 rioe
220 1774 398 1852 tenuissent,
419 1774 637 1838 frumentatum
651 1776 847 1839 Ambraciam
861 1777 885 1816 ⁸¹
896 1777 929 1838 in
943 1775 1040 1837 vicem
1055 1771 1201 1834 cohortes

152 1857 250 1922 misit.
272 1871 304 1922 et
319 1872 366 1924 est
380 1860 439 1923 iter
458 1883 478 1923 a
492 1860 642 1944 Gomphis
656 1861 865 1940 Ambraciam,
881 1863 962 1924 sicut
975 1858 1145 1940 inpeditum
1161 1879 1200 1920 ae

153 1943 290 2024 difficile,
305 1947 351 2008 ita
365 1947 463 2030 spatio
478 1949 625 2030 perbrevi.
668 1947 754 2011 Intra
767 1969 882 2031 paucos
893 1949 998 2030 itaque
1008 1945 1083 2024 dies,
1098 1955 1199 2006 uane-

152 2031 248 2092 vectis
269 2051 289 2092 a
309 2033 385 2094 mari
406 2035 635 2114 commeatibus,
657 2036 773 2118 repleta
795 2034 878 2097 omni
901 2055 1003 2096 rerum
1019 2030 1109 2112 eopia
1128 2041 1201 2092 sunt

153 2127 264 2181 castra.
309 2117 383 2180 lnde
407 2119 588 2183 ”Atracem
603 2131 650 2183 est
674 2122 839 2203 profectus.
862 2121 969 2184 decem
993 2120 1088 2181 ferme
1102 2115 1285 2182 millianam
1298 2134 1339 2182 ob-

155 2205 194 2282 ab
208 2202 329 2266 larissa
342 2207 450 2269 abest:
474 2226 513 2268 ex
532 2206 716 2269 Perrhaebia¹
737 2207 856 2270 oriundi
878 2218 968 2284 sunt:
993 2207 1053 2269 sita
1066 2213 1112 2264 est
1129 2205 1200 2266 urbs
1211 2211 1280 2249 “¹¹⁸-

155 2309 245 2372 super
268 2290 401 2354 Peneum
425 2311 558 2355 amnem.
601 2292 688 2355 Nihil
710 2295 899 2376 trepidavere
920 2289 1060 2356 Thessali
1080 2289 1121 2350 ad
1135 2289 1199 2372 pri-

154 2395 238 2438 mum
254 2377 418 2440 adventum
439 2377 659 2442 Romanorum.
701 2376 744 2442 Et
758 2380 926 2463 Philippus,
950 2381 1031 2442 sicut
1053 2375 1085 2436 iu
1098 2374 1200 2438 ’Πιθο-

156 2462 263 2526 saliam
277 2464 344 2547 ipse
357 2466 500 2548 progredi
524 2487 586 2529 non
612 2466 763 2550 audebat,¹
776 2467 832 2545 ita,
854 2467 935 2528 intra
946 2465 1064 2550 Tempe
1081 2463 1199 2524 stativis

155 2550 274 2631 positis,
296 2563 331 2614 ut
355 2552 481 2633 quisque
505 2552 591 2616 locta
613 2554 651 2615 ab
675 2553 763 2616 hoste
778 2553 964 2634 tentabatur,
986 2546 1126 2639 prasidia
1144 2569 1199 2632 per

154 2637 331 2700 occasiones
345 2639 554 2702 submittebat.

197 2721 285 2786 XVI.
308 2721 372 2787 Sub
387 2725 468 2787 idem
492 2725 555 2788 lere
569 2738 700 2810 tempus,
715 2745 777 2810 qno
800 2728 906 2791 consul
926 2728 1068 2798 adversm
1083 2733 1202 2820 Philip-

155 2827 228 2891 pum
244 2811 376 2892 primum
399 2812 431 2873 in
455 2811 540 2894 Epiri
561 2812 699 2876 faucibus
722 2826 824 2878 eastra
845 2817 958 2899 posuit,
977 2831 1009 2882 et
1032 2820 1067 2884 1..
1082 2823 1200 2893 Quinc·
1211 2801 1243 2856 1⁴·
1253 2805 1362 2862 ΟΜ

156 2895 228 2972 tius,
254 2896 349 2960 frater
371 2899 514 2977 consulis,
538 2901 586 2962 eui
602 2900 706 2962 classis
721 2921 794 2964 cura
818 2903 1035 2986 maritimaeque
1061 2927 1121 2971 ora
1140 2885 1339 2972 imnum

156 2982 275 3063 perium
294 2983 473 3048 mandatum
497 2987 536 3048 ab
555 2998 664 3048 senatu
683 2999 759 3067 erat,
786 3007 856 3052 cum
880 2990 997 3053 duabus
1018 2995 1203 3078 quinquae·-

157 3069 256 3131 mibus
269 3069 433 3155 Corcyram
449 3083 648 3150 transvectum,
669 3085 831 3156 postquem
849 3077 1019 3159 profectam
1035 3081 1107 3144 inde
1122 3084 1202 3145 ‘clas-

158 3175 224 3218 sem
254 3157 379 3236 audivit,
406 3158 482 3220 nihil
512 3158 692 3221 morandum
722 3170 816 3238 ratus,
846 3181 938 3242 quum
972 3168 1047 3228 ”ac
1072 3165 1200 3230 Zamam

158 3277 318 3330 tPhulsrioerr
328 3283 401 3334 Grau.
411 3283 479 3332 Cres.
498 3281 537 3332 ste
547 3296 645 3348 semper.
693 3279 866 3348 tulgmuun
874 3281 940 3334 neu.
988 3283 1117 3337 ¹Perraebiu
1127 3289 1202 3340 Gran.

190 3391 213 3427 ⁵⁸
226 3389 242 3420 '
255 3385 330 3445 Quum
346 3391 420 3441 mml
436 3394 461 3442 in
479 3405 502 3441 su
520 3393 576 3440 usrts'
592 3392 665 3440 creda.
729 3387 751 3425 θ’
765 3389 780 3420 ⁸
791 3387 898 3456 Inonem]
913 3391 1064 3452 Alternstim,
1080 3394 1113 3444 its
1133 3407 1159 3446 ut
1176 3395 1202 3446 in
1292 3445 1294 3450 ,

154 3466 190 3508 ret
202 3493 209 3508 .
221 3491 227 3506 .
239 3492 246 3508 .
257 3456 349 3522 ndum]
365 3456 445 3506 Quum
462 3457 544 3507 consul
560 3457 664 3506 crederet
696 3457 774 3508 orbem
785 3457 892 3505 conones
910 3473 990 3508 omnes
1001 3475 1030 3510 eo
1040 3475 1136 3512 inuuere
1147 3462 1202 3512 iuu-

157 3539 188 3572 ex
209 3537 240 3572 eo
258 3524 369 3586 pendere,
386 3521 464 3585 quales
484 3524 572 3571 animos
591 3523 663 3571 ceteri
695 3535 811 3584 gerentur.

155 3587 262 3638 nenti
272 3603 324 3648 erga
335 3585 450 3636 Romanu
460 3587 560 3638 habituri
576 3597 663 3650 essem,
725 3585 749 3622 ⁶⁹
764 3583 878 3650 Anam]
898 3589 970 3642 Certs
984 3603 1009 3642 et
1028 3589 1098 3655 probs
1109 3591 1203 3644 Grono-

156 3653 256 3718 siptimi
273 3656 321 3703 vim
332 3654 458 3704 Romanam
475 3671 522 3704 non
540 3654 662 3704 sustinnis-
695 3653 727 3700 vii
755 3653 893 3713 emendatio,
919 3671 988 3718 quam
1015 3669 1080 3706 extra
1107 3675 1204 3708 omnem

155 3730 224 3767 seut:
242 3720 275 3767 its
284 3721 378 3769 demum
395 3733 483 3770 eeteros
492 3719 613 3769 Thessalus
624 3719 661 3767 in·
694 3717 858 3767 dubitationem
891 3733 980 3784 ponunt
1012 3721 1062 3770 hac
1089 3723 1158 3771 verbs
1184 3725 1204 3774 l.

154 3783 235 3832 chari
246 3801 311 3848 posse
321 3786 351 3833 sd
362 3786 584 3849 Rcmmmdiiqui
596 3785 663 3849 primi
694 3795 797 3832 xxxin.
808 3799 830 3830 c.
840 3787 865 3832 4.
881 3786 911 3832 ad
926 3787 1060 3836 straverant
1072 3785 1143 3846 ριὼω
1154 3785 1202 3834 Rc-

156 3851 279 3914 oppugnsti
300 3851 378 3900 foreat
398 3852 445 3902 vim
467 3853 594 3902 Romanam
615 3865 662 3900 nun
693 3863 774 3896 manu.
805 3845 921 3897 Librihoc
939 3849 991 3898 loco
1008 3865 1075 3898 cortu
1103 3851 1202 3909 'susan

156 3915 328 3965 sustinuissent.
696 3911 857 3978 habebantque
877 3915 907 3960 ud
926 3915 1028 3978 anagn,
1052 3928 1079 3962 ve
1115 3916 1146 3962 au
1166 3930 1204 3964 ss·

189 3980 211 4016 ω
226 3979 517 4044 AblstrvpolistaPisru]
535 3980 662 4044 locopos-
694 3993 753 4042 gera.

157 4044 250 4092 terioris
269 4047 369 4094 nominis
385 4046 442 4108 legit
459 4046 565 4108 Sigonius
576 4045 662 4104 Piuliu,
728 4038 750 4076 ω
776 4040 814 4088 Ad
833 4039 923 4089 nom
940 4039 1047 4103 imunt]
1071 4039 1202 4092 Glareanus

157 4111 272 4170 quaeurbs
282 4122 319 4160 est
328 4109 663 4174 thennimtenssnphsno.
697 4105 804 4155 emendat
825 4103 980 4180 hepaticam..
996 4105 1117 4181 'Sigusrius
1136 4121 1203 4173 putat

156 4173 234 4224 Pissis
253 4187 290 4226 est
308 4178 372 4238 regio
389 4177 543 4226 Macedonia.
575 4175 664 4224 Pisi-ons
697 4170 1041 4232 esoessm‚qnoevulgodrertur
1049 4171 1121 4231 Some,
1133 4190 1201 4237 quam

159 4243 239 4292 orbem
250 4243 338 4290 nullum
348 4242 461 4292 novimus.
712 4237 799 4298 letique
810 4235 915 4284 esmdetn
928 4251 976 4284 ests
987 4250 1039 4284 curn
1053 4237 1202 4302 Cephallenia

187 4305 210 4341 ⁶⁰
220 4307 236 4335 ⁶
247 4305 405 4370 Digmvpus
420 4309 446 4356 in
463 4301 556 4366 campos]
576 4304 664 4353 Melius
697 4301 770 4350 insula
781 4316 829 4347 esse
840 4311 931 4362 putant,
950 4297 1038 4350 Plinius
1055 4314 1079 4350 et
1092 4303 1156 4354 Mela
1166 4305 1202 4354 ‹li-

156 4373 274 4435 dsgrctstu.
298 4372 411 4420 litardus
422 4382 446 4419 et
455 4381 562 4418 montem
572 4371 664 4430 regione
697 4382 785 4418 versatu
795 4365 891 4417 facium.

157 4433 664 4502 comddescenderstincumposlhessuliae.
