<?xml version="1.0" encoding="UTF-8"?>
<!DOCTYPE html PUBLIC "-//W3C//DTD XHTML 1.0 Transitional//EN"
    "http://www.w3.org/TR/xhtml1/DTD/xhtml1-transitional.dtd">
<html xmlns="http://www.w3.org/1999/xhtml" xml:lang="en" lang="en">
 <head>
  <title>
</title>
<meta http-equiv="Content-Type" content="text/html;charset=utf-8" />
  <meta name='ocr-system' content='tesseract 3.04.00' />
  <meta name='ocr-capabilities' content='ocr_page ocr_carea ocr_par ocr_line ocrx_word'/>
</head>
<body>
  <div class='ocr_page' id='page_1' title='image "./tliviipatavinih00grongoog_0509.png"; bbox 0 0 3026 5164; ppageno 0'>
   <div class='ocr_carea' id='block_1_1' title="bbox 449 394 1169 457">
    <p class='ocr_par' dir='ltr' id='par_1_1' title="bbox 449 394 1169 457">
     <span class='ocr_line' id='line_1_1' title="bbox 449 394 1169 457; baseline 0.006 -5"><span class='ocrx_word' id='word_1_1' title='bbox 449 395 527 455; x_wconf 75' lang='lat' dir='ltr'><strong>Llli.</strong></span> <span class='ocrx_word' id='word_1_2' title='bbox 543 395 611 454; x_wconf 84' lang='lat' dir='ltr'><strong>XL.</strong></span> <span class='ocrx_word' id='word_1_3' title='bbox 631 394 714 452; x_wconf 76' lang='lat' dir='ltr'><strong>cnl’.</strong></span> <span class='ocrx_word' id='word_1_4' title='bbox 726 395 839 454; x_wconf 84' lang='lat' dir='ltr'>XLIX.</span> <span class='ocrx_word' id='word_1_5' title='bbox 1109 403 1169 457; x_wconf 80' lang='lat'><strong>499</strong></span> 
     </span>
    </p>
   </div>
   <div class='ocr_carea' id='block_1_2' title="bbox 64 545 1324 3980">
    <p class='ocr_par' dir='ltr' id='par_1_2' title="bbox 122 545 1321 814">
     <span class='ocr_line' id='line_1_2' title="bbox 122 545 1321 631; baseline 0.002 -25"><span class='ocrx_word' id='word_1_6' title='bbox 122 545 243 627; x_wconf 82' lang='lat' dir='ltr'><strong>siguum</strong></span> <span class='ocrx_word' id='word_1_7' title='bbox 265 549 459 628; x_wconf 85' lang='lat' dir='ltr'><strong>convenerat)</strong></span> <span class='ocrx_word' id='word_1_8' title='bbox 477 548 679 626; x_wconf 72' lang='lat' dir='ltr'><strong>sustulissent,</strong></span> <span class='ocrx_word' id='word_1_9' title='bbox 695 548 833 612; x_wconf 86' lang='lat' dir='ltr'><strong>destituti</strong></span> <span class='ocrx_word' id='word_1_10' title='bbox 849 549 888 611; x_wconf 87' lang='lat' dir='ltr'><strong>sb</strong></span> <span class='ocrx_word' id='word_1_11' title='bbox 902 548 994 611; x_wconf 75' lang='lat' dir='ltr'><strong>uarice</strong></span> <span class='ocrx_word' id='word_1_12' title='bbox 1007 569 1062 631; x_wconf 91' lang='lat' dir='ltr'><strong>spe</strong></span> <span class='ocrx_word' id='word_1_13' title='bbox 1076 551 1165 613; x_wconf 85' lang='lat' dir='ltr'><strong>auxi·</strong></span> <span class='ocrx_word' id='word_1_14' title='bbox 1179 559 1212 612; x_wconf 79' lang='grc' dir='ltr'><strong>υ.</strong></span> <span class='ocrx_word' id='word_1_15' title='bbox 1224 558 1254 608; x_wconf 85' lang='lat' dir='ltr'><strong>e.</strong></span> <span class='ocrx_word' id='word_1_16' title='bbox 1264 563 1321 612; x_wconf 79' lang='lat'><strong>⁵73.</strong></span> 
     </span>
     <span class='ocr_line' id='line_1_3' title="bbox 125 615 1319 716; baseline 0.005 -24"><span class='ocrx_word' id='word_1_17' title='bbox 125 632 170 710; x_wconf 93' lang='lat' dir='ltr'><strong>lii,</strong></span> <span class='ocrx_word' id='word_1_18' title='bbox 185 633 217 694; x_wconf 94' lang='lat' dir='ltr'><strong>in</strong></span> <span class='ocrx_word' id='word_1_19' title='bbox 232 631 421 696; x_wconf 87' lang='lat' dir='ltr'><strong>deditionem</strong></span> <span class='ocrx_word' id='word_1_20' title='bbox 436 646 591 696; x_wconf 81' lang='lat' dir='ltr'><strong>venerrmt.</strong></span> <span class='ocrx_word' id='word_1_21' title='bbox 612 637 638 681; x_wconf 87' lang='lat'><strong>⁷⁷</strong></span> <span class='ocrx_word' id='word_1_22' title='bbox 650 636 820 698; x_wconf 78' lang='lat' dir='ltr'><strong>sestertium</strong></span> <span class='ocrx_word' id='word_1_23' title='bbox 835 645 942 716; x_wconf 87' lang='lat' dir='ltr'><strong>quater</strong></span> <span class='ocrx_word' id='word_1_24' title='bbox 963 646 996 698; x_wconf 89' lang='lat' dir='ltr'><strong>et</strong></span> <span class='ocrx_word' id='word_1_25' title='bbox 1013 635 1105 698; x_wconf 85' lang='lat' dir='ltr'><strong>vicies</strong></span> <span class='ocrx_word' id='word_1_26' title='bbox 1124 637 1164 698; x_wconf 88' lang='lat' dir='ltr'><strong>ab</strong></span> <span class='ocrx_word' id='word_1_27' title='bbox 1178 615 1212 673; x_wconf 65' lang='grc' dir='ltr'><strong>Ᾰ·</strong></span> <span class='ocrx_word' id='word_1_28' title='bbox 1223 623 1252 673; x_wconf 80' lang='lat'><strong>⁰·</strong></span> <span class='ocrx_word' id='word_1_29' title='bbox 1266 626 1319 675; x_wconf 85' lang='lat'>¹⁷⁹·</span> 
     </span>
     <span class='ocr_line' id='line_1_4' title="bbox 122 717 1164 814; baseline 0.006 -36"><span class='ocrx_word' id='word_1_30' title='bbox 122 717 159 778; x_wconf 90' lang='lat' dir='ltr'><strong>iis</strong></span> <span class='ocrx_word' id='word_1_31' title='bbox 182 728 228 814; x_wconf 77' lang='lat' dir='ltr'><strong>eqt</strong></span> <span class='ocrx_word' id='word_1_32' title='bbox 250 730 402 798; x_wconf 84' lang='lat' dir='ltr'><strong>exactum,</strong></span> <span class='ocrx_word' id='word_1_33' title='bbox 420 719 622 801; x_wconf 72' lang='lat' dir='ltr'><strong>quodraginta</strong></span> <span class='ocrx_word' id='word_1_34' title='bbox 643 720 822 783; x_wconf 84' lang='lat' dir='ltr'><strong>nobilissimi</strong></span> <span class='ocrx_word' id='word_1_35' title='bbox 844 721 979 802; x_wconf 81' lang='lat' dir='ltr'><strong>equites:</strong></span> <span class='ocrx_word' id='word_1_36' title='bbox 1002 741 1059 784; x_wconf 87' lang='lat' dir='ltr'><strong>nec</strong></span> <span class='ocrx_word' id='word_1_37' title='bbox 1081 723 1164 784; x_wconf 64' lang='lat' dir='ltr'><strong>obsi*</strong></span> 
     </span>
    </p>

    <p class='ocr_par' dir='ltr' id='par_1_3' title="bbox 123 802 1165 891">
     <span class='ocr_line' id='line_1_5' title="bbox 123 802 1165 891; baseline 0.007 -27"><span class='ocrx_word' id='word_1_38' title='bbox 123 802 197 865; x_wconf 92' lang='lat' dir='ltr'><strong>dum</strong></span> <span class='ocrx_word' id='word_1_39' title='bbox 219 805 354 882; x_wconf 88' lang='lat' dir='ltr'><strong>nomine,</strong></span> <span class='ocrx_word' id='word_1_40' title='bbox 371 805 455 883; x_wconf 88' lang='lat' dir='ltr'><strong>(nam</strong></span> <span class='ocrx_word' id='word_1_41' title='bbox 471 805 601 868; x_wconf 87' lang='lat' dir='ltr'><strong>militare</strong></span> <span class='ocrx_word' id='word_1_42' title='bbox 618 804 694 887; x_wconf 90' lang='lat' dir='ltr'><strong>jussi</strong></span> <span class='ocrx_word' id='word_1_43' title='bbox 709 807 793 887; x_wconf 80' lang='lat' dir='ltr'><strong>sant)</strong></span> <span class='ocrx_word' id='word_1_44' title='bbox 811 818 843 868; x_wconf 91' lang='lat' dir='ltr'><strong>et</strong></span> <span class='ocrx_word' id='word_1_45' title='bbox 863 817 967 869; x_wconf 67' lang='lat' dir='ltr'><strong>nmen</strong></span> <span class='ocrx_word' id='word_1_46' title='bbox 988 808 1116 891; x_wconf 88' lang='lat' dir='ltr'><strong>reipsa,</strong></span> <span class='ocrx_word' id='word_1_47' title='bbox 1130 819 1165 870; x_wconf 90' lang='lat' dir='ltr'><strong>ut</strong></span> 
     </span>
    </p>

    <p class='ocr_par' dir='ltr' id='par_1_4' title="bbox 121 889 445 970">
     <span class='ocr_line' id='line_1_6' title="bbox 121 889 445 970; baseline 0.012 -21"><span class='ocrx_word' id='word_1_48' title='bbox 121 889 233 970; x_wconf 79' lang='lat' dir='ltr'><strong>pignus</strong></span> <span class='ocrx_word' id='word_1_49' title='bbox 247 891 319 952; x_wconf 84' lang='lat' dir='ltr'><strong>fidei</strong></span> <span class='ocrx_word' id='word_1_50' title='bbox 335 903 445 954; x_wconf 81' lang='lat' dir='ltr'><strong>essent.</strong></span> 
     </span>
    </p>

    <p class='ocr_par' dir='ltr' id='par_1_5' title="bbox 120 971 1301 2758">
     <span class='ocr_line' id='line_1_7' title="bbox 166 971 1301 1062; baseline 0.004 -26"><span class='ocrx_word' id='word_1_51' title='bbox 166 971 309 1038; x_wconf 84' lang='lat' dir='ltr'><strong>XbVlll.</strong></span> <span class='ocrx_word' id='word_1_52' title='bbox 339 975 414 1040; x_wconf 90' lang='lat' dir='ltr'><strong>lnde</strong></span> <span class='ocrx_word' id='word_1_53' title='bbox 438 976 505 1059; x_wconf 84' lang='lat' dir='ltr'><strong>jam</strong></span> <span class='ocrx_word' id='word_1_54' title='bbox 536 977 624 1040; x_wconf 87' lang='lat' dir='ltr'><strong>duxit</strong></span> <span class='ocrx_word' id='word_1_55' title='bbox 650 975 691 1038; x_wconf 88' lang='lat' dir='ltr'><strong>ad</strong></span> <span class='ocrx_word' id='word_1_56' title='bbox 716 976 813 1041; x_wconf 84' lang='lat' dir='ltr'><strong>Alcen</strong></span> <span class='ocrx_word' id='word_1_57' title='bbox 842 979 959 1057; x_wconf 89' lang='lat' dir='ltr'><strong>urbem,</strong></span> <span class='ocrx_word' id='word_1_58' title='bbox 988 979 1041 1040; x_wconf 90' lang='lat' dir='ltr'><strong>ubi</strong></span> <span class='ocrx_word' id='word_1_59' title='bbox 1067 987 1301 1062; x_wconf 66' lang='lat' dir='ltr'><strong>matronaliter</strong></span> 
     </span>
     <span class='ocr_line' id='line_1_8' title="bbox 123 1058 1299 1165; baseline 0.007 -43"><span class='ocrx_word' id='word_1_60' title='bbox 123 1058 346 1124; x_wconf 86' lang='lat' dir='ltr'><strong>Celtiberorum</strong></span> <span class='ocrx_word' id='word_1_61' title='bbox 374 1077 471 1141; x_wconf 88' lang='lat' dir='ltr'><strong>erant,</strong></span> <span class='ocrx_word' id='word_1_62' title='bbox 501 1084 519 1125; x_wconf 89' lang='lat' dir='ltr'><strong>e</strong></span> <span class='ocrx_word' id='word_1_63' title='bbox 546 1064 652 1145; x_wconf 89' lang='lat' dir='ltr'><strong>quibus</strong></span> <span class='ocrx_word' id='word_1_64' title='bbox 681 1075 827 1126; x_wconf 85' lang='lat' dir='ltr'><strong>venerant</strong></span> <span class='ocrx_word' id='word_1_65' title='bbox 856 1067 952 1145; x_wconf 79' lang='lat' dir='ltr'><strong>&#39;nuper</strong></span> <span class='ocrx_word' id='word_1_66' title='bbox 979 1064 1082 1146; x_wconf 79' lang='lat' dir='ltr'><strong>legati.</strong></span> <span class='ocrx_word' id='word_1_67' title='bbox 1108 1062 1299 1165; x_wconf 44' lang='lat' dir='ltr'><strong>&#39;sagunti&#39;</strong></span> 
     </span>
     <span class='ocr_line' id='line_1_9' title="bbox 122 1116 1298 1230; baseline 0.002 -20"><span class='ocrx_word' id='word_1_68' title='bbox 122 1157 215 1228; x_wconf 86' lang='lat' dir='ltr'><strong>quum</strong></span> <span class='ocrx_word' id='word_1_69' title='bbox 230 1167 284 1230; x_wconf 90' lang='lat' dir='ltr'><strong>per</strong></span> <span class='ocrx_word' id='word_1_70' title='bbox 306 1149 422 1229; x_wconf 87' lang='lat' dir='ltr'><strong>aliquot</strong></span> <span class='ocrx_word' id='word_1_71' title='bbox 444 1149 518 1228; x_wconf 89' lang='lat' dir='ltr'><strong>dies,</strong></span> <span class='ocrx_word' id='word_1_72' title='bbox 535 1159 719 1211; x_wconf 88' lang='lat' dir='ltr'><strong>armaturam</strong></span> <span class='ocrx_word' id='word_1_73' title='bbox 735 1150 830 1211; x_wconf 86' lang='lat' dir='ltr'><strong>levem</strong></span> <span class='ocrx_word' id='word_1_74' title='bbox 846 1149 1031 1213; x_wconf 89' lang='lat' dir='ltr'><strong>inmittendo</strong></span> <span class='ocrx_word' id='word_1_75' title='bbox 1053 1151 1085 1211; x_wconf 92' lang='lat' dir='ltr'><strong>in</strong></span> <span class='ocrx_word' id='word_1_76' title='bbox 1102 1161 1165 1213; x_wconf 89' lang='lat' dir='ltr'><strong>sta·</strong></span> <span class='ocrx_word' id='word_1_77' title='bbox 1199 1116 1298 1166; x_wconf 53' lang='lat' dir='ltr'><strong>‘hm&#39;</strong></span> 
     </span>
     <span class='ocr_line' id='line_1_10' title="bbox 121 1231 1166 1318; baseline 0.007 -26"><span class='ocrx_word' id='word_1_78' title='bbox 121 1231 232 1310; x_wconf 89' lang='lat' dir='ltr'><strong>tiones,</strong></span> <span class='ocrx_word' id='word_1_79' title='bbox 254 1234 424 1298; x_wconf 74' lang='lat' dir='ltr'><strong>lacessisset</strong></span> <span class='ocrx_word' id='word_1_80' title='bbox 444 1236 541 1318; x_wconf 85' lang='lat' dir='ltr'><strong>parvis</strong></span> <span class='ocrx_word' id='word_1_81' title='bbox 563 1235 688 1318; x_wconf 85' lang='lat' dir='ltr'><strong>proeliis,</strong></span> <span class='ocrx_word' id='word_1_82' title='bbox 710 1236 742 1296; x_wconf 92' lang='lat' dir='ltr'><strong>in</strong></span> <span class='ocrx_word' id='word_1_83' title='bbox 764 1235 830 1298; x_wconf 89' lang='lat' dir='ltr'><strong>dies</strong></span> <span class='ocrx_word' id='word_1_84' title='bbox 852 1235 969 1316; x_wconf 89' lang='lat' dir='ltr'><strong>majora</strong></span> <span class='ocrx_word' id='word_1_85' title='bbox 997 1237 1166 1304; x_wconf 86' lang='lat' dir='ltr'><strong>certamina</strong></span> 
     </span>
     <span class='ocr_line' id='line_1_11' title="bbox 120 1317 1164 1404; baseline 0.006 -25"><span class='ocrx_word' id='word_1_86' title='bbox 120 1317 251 1397; x_wconf 88' lang='lat' dir='ltr'><strong>serebat,</strong></span> <span class='ocrx_word' id='word_1_87' title='bbox 265 1330 300 1380; x_wconf 91' lang='lat' dir='ltr'><strong>ut</strong></span> <span class='ocrx_word' id='word_1_88' title='bbox 320 1339 426 1382; x_wconf 90' lang='lat' dir='ltr'><strong>omnes</strong></span> <span class='ocrx_word' id='word_1_89' title='bbox 448 1332 536 1384; x_wconf 84' lang='lat' dir='ltr'><strong>extra</strong></span> <span class='ocrx_word' id='word_1_90' title='bbox 554 1321 738 1384; x_wconf 88' lang='lat' dir='ltr'><strong>munitiones</strong></span> <span class='ocrx_word' id='word_1_91' title='bbox 753 1321 887 1384; x_wconf 82' lang='lat' dir='ltr'><strong>eliceret.</strong></span> <span class='ocrx_word' id='word_1_92' title='bbox 902 1323 965 1400; x_wconf 89' lang='lat' dir='ltr'><strong>ubi,</strong></span> <span class='ocrx_word' id='word_1_93' title='bbox 980 1323 1063 1403; x_wconf 91' lang='lat' dir='ltr'><strong>quod</strong></span> <span class='ocrx_word' id='word_1_94' title='bbox 1076 1335 1164 1404; x_wconf 88' lang='lat' dir='ltr'><strong>pete·</strong></span> 
     </span>
     <span class='ocr_line' id='line_1_12' title="bbox 120 1403 1166 1490; baseline 0.006 -25"><span class='ocrx_word' id='word_1_95' title='bbox 120 1403 220 1483; x_wconf 90' lang='lat' dir='ltr'><strong>batur,</strong></span> <span class='ocrx_word' id='word_1_96' title='bbox 249 1406 344 1467; x_wconf 84' lang='lat' dir='ltr'><strong>sensit</strong></span> <span class='ocrx_word' id='word_1_97' title='bbox 374 1406 527 1486; x_wconf 82' lang='lat' dir='ltr'><strong>effectum,</strong></span> <span class='ocrx_word' id='word_1_98' title='bbox 558 1407 737 1469; x_wconf 86' lang='lat' dir='ltr'><strong>auxiliorum</strong></span> <span class='ocrx_word' id='word_1_99' title='bbox 771 1409 921 1489; x_wconf 74' lang='lat' dir='ltr'><strong>prefectis</strong></span> <span class='ocrx_word' id='word_1_100' title='bbox 949 1409 1091 1490; x_wconf 85' lang='lat' dir='ltr'><strong>imperat,</strong></span> <span class='ocrx_word' id='word_1_101' title='bbox 1121 1423 1166 1486; x_wconf 92' lang='lat' dir='ltr'><strong>ut,</strong></span> 
     </span>
     <span class='ocr_line' id='line_1_13' title="bbox 120 1492 1166 1576; baseline 0.005 -25"><span class='ocrx_word' id='word_1_102' title='bbox 120 1501 282 1553; x_wconf 90' lang='lat' dir='ltr'><strong>contracto</strong></span> <span class='ocrx_word' id='word_1_103' title='bbox 303 1492 479 1570; x_wconf 70' lang='lat' dir='ltr'><strong>certamine,</strong></span> <span class='ocrx_word' id='word_1_104' title='bbox 494 1505 649 1574; x_wconf 77' lang='lat' dir='ltr'><strong>tamquam</strong></span> <span class='ocrx_word' id='word_1_105' title='bbox 671 1493 867 1574; x_wconf 88' lang='lat' dir='ltr'><strong>multitudine</strong></span> <span class='ocrx_word' id='word_1_106' title='bbox 882 1505 1102 1576; x_wconf 76' lang='lat' dir='ltr'><strong>superarentur,</strong></span> <span class='ocrx_word' id='word_1_107' title='bbox 1117 1515 1166 1555; x_wconf 89' lang='lat' dir='ltr'><strong>re-</strong></span> 
     </span>
     <span class='ocr_line' id='line_1_14' title="bbox 122 1578 1167 1662; baseline 0.003 -25"><span class='ocrx_word' id='word_1_108' title='bbox 122 1585 213 1658; x_wconf 86' lang='lat' dir='ltr'><strong>pente</strong></span> <span class='ocrx_word' id='word_1_109' title='bbox 229 1579 324 1658; x_wconf 77' lang='lat' dir='ltr'><strong>tergis</strong></span> <span class='ocrx_word' id='word_1_110' title='bbox 339 1578 430 1656; x_wconf 92' lang='lat' dir='ltr'><strong>datis,</strong></span> <span class='ocrx_word' id='word_1_111' title='bbox 442 1579 482 1640; x_wconf 87' lang='lat' dir='ltr'><strong>ad</strong></span> <span class='ocrx_word' id='word_1_112' title='bbox 497 1589 598 1640; x_wconf 86' lang='lat' dir='ltr'><strong>castra</strong></span> <span class='ocrx_word' id='word_1_113' title='bbox 612 1578 705 1641; x_wconf 81' lang='lat' dir='ltr'><strong>effuse</strong></span> <span class='ocrx_word' id='word_1_114' title='bbox 720 1579 869 1660; x_wconf 74' lang='lat' dir='ltr'><strong>fingerent.</strong></span> <span class='ocrx_word' id='word_1_115' title='bbox 883 1580 949 1662; x_wconf 91' lang='lat' dir='ltr'><strong>ipse</strong></span> <span class='ocrx_word' id='word_1_116' title='bbox 964 1581 1045 1642; x_wconf 90' lang='lat' dir='ltr'><strong>intra</strong></span> <span class='ocrx_word' id='word_1_117' title='bbox 1054 1579 1167 1641; x_wconf 84' lang='lat' dir='ltr'><strong>vallum</strong></span> 
     </span>
     <span class='ocr_line' id='line_1_15' title="bbox 123 1661 1174 1748; baseline 0.009 -25"><span class='ocrx_word' id='word_1_118' title='bbox 123 1661 164 1723; x_wconf 89' lang='lat' dir='ltr'><strong>ad</strong></span> <span class='ocrx_word' id='word_1_119' title='bbox 180 1683 284 1726; x_wconf 88' lang='lat' dir='ltr'><strong>omnes</strong></span> <span class='ocrx_word' id='word_1_120' title='bbox 299 1674 404 1746; x_wconf 84' lang='lat' dir='ltr'><strong>portas</strong></span> <span class='ocrx_word' id='word_1_121' title='bbox 427 1664 569 1726; x_wconf 83' lang='lat' dir='ltr'><strong>instruxit</strong></span> <span class='ocrx_word' id='word_1_122' title='bbox 590 1665 705 1746; x_wconf 86' lang='lat' dir='ltr'><strong>copies.</strong></span> <span class='ocrx_word' id='word_1_123' title='bbox 760 1661 855 1726; x_wconf 85' lang='lat' dir='ltr'><strong>Hand</strong></span> <span class='ocrx_word' id='word_1_124' title='bbox 869 1665 998 1727; x_wconf 89' lang='lat' dir='ltr'><strong>multum</strong></span> <span class='ocrx_word' id='word_1_125' title='bbox 1021 1665 1174 1748; x_wconf 87' lang='lat' dir='ltr'><strong>temporis.</strong></span> 
     </span>
     <span class='ocr_line' id='line_1_16' title="bbox 122 1749 1166 1833; baseline 0.002 -23"><span class='ocrx_word' id='word_1_126' title='bbox 122 1749 302 1827; x_wconf 75' lang='lat' dir='ltr'><strong>intercessit,</strong></span> <span class='ocrx_word' id='word_1_127' title='bbox 317 1769 410 1831; x_wconf 90' lang='lat' dir='ltr'><strong>quum</strong></span> <span class='ocrx_word' id='word_1_128' title='bbox 425 1767 465 1812; x_wconf 81' lang='lat' dir='ltr'><strong>ex</strong></span> <span class='ocrx_word' id='word_1_129' title='bbox 479 1751 651 1833; x_wconf 87' lang='lat' dir='ltr'><strong>composito</strong></span> <span class='ocrx_word' id='word_1_130' title='bbox 672 1751 887 1831; x_wconf 75' lang='lat' dir='ltr'><strong>retingientium</strong></span> <span class='ocrx_word' id='word_1_131' title='bbox 906 1771 1029 1812; x_wconf 88' lang='lat' dir='ltr'><strong>suorum</strong></span> <span class='ocrx_word' id='word_1_132' title='bbox 1045 1769 1166 1830; x_wconf 81' lang='lat' dir='ltr'><strong>agmen,</strong></span> 
     </span>
     <span class='ocr_line' id='line_1_17' title="bbox 123 1834 1167 1917; baseline 0 -21"><span class='ocrx_word' id='word_1_133' title='bbox 123 1844 193 1916; x_wconf 87' lang='lat' dir='ltr'><strong>post</strong></span> <span class='ocrx_word' id='word_1_134' title='bbox 218 1835 311 1896; x_wconf 81' lang='lat' dir='ltr'><strong>effuse</strong></span> <span class='ocrx_word' id='word_1_135' title='bbox 336 1849 496 1917; x_wconf 79' lang='lat' dir='ltr'><strong>sequentes</strong></span> <span class='ocrx_word' id='word_1_136' title='bbox 522 1836 667 1898; x_wconf 86' lang='lat' dir='ltr'><strong>barbaros</strong></span> <span class='ocrx_word' id='word_1_137' title='bbox 692 1837 862 1917; x_wconf 86' lang='lat' dir='ltr'><strong>conspexit.</strong></span> <span class='ocrx_word' id='word_1_138' title='bbox 920 1834 1101 1896; x_wconf 80' lang='lat' dir='ltr'><strong>Instructam</strong></span> <span class='ocrx_word' id='word_1_139' title='bbox 1127 1836 1167 1896; x_wconf 92' lang='lat' dir='ltr'><strong>ad</strong></span> 
     </span>
     <span class='ocr_line' id='line_1_18' title="bbox 122 1920 1167 2004; baseline 0 -22"><span class='ocrx_word' id='word_1_140' title='bbox 122 1920 182 1982; x_wconf 89' lang='lat' dir='ltr'><strong>boc</strong></span> <span class='ocrx_word' id='word_1_141' title='bbox 204 1920 305 2004; x_wconf 90' lang='lat' dir='ltr'><strong>ipsum</strong></span> <span class='ocrx_word' id='word_1_142' title='bbox 328 1922 411 1984; x_wconf 84' lang='lat' dir='ltr'><strong>intra</strong></span> <span class='ocrx_word' id='word_1_143' title='bbox 428 1922 542 1982; x_wconf 84' lang='lat' dir='ltr'><strong>vallum</strong></span> <span class='ocrx_word' id='word_1_144' title='bbox 557 1923 690 1983; x_wconf 84' lang='lat' dir='ltr'><strong>habebat</strong></span> <span class='ocrx_word' id='word_1_145' title='bbox 710 1922 818 1983; x_wconf 89' lang='lat' dir='ltr'><strong>aciem.</strong></span> <span class='ocrx_word' id='word_1_146' title='bbox 841 1922 943 2001; x_wconf 87' lang='lat' dir='ltr'><strong>itaque</strong></span> <span class='ocrx_word' id='word_1_147' title='bbox 964 1931 1084 1982; x_wconf 89' lang='lat' dir='ltr'><strong>tantum</strong></span> <span class='ocrx_word' id='word_1_148' title='bbox 1100 1937 1167 1982; x_wconf 88' lang='lat' dir='ltr'><strong>mo-</strong></span> 
     </span>
     <span class='ocr_line' id='line_1_19' title="bbox 123 2005 1204 2088; baseline 0.001 -21"><span class='ocrx_word' id='word_1_149' title='bbox 123 2015 217 2084; x_wconf 86' lang='lat' dir='ltr'><strong>ratus,</strong></span> <span class='ocrx_word' id='word_1_150' title='bbox 238 2017 273 2070; x_wconf 90' lang='lat' dir='ltr'><strong>ut</strong></span> <span class='ocrx_word' id='word_1_151' title='bbox 296 2027 365 2069; x_wconf 86' lang='lat' dir='ltr'><strong>snos</strong></span> <span class='ocrx_word' id='word_1_152' title='bbox 388 2005 523 2088; x_wconf 79' lang='lat' dir='ltr'><strong>refugere</strong></span> <span class='ocrx_word' id='word_1_153' title='bbox 546 2008 576 2067; x_wconf 91' lang='lat' dir='ltr'><strong>in</strong></span> <span class='ocrx_word' id='word_1_154' title='bbox 598 2007 809 2069; x_wconf 82' lang='lat' dir='ltr'><strong>castralibero</strong></span> <span class='ocrx_word' id='word_1_155' title='bbox 822 2007 948 2068; x_wconf 85' lang='lat' dir='ltr'><strong>introitu</strong></span> <span class='ocrx_word' id='word_1_156' title='bbox 963 2006 1166 2082; x_wconf 59' lang='lat' dir='ltr'><strong>sineret-cla-</strong></span> <span class='ocrx_word' id='word_1_157' title='bbox 1202 2031 1204 2036; x_wconf 87' lang='lat'><em>·</em></span> 
     </span>
     <span class='ocr_line' id='line_1_20' title="bbox 123 2089 1166 2176; baseline 0 -22"><span class='ocrx_word' id='word_1_158' title='bbox 123 2109 208 2154; x_wconf 88' lang='lat' dir='ltr'><strong>more</strong></span> <span class='ocrx_word' id='word_1_159' title='bbox 231 2093 361 2171; x_wconf 77' lang='lat' dir='ltr'><strong>niblato,</strong></span> <span class='ocrx_word' id='word_1_160' title='bbox 377 2093 466 2155; x_wconf 89' lang='lat' dir='ltr'><strong>simul</strong></span> <span class='ocrx_word' id='word_1_161' title='bbox 481 2093 621 2154; x_wconf 86' lang='lat' dir='ltr'><strong>omnibus</strong></span> <span class='ocrx_word' id='word_1_162' title='bbox 634 2093 730 2176; x_wconf 90' lang='lat' dir='ltr'><strong>portis</strong></span> <span class='ocrx_word' id='word_1_163' title='bbox 744 2094 855 2174; x_wconf 89' lang='lat' dir='ltr'><strong>erupit.</strong></span> <span class='ocrx_word' id='word_1_164' title='bbox 910 2089 982 2154; x_wconf 90' lang='lat' dir='ltr'><strong>Non</strong></span> <span class='ocrx_word' id='word_1_165' title='bbox 998 2092 1166 2154; x_wconf 80' lang='lat' dir='ltr'><strong>sustinuere</strong></span> 
     </span>
     <span class='ocr_line' id='line_1_21' title="bbox 122 2177 1167 2261; baseline -0.001 -22"><span class='ocrx_word' id='word_1_166' title='bbox 122 2178 260 2260; x_wconf 90' lang='lat' dir='ltr'><strong>inpetum</strong></span> <span class='ocrx_word' id='word_1_167' title='bbox 283 2179 500 2261; x_wconf 89' lang='lat' dir='ltr'><strong>necopinatum</strong></span> <span class='ocrx_word' id='word_1_168' title='bbox 515 2179 629 2240; x_wconf 86' lang='lat' dir='ltr'><strong>hostes.</strong></span> <span class='ocrx_word' id='word_1_169' title='bbox 652 2180 703 2260; x_wconf 93' lang='lat' dir='ltr'><strong>qui</strong></span> <span class='ocrx_word' id='word_1_170' title='bbox 724 2178 765 2240; x_wconf 91' lang='lat' dir='ltr'><strong>ad</strong></span> <span class='ocrx_word' id='word_1_171' title='bbox 779 2189 881 2239; x_wconf 89' lang='lat' dir='ltr'><strong>castra</strong></span> <span class='ocrx_word' id='word_1_172' title='bbox 895 2177 1101 2260; x_wconf 83' lang='lat' dir='ltr'><strong>obpugnanda</strong></span> <span class='ocrx_word' id='word_1_173' title='bbox 1114 2197 1167 2238; x_wconf 82' lang='lat' dir='ltr'><strong>ve·</strong></span> 
     </span>
     <span class='ocr_line' id='line_1_22' title="bbox 121 2261 1166 2348; baseline -0.004 -22"><span class='ocrx_word' id='word_1_174' title='bbox 121 2276 241 2344; x_wconf 89' lang='lat' dir='ltr'><strong>nerant,</strong></span> <span class='ocrx_word' id='word_1_175' title='bbox 256 2285 295 2326; x_wconf 90' lang='lat' dir='ltr'><strong>ne</strong></span> <span class='ocrx_word' id='word_1_176' title='bbox 317 2285 374 2326; x_wconf 89' lang='lat' dir='ltr'><strong>sua</strong></span> <span class='ocrx_word' id='word_1_177' title='bbox 390 2265 513 2348; x_wconf 90' lang='lat' dir='ltr'><strong>quidem</strong></span> <span class='ocrx_word' id='word_1_178' title='bbox 535 2265 613 2327; x_wconf 86' lang='lat' dir='ltr'><strong>tueri</strong></span> <span class='ocrx_word' id='word_1_179' title='bbox 634 2275 807 2347; x_wconf 88' lang='lat' dir='ltr'><strong>potuerunt.</strong></span> <span class='ocrx_word' id='word_1_180' title='bbox 830 2283 902 2325; x_wconf 83' lang='lat' dir='ltr'><strong>nam</strong></span> <span class='ocrx_word' id='word_1_181' title='bbox 925 2263 1082 2344; x_wconf 81' lang='lat' dir='ltr'><strong>extemplo</strong></span> <span class='ocrx_word' id='word_1_182' title='bbox 1096 2261 1166 2340; x_wconf 82' lang='lat' dir='ltr'><strong>lusi,</strong></span> 
     </span>
     <span class='ocr_line' id='line_1_23' title="bbox 124 2349 1166 2434; baseline -0.002 -22"><span class='ocrx_word' id='word_1_183' title='bbox 124 2351 232 2434; x_wconf 78' lang='lat' dir='ltr'><strong>bigeti,</strong></span> <span class='ocrx_word' id='word_1_184' title='bbox 244 2372 336 2424; x_wconf 80' lang='lat' dir='ltr'><strong>mon¹</strong></span> <span class='ocrx_word' id='word_1_185' title='bbox 349 2352 432 2421; x_wconf 80' lang='lat' dir='ltr'><strong>intra</strong></span> <span class='ocrx_word' id='word_1_186' title='bbox 452 2350 565 2413; x_wconf 78' lang='lat' dir='ltr'><strong>vallum</strong></span> <span class='ocrx_word' id='word_1_187' title='bbox 587 2362 731 2434; x_wconf 84' lang='lat' dir='ltr'><strong>paventes</strong></span> <span class='ocrx_word' id='word_1_188' title='bbox 746 2349 907 2431; x_wconf 89' lang='lat' dir='ltr'><strong>compulsi,</strong></span> <span class='ocrx_word' id='word_1_189' title='bbox 921 2361 1078 2431; x_wconf 86' lang='lat' dir='ltr'><strong>postremo</strong></span> <span class='ocrx_word' id='word_1_190' title='bbox 1092 2369 1166 2411; x_wconf 85' lang='lat' dir='ltr'><strong>exn·</strong></span> 
     </span>
     <span class='ocr_line' id='line_1_24' title="bbox 124 2434 1169 2518; baseline -0.002 -21"><span class='ocrx_word' id='word_1_191' title='bbox 124 2447 216 2498; x_wconf 81' lang='lat' dir='ltr'><strong>unarr</strong></span> <span class='ocrx_word' id='word_1_192' title='bbox 239 2439 357 2500; x_wconf 86' lang='lat' dir='ltr'><strong>castris.</strong></span> <span class='ocrx_word' id='word_1_193' title='bbox 411 2435 459 2499; x_wconf 75' lang='lat' dir='ltr'><strong>Eo</strong></span> <span class='ocrx_word' id='word_1_194' title='bbox 481 2437 531 2499; x_wconf 93' lang='lat' dir='ltr'><strong>die</strong></span> <span class='ocrx_word' id='word_1_195' title='bbox 555 2455 661 2499; x_wconf 81' lang='lat' dir='ltr'><strong>novem</strong></span> <span class='ocrx_word' id='word_1_196' title='bbox 684 2436 781 2498; x_wconf 88' lang='lat' dir='ltr'><strong>millia</strong></span> <span class='ocrx_word' id='word_1_197' title='bbox 801 2435 935 2498; x_wconf 89' lang='lat' dir='ltr'><strong>bostium</strong></span> <span class='ocrx_word' id='word_1_198' title='bbox 958 2455 1052 2497; x_wconf 75' lang='lat' dir='ltr'><strong>carso:</strong></span> <span class='ocrx_word' id='word_1_199' title='bbox 1084 2434 1169 2518; x_wconf 86' lang='lat' dir='ltr'><strong>capti</strong></span> 
     </span>
     <span class='ocr_line' id='line_1_25' title="bbox 125 2520 1171 2605; baseline -0.002 -22"><span class='ocrx_word' id='word_1_200' title='bbox 125 2522 182 2584; x_wconf 85' lang='lat' dir='ltr'><strong>vivi</strong></span> <span class='ocrx_word' id='word_1_201' title='bbox 204 2524 334 2586; x_wconf 87' lang='lat' dir='ltr'><strong>trecenti</strong></span> <span class='ocrx_word' id='word_1_202' title='bbox 356 2523 475 2605; x_wconf 80' lang='lat' dir='ltr'><strong>viginti,</strong></span> <span class='ocrx_word' id='word_1_203' title='bbox 497 2523 566 2604; x_wconf 86' lang='lat' dir='ltr'><strong>equi</strong></span> <span class='ocrx_word' id='word_1_204' title='bbox 589 2535 712 2586; x_wconf 82' lang='lat' dir='ltr'><strong>eentum</strong></span> <span class='ocrx_word' id='word_1_205' title='bbox 728 2521 901 2599; x_wconf 89' lang='lat' dir='ltr'><strong>duodecim,</strong></span> <span class='ocrx_word' id='word_1_206' title='bbox 917 2521 1005 2602; x_wconf 86' lang='lat' dir='ltr'><strong>signa</strong></span> <span class='ocrx_word' id='word_1_207' title='bbox 1026 2520 1171 2582; x_wconf 85' lang='lat' dir='ltr'><strong>militaria</strong></span> 
     </span>
     <span class='ocr_line' id='line_1_26' title="bbox 123 2606 1169 2692; baseline -0.003 -23"><span class='ocrx_word' id='word_1_208' title='bbox 123 2609 251 2689; x_wconf 83' lang='lat' dir='ltr'><strong>triginta</strong></span> <span class='ocrx_word' id='word_1_209' title='bbox 274 2619 401 2692; x_wconf 86' lang='lat' dir='ltr'><strong>septem.</strong></span> <span class='ocrx_word' id='word_1_210' title='bbox 428 2609 467 2672; x_wconf 91' lang='lat' dir='ltr'><strong>de</strong></span> <span class='ocrx_word' id='word_1_211' title='bbox 490 2610 626 2672; x_wconf 88' lang='lat' dir='ltr'><strong>exercitu</strong></span> <span class='ocrx_word' id='word_1_212' title='bbox 646 2608 787 2672; x_wconf 88' lang='lat' dir='ltr'><strong>Romano</strong></span> <span class='ocrx_word' id='word_1_213' title='bbox 810 2619 934 2670; x_wconf 90' lang='lat' dir='ltr'><strong>centum</strong></span> <span class='ocrx_word' id='word_1_214' title='bbox 958 2627 1068 2669; x_wconf 82' lang='lat' dir='ltr'><strong>novem</strong></span> <span class='ocrx_word' id='word_1_215' title='bbox 1089 2606 1169 2667; x_wconf 90' lang='lat' dir='ltr'><strong>ceci-</strong></span> 
     </span>
     <span class='ocr_line' id='line_1_27' title="bbox 122 2694 1135 2758; baseline -0.004 0"><span class='ocrx_word' id='word_1_216' title='bbox 122 2694 241 2758; x_wconf 85' lang='lat' dir='ltr'><strong>derunt.</strong></span> <span class='ocrx_word' id='word_1_217' title='bbox 1131 2745 1135 2754; x_wconf 49' lang='lat'><strong>.</strong></span> 
     </span>
    </p>

    <p class='ocr_par' dir='ltr' id='par_1_6' title="bbox 64 2777 1324 3980">
     <span class='ocr_line' id='line_1_28' title="bbox 165 2777 1167 2864; baseline -0.002 -22"><span class='ocrx_word' id='word_1_218' title='bbox 165 2778 279 2842; x_wconf 88' lang='lat' dir='ltr'><strong>Xle.</strong></span> <span class='ocrx_word' id='word_1_219' title='bbox 301 2779 350 2843; x_wconf 84' lang='lat' dir='ltr'><strong>Ab</strong></span> <span class='ocrx_word' id='word_1_220' title='bbox 365 2782 425 2843; x_wconf 88' lang='lat' dir='ltr'><strong>boe</strong></span> <span class='ocrx_word' id='word_1_221' title='bbox 440 2781 548 2864; x_wconf 82' lang='lat' dir='ltr'><strong>proelio</strong></span> <span class='ocrx_word' id='word_1_222' title='bbox 562 2779 719 2844; x_wconf 84' lang='lat' dir='ltr'><strong>Gracchus</strong></span> <span class='ocrx_word' id='word_1_223' title='bbox 735 2781 823 2842; x_wconf 86' lang='lat' dir='ltr'><strong>duxit</strong></span> <span class='ocrx_word' id='word_1_224' title='bbox 837 2780 876 2841; x_wconf 85' lang='lat' dir='ltr'><strong>ad</strong></span> <span class='ocrx_word' id='word_1_225' title='bbox 897 2777 1167 2861; x_wconf 84' lang='lat' dir='ltr'><strong>depopulandum·</strong></span> 
     </span>
     <span class='ocr_line' id='line_1_29' title="bbox 124 2865 1169 2948; baseline -0.005 -21"><span class='ocrx_word' id='word_1_226' title='bbox 124 2865 320 2928; x_wconf 85' lang='lat' dir='ltr'><strong>Celtiberiam</strong></span> <span class='ocrx_word' id='word_1_227' title='bbox 343 2867 489 2948; x_wconf 72' lang='lat' dir='ltr'><strong>legiones.</strong></span> <span class='ocrx_word' id='word_1_228' title='bbox 511 2879 554 2944; x_wconf 90' lang='lat' dir='ltr'><strong>et,</strong></span> <span class='ocrx_word' id='word_1_229' title='bbox 576 2887 670 2947; x_wconf 91' lang='lat' dir='ltr'><strong>quum</strong></span> <span class='ocrx_word' id='word_1_230' title='bbox 693 2867 786 2927; x_wconf 87' lang='lat' dir='ltr'><strong>ferret</strong></span> <span class='ocrx_word' id='word_1_231' title='bbox 807 2865 921 2945; x_wconf 88' lang='lat' dir='ltr'><strong>passim</strong></span> <span class='ocrx_word' id='word_1_232' title='bbox 945 2874 1056 2924; x_wconf 88' lang='lat' dir='ltr'><strong>cuncta</strong></span> <span class='ocrx_word' id='word_1_233' title='bbox 1077 2873 1169 2942; x_wconf 86' lang='lat' dir='ltr'><strong>atque</strong></span> 
     </span>
     <span class='ocr_line' id='line_1_30' title="bbox 124 2946 1169 3033; baseline -0.007 -20"><span class='ocrx_word' id='word_1_234' title='bbox 124 2964 239 3033; x_wconf 86' lang='lat' dir='ltr'><strong>ageret,</strong></span> <span class='ocrx_word' id='word_1_235' title='bbox 255 2952 419 3033; x_wconf 85' lang='lat' dir='ltr'><strong>populique</strong></span> <span class='ocrx_word' id='word_1_236' title='bbox 439 2952 490 3013; x_wconf 85' lang='lat' dir='ltr'><strong>alii</strong></span> <span class='ocrx_word' id='word_1_237' title='bbox 506 2953 671 3028; x_wconf 87' lang='lat' dir='ltr'><strong>voluntate,</strong></span> <span class='ocrx_word' id='word_1_238' title='bbox 686 2950 738 3010; x_wconf 88' lang='lat' dir='ltr'><strong>alii</strong></span> <span class='ocrx_word' id='word_1_239' title='bbox 760 2961 843 3010; x_wconf 90' lang='lat' dir='ltr'><strong>metu</strong></span> <span class='ocrx_word' id='word_1_240' title='bbox 862 2948 970 3029; x_wconf 84' lang='lat' dir='ltr'><strong>jugum</strong></span> <span class='ocrx_word' id='word_1_241' title='bbox 985 2946 1169 3031; x_wconf 84' lang='lat' dir='ltr'><strong>acciperent,</strong></span> 
     </span>
     <span class='ocr_line' id='line_1_31' title="bbox 123 3031 1324 3124; baseline -0.003 -26"><span class='ocrx_word' id='word_1_242' title='bbox 123 3049 246 3099; x_wconf 87' lang='lat' dir='ltr'><strong>centum</strong></span> <span class='ocrx_word' id='word_1_243' title='bbox 262 3038 321 3098; x_wconf 90' lang='lat' dir='ltr'><strong>tria</strong></span> <span class='ocrx_word' id='word_1_244' title='bbox 336 3037 451 3121; x_wconf 85' lang='lat' dir='ltr'><strong>oppida</strong></span> <span class='ocrx_word' id='word_1_245' title='bbox 472 3037 552 3099; x_wconf 89' lang='lat' dir='ltr'><strong>intra</strong></span> <span class='ocrx_word' id='word_1_246' title='bbox 566 3056 681 3119; x_wconf 86' lang='lat' dir='ltr'><strong>pancos</strong></span> <span class='ocrx_word' id='word_1_247' title='bbox 697 3035 760 3096; x_wconf 88' lang='lat' dir='ltr'><strong>dies</strong></span> <span class='ocrx_word' id='word_1_248' title='bbox 778 3037 810 3094; x_wconf 91' lang='lat' dir='ltr'><strong>in</strong></span> <span class='ocrx_word' id='word_1_249' title='bbox 826 3033 1013 3095; x_wconf 88' lang='lat' dir='ltr'><strong>deditionem</strong></span> <span class='ocrx_word' id='word_1_250' title='bbox 1028 3031 1166 3114; x_wconf 80' lang='lat' dir='ltr'><strong>accepit:</strong></span> <span class='ocrx_word' id='word_1_251' title='bbox 1181 3055 1324 3124; x_wconf 53' lang='lat' dir='ltr'><strong>0111„an</strong></span> 
     </span>
     <span class='ocr_line' id='line_1_32' title="bbox 123 3119 1300 3208; baseline -0.004 -24"><span class='ocrx_word' id='word_1_252' title='bbox 123 3123 226 3208; x_wconf 84' lang='lat' dir='ltr'><strong>praeda</strong></span> <span class='ocrx_word' id='word_1_253' title='bbox 253 3122 368 3205; x_wconf 85' lang='lat' dir='ltr'><strong>potitus</strong></span> <span class='ocrx_word' id='word_1_254' title='bbox 394 3124 510 3206; x_wconf 74' lang='lat' dir='ltr'><strong>ingenti</strong></span> <span class='ocrx_word' id='word_1_255' title='bbox 540 3135 596 3184; x_wconf 90' lang='lat' dir='ltr'><strong>est.</strong></span> <span class='ocrx_word' id='word_1_256' title='bbox 654 3119 813 3182; x_wconf 88' lang='lat' dir='ltr'><strong>Convertit</strong></span> <span class='ocrx_word' id='word_1_257' title='bbox 842 3119 913 3181; x_wconf 89' lang='lat' dir='ltr'><strong>inde</strong></span> <span class='ocrx_word' id='word_1_258' title='bbox 939 3139 1050 3200; x_wconf 86' lang='lat' dir='ltr'><strong>agmen</strong></span> <span class='ocrx_word' id='word_1_259' title='bbox 1075 3123 1300 3197; x_wconf 57' lang='lat' dir='ltr'><strong>rennerunt</strong></span> 
     </span>
     <span class='ocr_line' id='line_1_33' title="bbox 123 3185 1307 3289; baseline -0.005 -19"><span class='ocrx_word' id='word_1_260' title='bbox 123 3209 204 3270; x_wconf 90' lang='lat' dir='ltr'><strong>unde</strong></span> <span class='ocrx_word' id='word_1_261' title='bbox 219 3219 354 3287; x_wconf 83' lang='lat' dir='ltr'><strong>venerat,</strong></span> <span class='ocrx_word' id='word_1_262' title='bbox 369 3209 409 3272; x_wconf 91' lang='lat' dir='ltr'><strong>ad</strong></span> <span class='ocrx_word' id='word_1_263' title='bbox 422 3209 531 3288; x_wconf 88' lang='lat' dir='ltr'><strong>Alcen,</strong></span> <span class='ocrx_word' id='word_1_264' title='bbox 550 3219 642 3289; x_wconf 83' lang='lat' dir='ltr'><strong>atque</strong></span> <span class='ocrx_word' id='word_1_265' title='bbox 662 3227 730 3268; x_wconf 91' lang='lat' dir='ltr'><strong>eam</strong></span> <span class='ocrx_word' id='word_1_266' title='bbox 752 3207 858 3267; x_wconf 91' lang='lat' dir='ltr'><strong>urbem</strong></span> <span class='ocrx_word' id='word_1_267' title='bbox 880 3205 1057 3287; x_wconf 79' lang='lat' dir='ltr'><strong>obpugnare</strong></span> <span class='ocrx_word' id='word_1_268' title='bbox 1078 3203 1167 3265; x_wconf 88' lang='lat' dir='ltr'><strong>insti-</strong></span> <span class='ocrx_word' id='word_1_269' title='bbox 1181 3185 1307 3237; x_wconf 48' lang='lat' dir='ltr'><strong>&amp;mm</strong></span> 
     </span>
     <span class='ocr_line' id='line_1_34' title="bbox 124 3289 1167 3382; baseline -0.006 -25"><span class='ocrx_word' id='word_1_270' title='bbox 124 3296 172 3357; x_wconf 91' lang='lat' dir='ltr'><strong>tit.</strong></span> <span class='ocrx_word' id='word_1_271' title='bbox 224 3293 379 3378; x_wconf 89' lang='lat' dir='ltr'><strong>Oppidani</strong></span> <span class='ocrx_word' id='word_1_272' title='bbox 395 3296 525 3379; x_wconf 90' lang='lat' dir='ltr'><strong>primum</strong></span> <span class='ocrx_word' id='word_1_273' title='bbox 549 3293 693 3382; x_wconf 65' lang='lat' dir='ltr'><strong>inpetum</strong></span> <span class='ocrx_word' id='word_1_274' title='bbox 708 3292 843 3354; x_wconf 89' lang='lat' dir='ltr'><strong>bostium</strong></span> <span class='ocrx_word' id='word_1_275' title='bbox 865 3291 1088 3353; x_wconf 87' lang='lat' dir='ltr'><strong>sustinuerunt:</strong></span> <span class='ocrx_word' id='word_1_276' title='bbox 1113 3289 1167 3351; x_wconf 91' lang='lat' dir='ltr'><strong>de·</strong></span> 
     </span>
     <span class='ocr_line' id='line_1_35' title="bbox 122 3377 1168 3463; baseline -0.007 -21"><span class='ocrx_word' id='word_1_277' title='bbox 122 3381 205 3458; x_wconf 90' lang='lat' dir='ltr'><strong>inde,</strong></span> <span class='ocrx_word' id='word_1_278' title='bbox 220 3401 313 3462; x_wconf 89' lang='lat' dir='ltr'><strong>quum</strong></span> <span class='ocrx_word' id='word_1_279' title='bbox 331 3379 398 3463; x_wconf 89' lang='lat' dir='ltr'><strong>jam</strong></span> <span class='ocrx_word' id='word_1_280' title='bbox 414 3403 476 3442; x_wconf 91' lang='lat' dir='ltr'><strong>non</strong></span> <span class='ocrx_word' id='word_1_281' title='bbox 492 3381 582 3442; x_wconf 86' lang='lat' dir='ltr'><strong>armis</strong></span> <span class='ocrx_word' id='word_1_282' title='bbox 597 3380 701 3458; x_wconf 89' lang='lat' dir='ltr'><strong>modo,</strong></span> <span class='ocrx_word' id='word_1_283' title='bbox 716 3379 770 3440; x_wconf 92' lang='lat' dir='ltr'><strong>sed</strong></span> <span class='ocrx_word' id='word_1_284' title='bbox 785 3379 878 3440; x_wconf 89' lang='lat' dir='ltr'><strong>etiam</strong></span> <span class='ocrx_word' id='word_1_285' title='bbox 894 3377 1034 3459; x_wconf 89' lang='lat' dir='ltr'><strong>operibus</strong></span> <span class='ocrx_word' id='word_1_286' title='bbox 1048 3377 1168 3458; x_wconf 87' lang='lat' dir='ltr'><strong>obpug-</strong></span> 
     </span>
     <span class='ocr_line' id='line_1_36' title="bbox 124 3463 1236 3549; baseline -0.006 -21"><span class='ocrx_word' id='word_1_287' title='bbox 124 3479 281 3544; x_wconf 85' lang='lat' dir='ltr'><strong>narentur,</strong></span> <span class='ocrx_word' id='word_1_288' title='bbox 296 3467 385 3529; x_wconf 90' lang='lat' dir='ltr'><strong>diffisi</strong></span> <span class='ocrx_word' id='word_1_289' title='bbox 402 3467 540 3549; x_wconf 67' lang='lat' dir='ltr'><strong>presidio</strong></span> <span class='ocrx_word' id='word_1_290' title='bbox 563 3467 656 3544; x_wconf 88' lang='lat' dir='ltr'><strong>urbis,</strong></span> <span class='ocrx_word' id='word_1_291' title='bbox 677 3466 710 3526; x_wconf 89' lang='lat' dir='ltr'><strong>in</strong></span> <span class='ocrx_word' id='word_1_292' title='bbox 733 3483 834 3527; x_wconf 83' lang='lat' dir='ltr'><strong>arcem</strong></span> <span class='ocrx_word' id='word_1_293' title='bbox 856 3463 986 3525; x_wconf 79' lang='lat' dir='ltr'><strong>universi</strong></span> <span class='ocrx_word' id='word_1_294' title='bbox 1008 3481 1168 3523; x_wconf 88' lang='lat' dir='ltr'><strong>concesse·</strong></span> <span class='ocrx_word' id='word_1_295' title='bbox 1235 3473 1236 3478; x_wconf 75' lang='grc'>’</span> 
     </span>
     <span class='ocr_line' id='line_1_37' title="bbox 123 3547 1168 3636; baseline -0.005 -23"><span class='ocrx_word' id='word_1_296' title='bbox 123 3566 202 3615; x_wconf 82' lang='lat' dir='ltr'><strong>narrt.</strong></span> <span class='ocrx_word' id='word_1_297' title='bbox 228 3563 383 3636; x_wconf 89' lang='lat' dir='ltr'><strong>postremo</strong></span> <span class='ocrx_word' id='word_1_298' title='bbox 409 3564 441 3615; x_wconf 89' lang='lat' dir='ltr'><strong>et</strong></span> <span class='ocrx_word' id='word_1_299' title='bbox 467 3553 551 3630; x_wconf 89' lang='lat' dir='ltr'><strong>inde,</strong></span> <span class='ocrx_word' id='word_1_300' title='bbox 572 3551 733 3635; x_wconf 87' lang='lat' dir='ltr'><strong>praemissis</strong></span> <span class='ocrx_word' id='word_1_301' title='bbox 760 3550 941 3628; x_wconf 88' lang='lat' dir='ltr'><strong>oratoribus,</strong></span> <span class='ocrx_word' id='word_1_302' title='bbox 965 3547 997 3610; x_wconf 86' lang='lat' dir='ltr'><strong>in</strong></span> <span class='ocrx_word' id='word_1_303' title='bbox 1020 3547 1168 3610; x_wconf 88' lang='lat' dir='ltr'><strong>ditionem</strong></span> 
     </span>
     <span class='ocr_line' id='line_1_38' title="bbox 64 3633 1170 3720; baseline -0.006 -20"><span class='ocrx_word' id='word_1_304' title='bbox 64 3691 70 3700; x_wconf 88' lang='grc'>,</span> <span class='ocrx_word' id='word_1_305' title='bbox 123 3660 155 3700; x_wconf 88' lang='lat' dir='ltr'><strong>se</strong></span> <span class='ocrx_word' id='word_1_306' title='bbox 176 3643 288 3719; x_wconf 86' lang='lat' dir='ltr'><strong>suaque</strong></span> <span class='ocrx_word' id='word_1_307' title='bbox 304 3639 409 3700; x_wconf 90' lang='lat' dir='ltr'><strong>omnia</strong></span> <span class='ocrx_word' id='word_1_308' title='bbox 422 3637 569 3701; x_wconf 85' lang='lat' dir='ltr'><strong>Romanis</strong></span> <span class='ocrx_word' id='word_1_309' title='bbox 585 3639 796 3720; x_wconf 87' lang='lat' dir='ltr'><strong>permiserunt.</strong></span> <span class='ocrx_word' id='word_1_310' title='bbox 849 3633 967 3717; x_wconf 77' lang='lat' dir='ltr'><strong>Magna</strong></span> <span class='ocrx_word' id='word_1_311' title='bbox 982 3633 1053 3695; x_wconf 91' lang='lat' dir='ltr'><strong>inde</strong></span> <span class='ocrx_word' id='word_1_312' title='bbox 1068 3633 1170 3716; x_wconf 77' lang='lat' dir='ltr'><strong>preda</strong></span> 
     </span>
     <span class='ocr_line' id='line_1_39' title="bbox 125 3720 1171 3810; baseline -0.007 -24"><span class='ocrx_word' id='word_1_313' title='bbox 125 3725 207 3786; x_wconf 83' lang='lat' dir='ltr'><strong>lacta</strong></span> <span class='ocrx_word' id='word_1_314' title='bbox 222 3735 279 3786; x_wconf 90' lang='lat' dir='ltr'><strong>est.</strong></span> <span class='ocrx_word' id='word_1_315' title='bbox 295 3723 383 3785; x_wconf 90' lang='lat' dir='ltr'><strong>multi</strong></span> <span class='ocrx_word' id='word_1_316' title='bbox 399 3725 508 3808; x_wconf 88' lang='lat' dir='ltr'><strong>captivi</strong></span> <span class='ocrx_word' id='word_1_317' title='bbox 524 3724 641 3785; x_wconf 89' lang='lat' dir='ltr'><strong>nobiles</strong></span> <span class='ocrx_word' id='word_1_318' title='bbox 657 3724 688 3784; x_wconf 90' lang='lat' dir='ltr'><strong>in</strong></span> <span class='ocrx_word' id='word_1_319' title='bbox 705 3733 888 3806; x_wconf 85' lang='lat' dir='ltr'><strong>potestatem</strong></span> <span class='ocrx_word' id='word_1_320' title='bbox 903 3731 1050 3782; x_wconf 78' lang='lat' dir='ltr'><strong>venenant</strong></span> <span class='ocrx_word' id='word_1_321' title='bbox 1055 3741 1064 3797; x_wconf 83' lang='lat'>3</span> <span class='ocrx_word' id='word_1_322' title='bbox 1091 3720 1171 3810; x_wconf 86' lang='lat' dir='ltr'><strong>inter</strong></span> 
     </span>
     <span class='ocr_line' id='line_1_40' title="bbox 126 3807 1170 3891; baseline -0.006 -19"><span class='ocrx_word' id='word_1_323' title='bbox 126 3831 201 3891; x_wconf 91' lang='lat' dir='ltr'><strong>quos</strong></span> <span class='ocrx_word' id='word_1_324' title='bbox 217 3807 391 3872; x_wconf 69' lang='lat' dir='ltr'><strong>ct&#39;l&#39;hurri‘</strong></span> <span class='ocrx_word' id='word_1_325' title='bbox 413 3809 468 3871; x_wconf 90' lang='lat' dir='ltr'><strong>lilii</strong></span> <span class='ocrx_word' id='word_1_326' title='bbox 491 3812 552 3872; x_wconf 92' lang='lat' dir='ltr'><strong>duo</strong></span> <span class='ocrx_word' id='word_1_327' title='bbox 574 3820 605 3871; x_wconf 92' lang='lat' dir='ltr'><strong>et</strong></span> <span class='ocrx_word' id='word_1_328' title='bbox 619 3808 690 3870; x_wconf 90' lang='lat' dir='ltr'><strong>lilia.</strong></span> <span class='ocrx_word' id='word_1_329' title='bbox 745 3807 879 3890; x_wconf 82' lang='lat' dir='ltr'><strong>Regulus</strong></span> <span class='ocrx_word' id='word_1_330' title='bbox 901 3807 951 3867; x_wconf 92' lang='lat' dir='ltr'><strong>hic</strong></span> <span class='ocrx_word' id='word_1_331' title='bbox 974 3825 1077 3867; x_wconf 87' lang='lat' dir='ltr'><strong>earum</strong></span> <span class='ocrx_word' id='word_1_332' title='bbox 1092 3807 1170 3886; x_wconf 67' lang='lat' dir='ltr'><strong>genss</strong></span> 
     </span>
     <span class='ocr_line' id='line_1_41' title="bbox 126 3890 1170 3980; baseline -0.006 -22"><span class='ocrx_word' id='word_1_333' title='bbox 126 3897 203 3958; x_wconf 89' lang='lat' dir='ltr'><strong>tium</strong></span> <span class='ocrx_word' id='word_1_334' title='bbox 226 3908 301 3974; x_wconf 81' lang='lat' dir='ltr'><strong>erat,</strong></span> <span class='ocrx_word' id='word_1_335' title='bbox 322 3896 413 3978; x_wconf 87' lang='lat' dir='ltr'><strong>longe</strong></span> <span class='ocrx_word' id='word_1_336' title='bbox 427 3896 655 3980; x_wconf 88' lang='lat' dir='ltr'><strong>potentissimus</strong></span> <span class='ocrx_word' id='word_1_337' title='bbox 677 3894 814 3957; x_wconf 88' lang='lat' dir='ltr'><strong>omniurn</strong></span> <span class='ocrx_word' id='word_1_338' title='bbox 829 3891 1048 3974; x_wconf 85' lang='lat' dir='ltr'><strong>Hispanorum.</strong></span> <span class='ocrx_word' id='word_1_339' title='bbox 1106 3890 1170 3952; x_wconf 86' lang='lat' dir='ltr'><strong>Au·</strong></span> 
     </span>
    </p>
   </div>
   <div class='ocr_carea' id='block_1_3' title="bbox 124 4015 1174 4434">
    <p class='ocr_par' dir='ltr' id='par_1_7' title="bbox 124 4015 1174 4434">
     <span class='ocr_line' id='line_1_42' title="bbox 358 4015 941 4101; baseline -0.002 -32"><span class='ocrx_word' id='word_1_340' title='bbox 358 4021 522 4083; x_wconf 80' lang='lat' dir='ltr'><strong>&#39;populandam</strong></span> <span class='ocrx_word' id='word_1_341' title='bbox 534 4019 607 4101; x_wconf 79' lang='lat' dir='ltr'><strong>Grpe</strong></span> <span class='ocrx_word' id='word_1_342' title='bbox 619 4020 688 4069; x_wconf 76' lang='lat' dir='ltr'><strong>Cret.</strong></span> <span class='ocrx_word' id='word_1_343' title='bbox 780 4015 868 4066; x_wconf 70' lang='lat' dir='ltr'><strong>‘Turni</strong></span> <span class='ocrx_word' id='word_1_344' title='bbox 878 4017 941 4068; x_wconf 72' lang='lat' dir='ltr'><strong>aad.</strong></span> 
     </span>
     <span class='ocr_line' id='line_1_43' title="bbox 163 4105 1172 4173; baseline -0.004 -13"><span class='ocrx_word' id='word_1_345' title='bbox 163 4110 320 4160; x_wconf 65' lang='lat' dir='ltr'><strong>vammum</strong></span> <span class='ocrx_word' id='word_1_346' title='bbox 343 4119 420 4173; x_wconf 64' lang='lat' dir='ltr'><strong>paster</strong></span> <span class='ocrx_word' id='word_1_347' title='bbox 445 4119 467 4158; x_wconf 79' lang='lat' dir='ltr'><strong>ct</strong></span> <span class='ocrx_word' id='word_1_348' title='bbox 492 4111 567 4173; x_wconf 66' lang='lat' dir='ltr'><strong>meist]</strong></span> <span class='ocrx_word' id='word_1_349' title='bbox 595 4110 633 4158; x_wconf 88' lang='lat' dir='ltr'><strong>Sir</strong></span> <span class='ocrx_word' id='word_1_350' title='bbox 665 4109 745 4158; x_wconf 84' lang='lat' dir='ltr'><strong>novius</strong></span> <span class='ocrx_word' id='word_1_351' title='bbox 760 4109 784 4156; x_wconf 89' lang='lat' dir='ltr'><strong>in</strong></span> <span class='ocrx_word' id='word_1_352' title='bbox 801 4108 882 4156; x_wconf 78' lang='lat' dir='ltr'><strong>eodem</strong></span> <span class='ocrx_word' id='word_1_353' title='bbox 899 4107 938 4156; x_wconf 86' lang='lat' dir='ltr'><strong>illo</strong></span> <span class='ocrx_word' id='word_1_354' title='bbox 953 4105 1083 4155; x_wconf 67' lang='lat' dir='ltr'><strong>domi-iano</strong></span> <span class='ocrx_word' id='word_1_355' title='bbox 1101 4119 1172 4170; x_wconf 81' lang='lat' dir='ltr'><strong>opere</strong></span> 
     </span>
     <span class='ocr_line' id='line_1_44' title="bbox 124 4169 1173 4239; baseline -0.006 -13"><span class='ocrx_word' id='word_1_356' title='bbox 124 4175 170 4238; x_wconf 71' lang='lat' dir='ltr'><strong>legi</strong></span> <span class='ocrx_word' id='word_1_357' title='bbox 188 4178 307 4239; x_wconf 79' lang='lat' dir='ltr'><strong>jusserunt</strong></span> <span class='ocrx_word' id='word_1_358' title='bbox 329 4176 428 4236; x_wconf 74' lang='lat' dir='ltr'><strong>Seel&#39;uer</strong></span> <span class='ocrx_word' id='word_1_359' title='bbox 449 4187 472 4223; x_wconf 87' lang='lat' dir='ltr'><strong>et</strong></span> <span class='ocrx_word' id='word_1_360' title='bbox 495 4175 633 4224; x_wconf 83' lang='lat' dir='ltr'><strong>Gronovius.</strong></span> <span class='ocrx_word' id='word_1_361' title='bbox 665 4175 694 4222; x_wconf 85' lang='lat' dir='ltr'><strong>de</strong></span> <span class='ocrx_word' id='word_1_362' title='bbox 707 4173 804 4223; x_wconf 80' lang='lat' dir='ltr'><strong>Pecunia</strong></span> <span class='ocrx_word' id='word_1_363' title='bbox 815 4171 911 4224; x_wconf 82' lang='lat' dir='ltr'><strong>Vetere.</strong></span> <span class='ocrx_word' id='word_1_364' title='bbox 957 4169 1028 4220; x_wconf 81' lang='lat' dir='ltr'><strong>Porro</strong></span> <span class='ocrx_word' id='word_1_365' title='bbox 1041 4171 1173 4220; x_wconf 68' lang='lat' dir='ltr'><strong>mentun</strong></span> 
     </span>
     <span class='ocr_line' id='line_1_45' title="bbox 126 4235 1174 4302; baseline -0.003 -14"><span class='ocrx_word' id='word_1_366' title='bbox 126 4240 181 4289; x_wconf 83' lang='lat' dir='ltr'><strong>Vid.</strong></span> <span class='ocrx_word' id='word_1_367' title='bbox 192 4241 267 4290; x_wconf 84' lang='lat' dir='ltr'><strong>Gran.</strong></span> <span class='ocrx_word' id='word_1_368' title='bbox 280 4241 298 4290; x_wconf 91' lang='lat' dir='ltr'><strong>l.</strong></span> <span class='ocrx_word' id='word_1_369' title='bbox 316 4254 344 4290; x_wconf 85' lang='lat' dir='ltr'><strong>tr.</strong></span> <span class='ocrx_word' id='word_1_370' title='bbox 361 4243 391 4290; x_wconf 87' lang='lat' dir='ltr'><strong>de</strong></span> <span class='ocrx_word' id='word_1_371' title='bbox 413 4239 469 4288; x_wconf 86' lang='lat' dir='ltr'><strong>Peo.</strong></span> <span class='ocrx_word' id='word_1_372' title='bbox 490 4239 543 4290; x_wconf 85' lang='lat' dir='ltr'><strong>Vct.</strong></span> <span class='ocrx_word' id='word_1_373' title='bbox 565 4256 587 4288; x_wconf 87' lang='lat' dir='ltr'><strong>e.</strong></span> <span class='ocrx_word' id='word_1_374' title='bbox 608 4245 633 4288; x_wconf 79' lang='grc'><strong>4.</strong></span> <span class='ocrx_word' id='word_1_375' title='bbox 666 4249 746 4302; x_wconf 78' lang='lat' dir='ltr'><strong>qnater</strong></span> <span class='ocrx_word' id='word_1_376' title='bbox 761 4247 787 4286; x_wconf 87' lang='lat' dir='ltr'><strong>et</strong></span> <span class='ocrx_word' id='word_1_377' title='bbox 802 4238 881 4297; x_wconf 67' lang='lat' dir='ltr'><strong>eules,</strong></span> <span class='ocrx_word' id='word_1_378' title='bbox 892 4249 946 4286; x_wconf 87' lang='lat' dir='ltr'><strong>sant</strong></span> <span class='ocrx_word' id='word_1_379' title='bbox 959 4235 996 4284; x_wconf 83' lang='lat' dir='ltr'><strong>bb</strong></span> <span class='ocrx_word' id='word_1_380' title='bbox 1008 4235 1071 4285; x_wconf 90' lang='lat' dir='ltr'><strong>mille</strong></span> <span class='ocrx_word' id='word_1_381' title='bbox 1082 4247 1106 4285; x_wconf 80' lang='lat' dir='ltr'><strong>et</strong></span> <span class='ocrx_word' id='word_1_382' title='bbox 1117 4251 1174 4300; x_wconf 79' lang='lat' dir='ltr'><strong>qua·</strong></span> 
     </span>
     <span class='ocr_line' id='line_1_46' title="bbox 127 4301 1173 4369; baseline -0.005 -14"><span class='ocrx_word' id='word_1_383' title='bbox 127 4304 251 4369; x_wconf 80' lang='lat' dir='ltr'><strong>Exemplar</strong></span> <span class='ocrx_word' id='word_1_384' title='bbox 276 4305 370 4354; x_wconf 84' lang='lat' dir='ltr'><strong>unicum</strong></span> <span class='ocrx_word' id='word_1_385' title='bbox 398 4305 487 4364; x_wconf 71' lang='lat' dir='ltr'><strong>halant,</strong></span> <span class='ocrx_word' id='word_1_386' title='bbox 513 4302 635 4352; x_wconf 72' lang='lat' dir='ltr'><strong>Num</strong></span> <span class='ocrx_word' id='word_1_387' title='bbox 665 4303 784 4365; x_wconf 67' lang='lat' dir='ltr'><strong>drinpents</strong></span> <span class='ocrx_word' id='word_1_388' title='bbox 810 4302 923 4363; x_wconf 64' lang='lat' dir='ltr'><strong>menia,</strong></span> <span class='ocrx_word' id='word_1_389' title='bbox 950 4301 1007 4358; x_wconf 83' lang='lat' dir='ltr'><strong>sive,</strong></span> <span class='ocrx_word' id='word_1_390' title='bbox 1032 4301 1091 4364; x_wconf 87' lang='lat' dir='ltr'><strong>quod</strong></span> <span class='ocrx_word' id='word_1_391' title='bbox 1113 4301 1173 4350; x_wconf 79' lang='lat' dir='ltr'><strong>iden</strong></span> 
     </span>
     <span class='ocr_line' id='line_1_47' title="bbox 127 4365 1174 4434; baseline -0.002 -17"><span class='ocrx_word' id='word_1_392' title='bbox 127 4380 205 4434; x_wconf 79' lang='lat' dir='ltr'><strong>qnater</strong></span> <span class='ocrx_word' id='word_1_393' title='bbox 219 4379 240 4417; x_wconf 82' lang='lat' dir='ltr'><strong>rt</strong></span> <span class='ocrx_word' id='word_1_394' title='bbox 256 4372 319 4418; x_wconf 73' lang='lat' dir='ltr'><strong>vieta</strong></span> <span class='ocrx_word' id='word_1_395' title='bbox 333 4379 364 4419; x_wconf 79' lang='lat' dir='ltr'><strong>est</strong></span> <span class='ocrx_word' id='word_1_396' title='bbox 377 4379 492 4421; x_wconf 66' lang='lat' dir='ltr'><strong>mouns</strong></span> <span class='ocrx_word' id='word_1_397' title='bbox 513 4385 582 4432; x_wconf 74' lang='lat' dir='ltr'><strong>quam</strong></span> <span class='ocrx_word' id='word_1_398' title='bbox 598 4369 633 4416; x_wconf 87' lang='lat' dir='ltr'><strong>lo·</strong></span> <span class='ocrx_word' id='word_1_399' title='bbox 665 4381 710 4426; x_wconf 80' lang='lat' dir='ltr'><strong>est,</strong></span> <span class='ocrx_word' id='word_1_400' title='bbox 725 4369 826 4418; x_wconf 70' lang='lat' dir='ltr'><strong>serterdl</strong></span> <span class='ocrx_word' id='word_1_401' title='bbox 843 4367 961 4416; x_wconf 79' lang='grc'><strong>2400000.</strong></span> <span class='ocrx_word' id='word_1_402' title='bbox 980 4365 1046 4417; x_wconf 65' lang='lat' dir='ltr'><strong>libre</strong></span> <span class='ocrx_word' id='word_1_403' title='bbox 1062 4365 1174 4415; x_wconf 69' lang='lat' dir='ltr'><strong>Ruina·</strong></span> 
     </span>
    </p>
   </div>
   <div class='ocr_carea' id='block_1_4' title="bbox 125 4431 1173 4566">
    <p class='ocr_par' dir='ltr' id='par_1_8' title="bbox 125 4431 1173 4566">
     <span class='ocr_line' id='line_1_48' title="bbox 125 4431 1173 4498; baseline -0.006 -12"><span class='ocrx_word' id='word_1_404' title='bbox 125 4435 212 4498; x_wconf 84' lang='lat' dir='ltr'><strong>qusndi</strong></span> <span class='ocrx_word' id='word_1_405' title='bbox 223 4431 320 4483; x_wconf 73' lang='lat' dir='ltr'><strong>immam</strong></span> <span class='ocrx_word' id='word_1_406' title='bbox 336 4435 436 4484; x_wconf 81' lang='lat' dir='ltr'><strong>abomni</strong></span> <span class='ocrx_word' id='word_1_407' title='bbox 452 4447 477 4484; x_wconf 85' lang='lat' dir='ltr'><strong>er</strong></span> <span class='ocrx_word' id='word_1_408' title='bbox 489 4450 533 4484; x_wconf 81' lang='lat' dir='ltr'><strong>aaa</strong></span> <span class='ocrx_word' id='word_1_409' title='bbox 544 4446 568 4483; x_wconf 87' lang='lat' dir='ltr'><strong>et</strong></span> <span class='ocrx_word' id='word_1_410' title='bbox 578 4449 634 4482; x_wconf 81' lang='lat' dir='ltr'><strong>sua·</strong></span> <span class='ocrx_word' id='word_1_411' title='bbox 665 4434 745 4498; x_wconf 83' lang='lat' dir='ltr'><strong>pondo</strong></span> <span class='ocrx_word' id='word_1_412' title='bbox 760 4433 833 4484; x_wconf 83' lang='grc'><strong>6000.</strong></span> <span class='ocrx_word' id='word_1_413' title='bbox 853 4443 935 4481; x_wconf 64' lang='lat' dir='ltr'><strong>marm</strong></span> <span class='ocrx_word' id='word_1_414' title='bbox 953 4433 1040 4494; x_wconf 70' lang='lat' dir='ltr'><strong>mgentl</strong></span> <span class='ocrx_word' id='word_1_415' title='bbox 1059 4441 1173 4482; x_wconf 72' lang='lat' dir='ltr'><strong>nonnrm</strong></span> 
     </span>
     <span class='ocr_line' id='line_1_49' title="bbox 126 4498 738 4566; baseline -0.003 -16"><span class='ocrx_word' id='word_1_416' title='bbox 126 4499 184 4563; x_wconf 69' lang='lat' dir='ltr'><strong>lqie</strong></span> <span class='ocrx_word' id='word_1_417' title='bbox 197 4499 322 4550; x_wconf 79' lang='lat' dir='ltr'><strong>abhorrere</strong></span> <span class='ocrx_word' id='word_1_418' title='bbox 331 4499 449 4550; x_wconf 69' lang='lat' dir='ltr'><strong>luculente</strong></span> <span class='ocrx_word' id='word_1_419' title='bbox 459 4499 635 4566; x_wconf 78' lang='lat' dir='ltr'><strong>proberitGro·</strong></span> <span class='ocrx_word' id='word_1_420' title='bbox 666 4498 738 4549; x_wconf 78' lang='lat'><strong>9375.</strong></span> 
     </span>
    </p>
   </div>
   <div class='ocr_carea' id='block_1_5' title="bbox 0 0 1526 5164">
    <p class='ocr_par' dir='ltr' id='par_1_9' title="bbox 0 0 1526 5164">
     <span class='ocr_line' id='line_1_50' title="bbox 0 0 1526 5164; baseline 0 0"><span class='ocrx_word' id='word_1_421' title='bbox 0 0 1526 5164; x_wconf 95' lang='lat' dir='ltr'><strong> </strong></span> 
     </span>
    </p>
   </div>
  </div>
 </body>
</html>
