<?xml version="1.0" encoding="UTF-8"?>
<!DOCTYPE html PUBLIC "-//W3C//DTD XHTML 1.0 Transitional//EN"
    "http://www.w3.org/TR/xhtml1/DTD/xhtml1-transitional.dtd">
<html xmlns="http://www.w3.org/1999/xhtml" xml:lang="en" lang="en">
 <head>
  <title>
</title>
<meta http-equiv="Content-Type" content="text/html;charset=utf-8" />
  <meta name='ocr-system' content='tesseract 3.04.00' />
  <meta name='ocr-capabilities' content='ocr_page ocr_carea ocr_par ocr_line ocrx_word'/>
</head>
<body>
  <div class='ocr_page' id='page_1' title='image "./tliviipatavinih00grongoog_0357.png"; bbox 0 0 3068 5186; ppageno 0'>
   <div class='ocr_carea' id='block_1_1' title="bbox 421 223 1183 470">
    <p class='ocr_par' dir='ltr' id='par_1_1' title="bbox 421 223 1183 470">
     <span class='ocr_line' id='line_1_1' title="bbox 758 223 776 292; baseline 0 0"><span class='ocrx_word' id='word_1_1' title='bbox 758 223 776 292; x_wconf 85' lang='grc' dir='ltr'><em>Ι</em></span> 
     </span>
     <span class='ocr_line' id='line_1_2' title="bbox 421 389 1183 470; baseline 0.001 -12"><span class='ocrx_word' id='word_1_2' title='bbox 421 397 500 458; x_wconf 88' lang='lat' dir='ltr'>LlB.</span> <span class='ocrx_word' id='word_1_3' title='bbox 513 393 688 460; x_wconf 80' lang='lat' dir='ltr'>xxxvnt</span> <span class='ocrx_word' id='word_1_4' title='bbox 712 389 795 458; x_wconf 86' lang='lat' dir='ltr'>CAP.</span> <span class='ocrx_word' id='word_1_5' title='bbox 806 398 892 460; x_wconf 85' lang='lat' dir='ltr'>Xlll.</span> <span class='ocrx_word' id='word_1_6' title='bbox 1120 397 1183 470; x_wconf 67' lang='grc' dir='ltr'><strong><em>Μ</em></strong></span> 
     </span>
    </p>
   </div>
   <div class='ocr_carea' id='block_1_2' title="bbox 133 553 1343 726">
    <p class='ocr_par' dir='ltr' id='par_1_2' title="bbox 133 553 1343 726">
     <span class='ocr_line' id='line_1_3' title="bbox 133 553 1335 639; baseline 0.002 -23"><span class='ocrx_word' id='word_1_7' title='bbox 133 553 145 588; x_wconf 86' lang='lat'>‘</span> <span class='ocrx_word' id='word_1_8' title='bbox 161 553 251 617; x_wconf 87' lang='lat' dir='ltr'>mltio</span> <span class='ocrx_word' id='word_1_9' title='bbox 265 553 447 634; x_wconf 86' lang='lat' dir='ltr'>consulibus,</span> <span class='ocrx_word' id='word_1_10' title='bbox 472 567 577 639; x_wconf 84' lang='lat' dir='ltr'>postve</span> <span class='ocrx_word' id='word_1_11' title='bbox 599 577 651 618; x_wconf 88' lang='lat' dir='ltr'>eos</span> <span class='ocrx_word' id='word_1_12' title='bbox 674 556 825 634; x_wconf 87' lang='lat' dir='ltr'>eonsules,</span> <span class='ocrx_word' id='word_1_13' title='bbox 845 565 899 618; x_wconf 86' lang='lat' dir='ltr'>aut</span> <span class='ocrx_word' id='word_1_14' title='bbox 907 563 924 594; x_wconf 79' lang='lat'>&#39;</span> <span class='ocrx_word' id='word_1_15' title='bbox 943 553 1036 618; x_wconf 87' lang='lat' dir='ltr'>ermis</span> <span class='ocrx_word' id='word_1_16' title='bbox 1048 555 1180 636; x_wconf 79' lang='lat' dir='ltr'>subacti,</span> <span class='ocrx_word' id='word_1_17' title='bbox 1193 579 1227 634; x_wconf 76' lang='grc' dir='ltr'>υ,</span> <span class='ocrx_word' id='word_1_18' title='bbox 1237 557 1335 638; x_wconf 60' lang='lat'>0353,</span> 
     </span>
     <span class='ocr_line' id='line_1_4' title="bbox 133 641 1343 726; baseline 0.002 -24"><span class='ocrx_word' id='word_1_19' title='bbox 133 641 145 674; x_wconf 83' lang='lat'><em>⁶</em></span> <span class='ocrx_word' id='word_1_20' title='bbox 159 653 213 703; x_wconf 87' lang='lat' dir='ltr'>aut</span> <span class='ocrx_word' id='word_1_21' title='bbox 224 643 390 720; x_wconf 86' lang='lat' dir='ltr'>voluntate,</span> <span class='ocrx_word' id='word_1_22' title='bbox 401 643 592 704; x_wconf 85' lang='lat' dir='ltr'>inditionem</span> <span class='ocrx_word' id='word_1_23' title='bbox 604 642 708 725; x_wconf 91' lang='lat' dir='ltr'>populi</span> <span class='ocrx_word' id='word_1_24' title='bbox 720 641 851 704; x_wconf 88' lang='lat' dir='ltr'>Rornsni</span> <span class='ocrx_word' id='word_1_25' title='bbox 865 653 1021 722; x_wconf 84' lang='lat' dir='ltr'>venerunt,</span> <span class='ocrx_word' id='word_1_26' title='bbox 1031 663 1071 711; x_wconf 75' lang='lat' dir='ltr'>ne</span> <span class='ocrx_word' id='word_1_27' title='bbox 1085 663 1179 726; x_wconf 85' lang='lat' dir='ltr'>qoem</span> <span class='ocrx_word' id='word_1_28' title='bbox 1193 648 1227 702; x_wconf 75' lang='lat' dir='ltr'>A.</span> <span class='ocrx_word' id='word_1_29' title='bbox 1237 649 1267 700; x_wconf 85' lang='lat' dir='ltr'>c.</span> <span class='ocrx_word' id='word_1_30' title='bbox 1279 652 1343 705; x_wconf 67' lang='lat' dir='ltr'>raa·</span> 
     </span>
    </p>
   </div>
   <div class='ocr_carea' id='block_1_3' title="bbox 89 727 1350 4013">
    <p class='ocr_par' dir='ltr' id='par_1_3' title="bbox 89 727 1350 3934">
     <span class='ocr_line' id='line_1_5' title="bbox 135 727 1179 814; baseline 0.002 -24"><span class='ocrx_word' id='word_1_31' title='bbox 135 728 148 760; x_wconf 92' lang='lat'>‘</span> <span class='ocrx_word' id='word_1_32' title='bbox 164 749 270 790; x_wconf 91' lang='lat' dir='ltr'>eorum</span> <span class='ocrx_word' id='word_1_33' title='bbox 285 727 381 791; x_wconf 85' lang='lat' dir='ltr'>AEtoli</span> <span class='ocrx_word' id='word_1_34' title='bbox 397 729 548 812; x_wconf 74' lang='lat' dir='ltr'>recepisse</span> <span class='ocrx_word' id='word_1_35' title='bbox 561 730 668 791; x_wconf 81' lang='lat' dir='ltr'>velint.</span> <span class='ocrx_word' id='word_1_36' title='bbox 712 729 851 791; x_wconf 80' lang='lat' dir='ltr'>OEniadoe</span> <span class='ocrx_word' id='word_1_37' title='bbox 865 749 935 790; x_wconf 91' lang='lat' dir='ltr'>cum</span> <span class='ocrx_word' id='word_1_38' title='bbox 949 731 1023 791; x_wconf 89' lang='lat' dir='ltr'>urbe</span> <span class='ocrx_word' id='word_1_39' title='bbox 1037 731 1179 814; x_wconf 79' lang='lat' dir='ltr'>agrisque</span> 
     </span>
     <span class='ocr_line' id='line_1_6' title="bbox 134 811 1182 906; baseline 0.003 -30"><span class='ocrx_word' id='word_1_40' title='bbox 134 813 357 878; x_wconf 82' lang='lat' dir='ltr'>‘Acarnanum</span> <span class='ocrx_word' id='word_1_41' title='bbox 373 811 482 878; x_wconf 71' lang='lat' dir='ltr'>sunto!</span> <span class='ocrx_word' id='word_1_42' title='bbox 526 814 584 877; x_wconf 84' lang='lat' dir='ltr'>His</span> <span class='ocrx_word' id='word_1_43' title='bbox 599 815 716 898; x_wconf 87' lang='lat' dir='ltr'>legibus</span> <span class='ocrx_word' id='word_1_44' title='bbox 736 815 836 878; x_wconf 82' lang='lat' dir='ltr'>loedus</span> <span class='ocrx_word' id='word_1_45' title='bbox 857 817 953 906; x_wconf 83' lang='lat' dir='ltr'>ictum</span> <span class='ocrx_word' id='word_1_46' title='bbox 975 837 1046 880; x_wconf 81' lang='lat' dir='ltr'>cum</span> <span class='ocrx_word' id='word_1_47' title='bbox 1067 816 1182 882; x_wconf 83' lang='lat' dir='ltr'>AEtolis</span> 
     </span>
     <span class='ocr_line' id='line_1_7' title="bbox 181 985 1182 1075; baseline 0.001 -24"><span class='ocrx_word' id='word_1_48' title='bbox 181 985 254 1051; x_wconf 86' lang='lat' dir='ltr'>Xll.</span> <span class='ocrx_word' id='word_1_49' title='bbox 276 987 392 1052; x_wconf 81' lang='lat' dir='ltr'>Eadem</span> <span class='ocrx_word' id='word_1_50' title='bbox 418 1009 480 1052; x_wconf 87' lang='lat' dir='ltr'>non</span> <span class='ocrx_word' id='word_1_51' title='bbox 504 999 609 1052; x_wconf 78' lang='lat' dir='ltr'>aestate</span> <span class='ocrx_word' id='word_1_52' title='bbox 635 989 744 1068; x_wconf 90' lang='lat' dir='ltr'>solum,</span> <span class='ocrx_word' id='word_1_53' title='bbox 767 988 934 1053; x_wconf 86' lang='lat' dir='ltr'>sedetiam</span> <span class='ocrx_word' id='word_1_54' title='bbox 956 991 1064 1052; x_wconf 85' lang='lat' dir='ltr'>iisdem</span> <span class='ocrx_word' id='word_1_55' title='bbox 1086 1011 1182 1075; x_wconf 82' lang='lat' dir='ltr'><strong>prope</strong></span> 
     </span>
     <span class='ocr_line' id='line_1_8' title="bbox 135 1073 1182 1159; baseline 0.004 -22"><span class='ocrx_word' id='word_1_56' title='bbox 135 1075 258 1154; x_wconf 89' lang='lat' dir='ltr'>diebus,</span> <span class='ocrx_word' id='word_1_57' title='bbox 283 1077 392 1157; x_wconf 89' lang='lat' dir='ltr'>quibus</span> <span class='ocrx_word' id='word_1_58' title='bbox 415 1078 479 1138; x_wconf 85' lang='lat' dir='ltr'>haec</span> <span class='ocrx_word' id='word_1_59' title='bbox 503 1099 522 1138; x_wconf 88' lang='lat' dir='ltr'>a</span> <span class='ocrx_word' id='word_1_60' title='bbox 544 1074 592 1137; x_wconf 89' lang='lat' dir='ltr'>M.</span> <span class='ocrx_word' id='word_1_61' title='bbox 617 1073 723 1138; x_wconf 82' lang='lat' dir='ltr'>Fulvio</span> <span class='ocrx_word' id='word_1_62' title='bbox 748 1076 871 1138; x_wconf 87' lang='lat' dir='ltr'>consule</span> <span class='ocrx_word' id='word_1_63' title='bbox 897 1079 928 1139; x_wconf 89' lang='lat' dir='ltr'>in</span> <span class='ocrx_word' id='word_1_64' title='bbox 953 1075 1072 1140; x_wconf 87' lang='lat' dir='ltr'>AEtolla</span> <span class='ocrx_word' id='word_1_65' title='bbox 1093 1090 1182 1159; x_wconf 81' lang='lat' dir='ltr'>geste</span> 
     </span>
     <span class='ocr_line' id='line_1_9' title="bbox 136 1161 1350 1246; baseline 0.005 -22"><span class='ocrx_word' id='word_1_66' title='bbox 136 1172 221 1242; x_wconf 84' lang='lat' dir='ltr'>sunt,</span> <span class='ocrx_word' id='word_1_67' title='bbox 244 1163 348 1225; x_wconf 90' lang='lat' dir='ltr'>consul</span> <span class='ocrx_word' id='word_1_68' title='bbox 363 1163 453 1225; x_wconf 68' lang='lat' dir='ltr'>alter*</span> <span class='ocrx_word' id='word_1_69' title='bbox 466 1163 523 1225; x_wconf 91' lang='lat' dir='ltr'>Cn.</span> <span class='ocrx_word' id='word_1_70' title='bbox 543 1161 678 1224; x_wconf 86' lang='lat' dir='ltr'>Manlius</span> <span class='ocrx_word' id='word_1_71' title='bbox 704 1163 736 1224; x_wconf 91' lang='lat' dir='ltr'>in</span> <span class='ocrx_word' id='word_1_72' title='bbox 756 1161 956 1244; x_wconf 78' lang='lat' dir='ltr'>Gallograecia</span> <span class='ocrx_word' id='word_1_73' title='bbox 976 1165 1091 1227; x_wconf 90' lang='lat' dir='ltr'>bellum</span> <span class='ocrx_word' id='word_1_74' title='bbox 1112 1183 1183 1246; x_wconf 79' lang='lat' dir='ltr'>ges-</span> <span class='ocrx_word' id='word_1_75' title='bbox 1195 1178 1350 1230; x_wconf 71' lang='lat' dir='ltr'>Beuum</span> 
     </span>
     <span class='ocr_line' id='line_1_10' title="bbox 136 1244 1349 1334; baseline 0.001 -25"><span class='ocrx_word' id='word_1_76' title='bbox 136 1250 190 1327; x_wconf 84' lang='lat' dir='ltr'>sit,</span> <span class='ocrx_word' id='word_1_77' title='bbox 206 1251 288 1330; x_wconf 93' lang='lat' dir='ltr'>quod</span> <span class='ocrx_word' id='word_1_78' title='bbox 302 1269 382 1312; x_wconf 88' lang='lat' dir='ltr'>nunc</span> <span class='ocrx_word' id='word_1_79' title='bbox 398 1251 489 1312; x_wconf 91' lang='lat' dir='ltr'>ordiri</span> <span class='ocrx_word' id='word_1_80' title='bbox 514 1269 649 1332; x_wconf 78' lang='lat' dir='ltr'><strong>pergam.</strong></span> <span class='ocrx_word' id='word_1_81' title='bbox 683 1245 762 1310; x_wconf 84' lang='lat' dir='ltr'>Vere</span> <span class='ocrx_word' id='word_1_82' title='bbox 787 1251 886 1332; x_wconf 88' lang='lat' dir='ltr'>pn&#39;mo</span> <span class='ocrx_word' id='word_1_83' title='bbox 900 1250 1054 1334; x_wconf 80' lang='lat' dir='ltr'>Ephesum</span> <span class='ocrx_word' id='word_1_84' title='bbox 1077 1251 1184 1314; x_wconf 84' lang='lat' dir='ltr'>consol</span> <span class='ocrx_word' id='word_1_85' title='bbox 1195 1244 1349 1312; x_wconf 44' lang='lat' dir='ltr'>‘⁸⁰⁰0ss-</span> 
     </span>
     <span class='ocr_line' id='line_1_11' title="bbox 135 1333 1182 1422; baseline 0.004 -26"><span class='ocrx_word' id='word_1_86' title='bbox 135 1336 235 1414; x_wconf 78' lang='lat' dir='ltr'>renit‚</span> <span class='ocrx_word' id='word_1_87' title='bbox 251 1337 441 1422; x_wconf 70' lang='lat' dir='ltr'>acceptisque</span> <span class='ocrx_word' id='word_1_88' title='bbox 463 1338 560 1419; x_wconf 90' lang='lat' dir='ltr'>copiis</span> <span class='ocrx_word' id='word_1_89' title='bbox 576 1357 595 1398; x_wconf 87' lang='lat' dir='ltr'>a</span> <span class='ocrx_word' id='word_1_90' title='bbox 609 1335 644 1398; x_wconf 88' lang='lat' dir='ltr'>L.</span> <span class='ocrx_word' id='word_1_91' title='bbox 659 1333 814 1418; x_wconf 84' lang='lat' dir='ltr'>Scipione,</span> <span class='ocrx_word' id='word_1_92' title='bbox 839 1346 872 1398; x_wconf 91' lang='lat' dir='ltr'>et</span> <span class='ocrx_word' id='word_1_93' title='bbox 886 1338 1020 1400; x_wconf 83' lang='lat' dir='ltr'>exercitu</span> <span class='ocrx_word' id='word_1_94' title='bbox 1043 1338 1182 1417; x_wconf 71' lang='lat' dir='ltr'>innuo,</span> 
     </span>
     <span class='ocr_line' id='line_1_12' title="bbox 138 1423 1187 1506; baseline 0.003 -22"><span class='ocrx_word' id='word_1_95' title='bbox 138 1423 321 1485; x_wconf 85' lang='lat' dir='ltr'>concionem</span> <span class='ocrx_word' id='word_1_96' title='bbox 352 1424 433 1506; x_wconf 81' lang='lat' dir='ltr'>apud</span> <span class='ocrx_word' id='word_1_97' title='bbox 459 1425 570 1486; x_wconf 78' lang='lat' dir='ltr'>milites</span> <span class='ocrx_word' id='word_1_98' title='bbox 604 1423 731 1484; x_wconf 86' lang='lat' dir='ltr'>hebuit:</span> <span class='ocrx_word' id='word_1_99' title='bbox 769 1441 841 1504; x_wconf 85' lang='lat' dir='ltr'>qua·</span> <span class='ocrx_word' id='word_1_100' title='bbox 860 1424 1044 1485; x_wconf 84' lang='lat' dir='ltr'>conlaudata</span> <span class='ocrx_word' id='word_1_101' title='bbox 1073 1425 1187 1488; x_wconf 83' lang='lat' dir='ltr'>virtute</span> 
     </span>
     <span class='ocr_line' id='line_1_13' title="bbox 136 1508 1182 1592; baseline 0.003 -21"><span class='ocrx_word' id='word_1_102' title='bbox 136 1527 258 1587; x_wconf 87' lang='lat' dir='ltr'>eorum,</span> <span class='ocrx_word' id='word_1_103' title='bbox 272 1510 355 1592; x_wconf 88' lang='lat' dir='ltr'>quod</span> <span class='ocrx_word' id='word_1_104' title='bbox 369 1531 437 1573; x_wconf 90' lang='lat' dir='ltr'>cum</span> <span class='ocrx_word' id='word_1_105' title='bbox 462 1509 616 1574; x_wconf 83' lang='lat' dir='ltr'>Antiocho</span> <span class='ocrx_word' id='word_1_106' title='bbox 628 1529 691 1570; x_wconf 89' lang='lat' dir='ltr'>uno</span> <span class='ocrx_word' id='word_1_107' title='bbox 705 1508 813 1590; x_wconf 82' lang='lat' dir='ltr'>proelio</span> <span class='ocrx_word' id='word_1_108' title='bbox 836 1509 1050 1587; x_wconf 82' lang='lat' dir='ltr'>debellassent,</span> <span class='ocrx_word' id='word_1_109' title='bbox 1066 1510 1182 1574; x_wconf 80' lang='lat' dir='ltr'>edbur-</span> 
     </span>
     <span class='ocr_line' id='line_1_14' title="bbox 138 1593 1181 1678; baseline 0 -20"><span class='ocrx_word' id='word_1_110' title='bbox 138 1605 226 1658; x_wconf 75' lang='lat' dir='ltr'>retus</span> <span class='ocrx_word' id='word_1_111' title='bbox 241 1617 293 1657; x_wconf 90' lang='lat' dir='ltr'>eos</span> <span class='ocrx_word' id='word_1_112' title='bbox 318 1598 358 1658; x_wconf 87' lang='lat' dir='ltr'>ad</span> <span class='ocrx_word' id='word_1_113' title='bbox 383 1615 494 1659; x_wconf 82' lang='lat' dir='ltr'>nomon</span> <span class='ocrx_word' id='word_1_114' title='bbox 518 1617 587 1657; x_wconf 90' lang='lat' dir='ltr'>cum</span> <span class='ocrx_word' id='word_1_115' title='bbox 612 1593 706 1658; x_wconf 74' lang='lat' dir='ltr'>Gallis</span> <span class='ocrx_word' id='word_1_116' title='bbox 729 1595 953 1677; x_wconf 76' lang='lat' dir='ltr'>smcipiendum</span> <span class='ocrx_word' id='word_1_117' title='bbox 972 1596 1102 1674; x_wconf 84' lang='lat' dir='ltr'>bellum,</span> <span class='ocrx_word' id='word_1_118' title='bbox 1129 1597 1181 1678; x_wconf 87' lang='lat' dir='ltr'>qui</span> 
     </span>
     <span class='ocr_line' id='line_1_15' title="bbox 136 1681 1261 1764; baseline -0.002 -22"><span class='ocrx_word' id='word_1_119' title='bbox 136 1693 172 1743; x_wconf 85' lang='lat' dir='ltr'>et</span> <span class='ocrx_word' id='word_1_120' title='bbox 188 1683 307 1744; x_wconf 81' lang='lat' dir='ltr'>armillis</span> <span class='ocrx_word' id='word_1_121' title='bbox 334 1683 522 1746; x_wconf 81' lang='lat' dir='ltr'>Antiochum</span> <span class='ocrx_word' id='word_1_122' title='bbox 542 1681 699 1764; x_wconf 83' lang='lat' dir='ltr'>juvissent,</span> <span class='ocrx_word' id='word_1_123' title='bbox 722 1693 755 1743; x_wconf 89' lang='lat' dir='ltr'>et</span> <span class='ocrx_word' id='word_1_124' title='bbox 770 1681 847 1744; x_wconf 83' lang='lat' dir='ltr'>adeo</span> <span class='ocrx_word' id='word_1_125' title='bbox 861 1681 1014 1745; x_wconf 81' lang='lat' dir='ltr'>indomito</span> <span class='ocrx_word' id='word_1_126' title='bbox 1032 1683 1183 1746; x_wconf 82' lang='lat' dir='ltr'>haberent</span> <span class='ocrx_word' id='word_1_127' title='bbox 1259 1735 1261 1740; x_wconf 83' lang='grc'>.</span> 
     </span>
     <span class='ocr_line' id='line_1_16' title="bbox 138 1767 1180 1851; baseline 0.002 -22"><span class='ocrx_word' id='word_1_128' title='bbox 138 1768 272 1850; x_wconf 79' lang='lat' dir='ltr'>ingenie,</span> <span class='ocrx_word' id='word_1_129' title='bbox 287 1781 322 1831; x_wconf 88' lang='lat' dir='ltr'>ut</span> <span class='ocrx_word' id='word_1_130' title='bbox 347 1769 550 1850; x_wconf 81' lang='lat' dir='ltr'>nequidquam</span> <span class='ocrx_word' id='word_1_131' title='bbox 565 1768 735 1832; x_wconf 82' lang='lat' dir='ltr'>Antiochus</span> <span class='ocrx_word' id='word_1_132' title='bbox 760 1781 880 1830; x_wconf 82' lang='lat' dir='ltr'>emotus</span> <span class='ocrx_word' id='word_1_133' title='bbox 894 1769 974 1831; x_wconf 88' lang='lat' dir='ltr'>ultra</span> <span class='ocrx_word' id='word_1_134' title='bbox 994 1767 1180 1851; x_wconf 77' lang='lat' dir='ltr'>jugu&#39;l&#39;auri</span> 
     </span>
     <span class='ocr_line' id='line_1_17' title="bbox 138 1853 1182 1938; baseline 0.003 -23"><span class='ocrx_word' id='word_1_135' title='bbox 138 1855 253 1917; x_wconf 87' lang='lat' dir='ltr'>montis</span> <span class='ocrx_word' id='word_1_136' title='bbox 279 1867 369 1933; x_wconf 86' lang='lat' dir='ltr'>esset,</span> <span class='ocrx_word' id='word_1_137' title='bbox 383 1857 441 1916; x_wconf 88' lang='lat' dir='ltr'>nisi</span> <span class='ocrx_word' id='word_1_138' title='bbox 468 1857 677 1936; x_wconf 77' lang='lat' dir='ltr'>frangerentur</span> <span class='ocrx_word' id='word_1_139' title='bbox 699 1873 773 1938; x_wconf 90' lang='lat' dir='ltr'>opes</span> <span class='ocrx_word' id='word_1_140' title='bbox 795 1853 961 1934; x_wconf 81' lang='lat' dir='ltr'>Gallorum,</span> <span class='ocrx_word' id='word_1_141' title='bbox 987 1855 1026 1916; x_wconf 90' lang='lat' dir='ltr'>de</span> <span class='ocrx_word' id='word_1_142' title='bbox 1048 1875 1086 1920; x_wconf 85' lang='lat' dir='ltr'>ss</span> <span class='ocrx_word' id='word_1_143' title='bbox 1103 1870 1182 1938; x_wconf 83' lang='lat' dir='ltr'>quo-</span> 
     </span>
     <span class='ocr_line' id='line_1_18' title="bbox 138 1940 1182 2024; baseline 0.003 -22"><span class='ocrx_word' id='word_1_144' title='bbox 138 1961 199 2022; x_wconf 88' lang='lat' dir='ltr'>que</span> <span class='ocrx_word' id='word_1_145' title='bbox 213 1961 320 2024; x_wconf 80' lang='lat' dir='ltr'>pauca,</span> <span class='ocrx_word' id='word_1_146' title='bbox 347 1963 403 2004; x_wconf 88' lang='lat' dir='ltr'>nec</span> <span class='ocrx_word' id='word_1_147' title='bbox 418 1943 504 2021; x_wconf 81' lang='lat' dir='ltr'>false,</span> <span class='ocrx_word' id='word_1_148' title='bbox 519 1963 575 2003; x_wconf 90' lang='lat' dir='ltr'>nec</span> <span class='ocrx_word' id='word_1_149' title='bbox 600 1941 764 2019; x_wconf 86' lang='lat' dir='ltr'>inmodica,</span> <span class='ocrx_word' id='word_1_150' title='bbox 787 1941 910 2024; x_wconf 86' lang='lat' dir='ltr'>adjecit.</span> <span class='ocrx_word' id='word_1_151' title='bbox 954 1940 1031 2003; x_wconf 75' lang='lat' dir='ltr'>Leti</span> <span class='ocrx_word' id='word_1_152' title='bbox 1046 1942 1182 2005; x_wconf 74' lang='lat' dir='ltr'>milites¹¹</span> 
     </span>
     <span class='ocr_line' id='line_1_19' title="bbox 139 2028 1181 2112; baseline 0.001 -23"><span class='ocrx_word' id='word_1_153' title='bbox 139 2047 211 2089; x_wconf 88' lang='lat' dir='ltr'>cum</span> <span class='ocrx_word' id='word_1_154' title='bbox 227 2028 375 2112; x_wconf 83' lang='lat' dir='ltr'>frequenti</span> <span class='ocrx_word' id='word_1_155' title='bbox 400 2029 529 2091; x_wconf 83' lang='lat' dir='ltr'>adsensu</span> <span class='ocrx_word' id='word_1_156' title='bbox 551 2028 705 2090; x_wconf 83' lang='lat' dir='ltr'>consulem</span> <span class='ocrx_word' id='word_1_157' title='bbox 732 2028 920 2105; x_wconf 76' lang='lat' dir='ltr'>audiverunt,</span> <span class='ocrx_word' id='word_1_158' title='bbox 935 2038 1054 2110; x_wconf 83' lang='lat' dir='ltr'>partem</span> <span class='ocrx_word' id='word_1_159' title='bbox 1071 2029 1181 2090; x_wconf 87' lang='lat' dir='ltr'>virium</span> 
     </span>
     <span class='ocr_line' id='line_1_20' title="bbox 138 2113 1180 2198; baseline 0.001 -22"><span class='ocrx_word' id='word_1_160' title='bbox 138 2115 286 2176; x_wconf 87' lang='lat' dir='ltr'>Antiochi</span> <span class='ocrx_word' id='word_1_161' title='bbox 311 2115 404 2177; x_wconf 79' lang='lat' dir='ltr'>foisse</span> <span class='ocrx_word' id='word_1_162' title='bbox 431 2113 537 2177; x_wconf 88' lang='lat' dir='ltr'>Gallos</span> <span class='ocrx_word' id='word_1_163' title='bbox 567 2115 724 2177; x_wconf 88' lang='lat' dir='ltr'>credentes</span> <span class='ocrx_word' id='word_1_164' title='bbox 736 2136 746 2191; x_wconf 91' lang='lat'>;</span> <span class='ocrx_word' id='word_1_165' title='bbox 784 2135 855 2197; x_wconf 78' lang='lat' dir='ltr'>rege</span> <span class='ocrx_word' id='word_1_166' title='bbox 884 2125 1037 2198; x_wconf 84' lang='lat' dir='ltr'>superato,</span> <span class='ocrx_word' id='word_1_167' title='bbox 1064 2115 1180 2177; x_wconf 73' lang='lat' dir='ltr'>nullum</span> 
     </span>
     <span class='ocr_line' id='line_1_21' title="bbox 138 2199 1181 2284; baseline 0 -21"><span class='ocrx_word' id='word_1_168' title='bbox 138 2215 330 2264; x_wconf 90' lang='lat' dir='ltr'>momentum</span> <span class='ocrx_word' id='word_1_169' title='bbox 355 2203 387 2264; x_wconf 91' lang='lat' dir='ltr'>in</span> <span class='ocrx_word' id='word_1_170' title='bbox 403 2201 474 2264; x_wconf 89' lang='lat' dir='ltr'>solis</span> <span class='ocrx_word' id='word_1_171' title='bbox 489 2223 589 2284; x_wconf 90' lang='lat' dir='ltr'>perse</span> <span class='ocrx_word' id='word_1_172' title='bbox 607 2199 765 2263; x_wconf 74' lang='lat' dir='ltr'>Gallorum</span> <span class='ocrx_word' id='word_1_173' title='bbox 780 2202 877 2284; x_wconf 89' lang='lat' dir='ltr'>copiis</span> <span class='ocrx_word' id='word_1_174' title='bbox 894 2202 979 2263; x_wconf 78' lang='lat' dir='ltr'>fore·</span> <span class='ocrx_word' id='word_1_175' title='bbox 1012 2200 1181 2264; x_wconf 74' lang='lat' dir='ltr'>limnenem</span> 
     </span>
     <span class='ocr_line' id='line_1_22' title="bbox 136 2286 1182 2371; baseline 0 -21"><span class='ocrx_word' id='word_1_176' title='bbox 136 2289 221 2350; x_wconf 82' lang='lat' dir='ltr'>baud</span> <span class='ocrx_word' id='word_1_177' title='bbox 237 2290 268 2350; x_wconf 90' lang='lat' dir='ltr'>in</span> <span class='ocrx_word' id='word_1_178' title='bbox 292 2301 431 2371; x_wconf 88' lang='lat' dir='ltr'>tempore</span> <span class='ocrx_word' id='word_1_179' title='bbox 446 2290 550 2350; x_wconf 86' lang='lat' dir='ltr'>abesse</span> <span class='ocrx_word' id='word_1_180' title='bbox 576 2286 695 2366; x_wconf 82' lang='lat' dir='ltr'>(Roma</span> <span class='ocrx_word' id='word_1_181' title='bbox 715 2299 789 2349; x_wconf 90' lang='lat' dir='ltr'>tunc</span> <span class='ocrx_word' id='word_1_182' title='bbox 812 2287 888 2368; x_wconf 85' lang='lat' dir='ltr'>erat)</span> <span class='ocrx_word' id='word_1_183' title='bbox 919 2288 1042 2350; x_wconf 87' lang='lat' dir='ltr'>eredere</span> <span class='ocrx_word' id='word_1_184' title='bbox 1064 2289 1182 2367; x_wconf 84' lang='lat' dir='ltr'>consul,</span> 
     </span>
     <span class='ocr_line' id='line_1_23' title="bbox 134 2375 1183 2545; baseline 0.001 -23"><span class='ocrx_word' id='word_1_185' title='bbox 134 2377 433 2545; x_wconf 56' lang='lat' dir='ltr'>dltldtltl</span> <span class='ocrx_word' id='word_1_186' title='bbox 463 2377 877 2542; x_wconf 48' lang='lat' dir='ltr'>lttllmltn‘ldll</span> <span class='ocrx_word' id='word_1_187' title='bbox 896 2375 1183 2542; x_wconf 47' lang='lat' dir='ltr'>{miii</span> 
     </span>
     <span class='ocr_line' id='line_1_24' title="bbox 136 2545 1182 2630; baseline 0 -22"><span class='ocrx_word' id='word_1_188' title='bbox 136 2545 301 2630; x_wconf 81' lang='lat' dir='ltr'>Pergamo,</span> <span class='ocrx_word' id='word_1_189' title='bbox 316 2549 512 2629; x_wconf 87' lang='lat' dir='ltr'>hortatusque</span> <span class='ocrx_word' id='word_1_190' title='bbox 528 2547 567 2610; x_wconf 86' lang='lat' dir='ltr'>ad</span> <span class='ocrx_word' id='word_1_191' title='bbox 589 2546 811 2630; x_wconf 83' lang='lat' dir='ltr'>capessendum·</span> <span class='ocrx_word' id='word_1_192' title='bbox 828 2567 931 2609; x_wconf 86' lang='lat' dir='ltr'>secum</span> <span class='ocrx_word' id='word_1_193' title='bbox 945 2547 1069 2624; x_wconf 84' lang='lat' dir='ltr'>bellom,</span> <span class='ocrx_word' id='word_1_194' title='bbox 1091 2547 1182 2630; x_wconf 91' lang='lat' dir='ltr'>polli-</span> 
     </span>
     <span class='ocr_line' id='line_1_25' title="bbox 136 2631 1182 2716; baseline -0.001 -20"><span class='ocrx_word' id='word_1_195' title='bbox 136 2645 261 2696; x_wconf 87' lang='lat' dir='ltr'>centem</span> <span class='ocrx_word' id='word_1_196' title='bbox 285 2655 370 2696; x_wconf 88' lang='lat' dir='ltr'>suem</span> <span class='ocrx_word' id='word_1_197' title='bbox 395 2631 577 2715; x_wconf 82' lang='lat' dir='ltr'>suorumque</span> <span class='ocrx_word' id='word_1_198' title='bbox 591 2653 715 2716; x_wconf 83' lang='lat' dir='ltr'>operam</span> <span class='ocrx_word' id='word_1_199' title='bbox 740 2633 864 2694; x_wconf 90' lang='lat' dir='ltr'>domum</span> <span class='ocrx_word' id='word_1_200' title='bbox 887 2633 927 2694; x_wconf 83' lang='lat' dir='ltr'>cd</span> <span class='ocrx_word' id='word_1_201' title='bbox 942 2634 1182 2716; x_wconf 84' lang='lat' dir='ltr'>comparendum</span> 
     </span>
     <span class='ocr_line' id='line_1_26' title="bbox 136 2718 1183 2804; baseline 0 -22"><span class='ocrx_word' id='word_1_202' title='bbox 136 2721 276 2782; x_wconf 90' lang='lat' dir='ltr'>dimittit.</span> <span class='ocrx_word' id='word_1_203' title='bbox 320 2720 435 2783; x_wconf 88' lang='lat' dir='ltr'>Paucos</span> <span class='ocrx_word' id='word_1_204' title='bbox 458 2733 528 2804; x_wconf 90' lang='lat' dir='ltr'>post</span> <span class='ocrx_word' id='word_1_205' title='bbox 553 2721 617 2781; x_wconf 88' lang='lat' dir='ltr'>dies</span> <span class='ocrx_word' id='word_1_206' title='bbox 631 2719 769 2802; x_wconf 85' lang='lat' dir='ltr'>profecto</span> <span class='ocrx_word' id='word_1_207' title='bbox 792 2721 831 2781; x_wconf 87' lang='lat' dir='ltr'>ab</span> <span class='ocrx_word' id='word_1_208' title='bbox 855 2718 979 2802; x_wconf 84' lang='lat' dir='ltr'>Epheso</span> <span class='ocrx_word' id='word_1_209' title='bbox 1001 2721 1118 2782; x_wconf 88' lang='lat' dir='ltr'>consuli</span> <span class='ocrx_word' id='word_1_210' title='bbox 1140 2719 1183 2782; x_wconf 83' lang='lat' dir='ltr'>ad</span> 
     </span>
     <span class='ocr_line' id='line_1_27' title="bbox 89 2805 1181 2889; baseline 0 -21"><span class='ocrx_word' id='word_1_211' title='bbox 89 2872 94 2886; x_wconf 59' lang='grc'>,</span> <span class='ocrx_word' id='word_1_212' title='bbox 136 2805 332 2889; x_wconf 82' lang='lat' dir='ltr'>Magnesiam</span> <span class='ocrx_word' id='word_1_213' title='bbox 354 2807 488 2868; x_wconf 86' lang='lat' dir='ltr'>obcurrit</span> <span class='ocrx_word' id='word_1_214' title='bbox 513 2806 634 2870; x_wconf 86' lang='lat' dir='ltr'>Attalus</span> <span class='ocrx_word' id='word_1_215' title='bbox 650 2827 718 2868; x_wconf 90' lang='lat' dir='ltr'>cum</span> <span class='ocrx_word' id='word_1_216' title='bbox 739 2805 822 2867; x_wconf 92' lang='lat' dir='ltr'>mille</span> <span class='ocrx_word' id='word_1_217' title='bbox 845 2806 1008 2888; x_wconf 81' lang='lat' dir='ltr'>peditibus,</span> <span class='ocrx_word' id='word_1_218' title='bbox 1029 2807 1181 2887; x_wconf 85' lang='lat' dir='ltr'>equitibus</span> 
     </span>
     <span class='ocr_line' id='line_1_28' title="bbox 139 2888 1180 2975; baseline -0.002 -19"><span class='ocrx_word' id='word_1_219' title='bbox 139 2894 291 2971; x_wconf 86' lang='lat' dir='ltr'>ducentis,</span> <span class='ocrx_word' id='word_1_220' title='bbox 311 2893 461 2956; x_wconf 74' lang='lat' dir='ltr'>Atheneo</span> <span class='ocrx_word' id='word_1_221' title='bbox 482 2893 574 2956; x_wconf 87' lang='lat' dir='ltr'>lratre</span> <span class='ocrx_word' id='word_1_222' title='bbox 596 2888 682 2972; x_wconf 87' lang='lat' dir='ltr'>jusso</span> <span class='ocrx_word' id='word_1_223' title='bbox 696 2913 767 2954; x_wconf 89' lang='lat' dir='ltr'>cum</span> <span class='ocrx_word' id='word_1_224' title='bbox 787 2893 894 2954; x_wconf 88' lang='lat' dir='ltr'>ceteris</span> <span class='ocrx_word' id='word_1_225' title='bbox 916 2895 1013 2975; x_wconf 87' lang='lat' dir='ltr'>copiis</span> <span class='ocrx_word' id='word_1_226' title='bbox 1028 2893 1180 2974; x_wconf 81' lang='lat' dir='ltr'>subsequi,</span> 
     </span>
     <span class='ocr_line' id='line_1_29' title="bbox 137 2978 1250 3062; baseline -0.002 -20"><span class='ocrx_word' id='word_1_227' title='bbox 137 2981 356 3042; x_wconf 87' lang='lat' dir='ltr'>commendata</span> <span class='ocrx_word' id='word_1_228' title='bbox 370 2981 407 3041; x_wconf 91' lang='lat' dir='ltr'>iis</span> <span class='ocrx_word' id='word_1_229' title='bbox 420 2979 560 3046; x_wconf 88' lang='lat' dir='ltr'>custodia</span> <span class='ocrx_word' id='word_1_230' title='bbox 575 2978 724 3061; x_wconf 77' lang='lat' dir='ltr'>Pergami,</span> <span class='ocrx_word' id='word_1_231' title='bbox 740 2999 816 3060; x_wconf 89' lang='lat' dir='ltr'>quos</span> <span class='ocrx_word' id='word_1_232' title='bbox 837 2978 921 3040; x_wconf 87' lang='lat' dir='ltr'>fratri</span> <span class='ocrx_word' id='word_1_233' title='bbox 936 2999 1089 3062; x_wconf 83' lang='lat' dir='ltr'>regnoque</span> <span class='ocrx_word' id='word_1_234' title='bbox 1103 2979 1182 3040; x_wconf 87' lang='lat' dir='ltr'>fidos</span> <span class='ocrx_word' id='word_1_235' title='bbox 1243 2989 1250 3002; x_wconf 83' lang='lat'><strong>‘</strong></span> 
     </span>
     <span class='ocr_line' id='line_1_30' title="bbox 138 3063 1181 3148; baseline -0.003 -19"><span class='ocrx_word' id='word_1_236' title='bbox 138 3067 293 3130; x_wconf 85' lang='lat' dir='ltr'>credebat.</span> <span class='ocrx_word' id='word_1_237' title='bbox 339 3066 465 3144; x_wconf 85' lang='lat' dir='ltr'>Consul,</span> <span class='ocrx_word' id='word_1_238' title='bbox 488 3065 673 3128; x_wconf 86' lang='lat' dir='ltr'>conlaudato</span> <span class='ocrx_word' id='word_1_239' title='bbox 690 3063 812 3147; x_wconf 83' lang='lat' dir='ltr'>juvene,</span> <span class='ocrx_word' id='word_1_240' title='bbox 835 3081 904 3126; x_wconf 90' lang='lat' dir='ltr'>cum</span> <span class='ocrx_word' id='word_1_241' title='bbox 919 3065 1061 3126; x_wconf 87' lang='lat' dir='ltr'>omnibus</span> <span class='ocrx_word' id='word_1_242' title='bbox 1084 3065 1181 3148; x_wconf 90' lang='lat' dir='ltr'>copiis</span> 
     </span>
     <span class='ocr_line' id='line_1_31' title="bbox 138 3145 1180 3236; baseline -0.004 -20"><span class='ocrx_word' id='word_1_243' title='bbox 138 3145 182 3216; x_wconf 86' lang='lat' dir='ltr'>ad</span> <span class='ocrx_word' id='word_1_244' title='bbox 196 3153 385 3216; x_wconf 82' lang='lat' dir='ltr'>Maeandrum</span> <span class='ocrx_word' id='word_1_245' title='bbox 408 3151 592 3236; x_wconf 81' lang='lat' dir='ltr'>progressus,</span> <span class='ocrx_word' id='word_1_246' title='bbox 612 3164 712 3214; x_wconf 81' lang='lat' dir='ltr'>castre</span> <span class='ocrx_word' id='word_1_247' title='bbox 725 3152 837 3234; x_wconf 85' lang='lat' dir='ltr'>posuit,</span> <span class='ocrx_word' id='word_1_248' title='bbox 859 3151 1023 3234; x_wconf 83' lang='lat' dir='ltr'>quia&#39;vsdo</span> <span class='ocrx_word' id='word_1_249' title='bbox 1045 3151 1180 3234; x_wconf 86' lang='lat' dir='ltr'>superari</span> 
     </span>
     <span class='ocr_line' id='line_1_32' title="bbox 140 3238 1181 3324; baseline -0.003 -22"><span class='ocrx_word' id='word_1_250' title='bbox 140 3241 238 3302; x_wconf 87' lang='lat' dir='ltr'>amnis</span> <span class='ocrx_word' id='word_1_251' title='bbox 253 3261 314 3302; x_wconf 87' lang='lat' dir='ltr'>non</span> <span class='ocrx_word' id='word_1_252' title='bbox 327 3249 457 3324; x_wconf 85' lang='lat' dir='ltr'>poteret,</span> <span class='ocrx_word' id='word_1_253' title='bbox 469 3249 501 3300; x_wconf 87' lang='lat' dir='ltr'>et</span> <span class='ocrx_word' id='word_1_254' title='bbox 515 3238 731 3300; x_wconf 74' lang='lat' dir='ltr'>contrahendae</span> <span class='ocrx_word' id='word_1_255' title='bbox 745 3257 836 3298; x_wconf 82' lang='lat' dir='ltr'>neres</span> <span class='ocrx_word' id='word_1_256' title='bbox 856 3249 944 3299; x_wconf 89' lang='lat' dir='ltr'>erant</span> <span class='ocrx_word' id='word_1_257' title='bbox 957 3238 998 3298; x_wconf 87' lang='lat' dir='ltr'>ad</span> <span class='ocrx_word' id='word_1_258' title='bbox 1013 3238 1181 3299; x_wconf 85' lang='lat' dir='ltr'>exercitum</span> 
     </span>
     <span class='ocr_line' id='line_1_33' title="bbox 139 3321 1237 3408; baseline -0.003 -19"><span class='ocrx_word' id='word_1_259' title='bbox 139 3325 365 3408; x_wconf 86' lang='lat' dir='ltr'>trajiciendum.</span> <span class='ocrx_word' id='word_1_260' title='bbox 417 3325 609 3407; x_wconf 82' lang='lat' dir='ltr'>Transgressi</span> <span class='ocrx_word' id='word_1_261' title='bbox 636 3322 825 3386; x_wconf 77' lang='lat' dir='ltr'>Maeandrum</span> <span class='ocrx_word' id='word_1_262' title='bbox 851 3324 891 3385; x_wconf 84' lang='lat' dir='ltr'>ed</span> <span class='ocrx_word' id='word_1_263' title='bbox 918 3321 1036 3385; x_wconf 89' lang='lat' dir='ltr'>Hieran</span> <span class='ocrx_word' id='word_1_264' title='bbox 1061 3322 1182 3386; x_wconf 83' lang='lat' dir='ltr'>Comen</span> <span class='ocrx_word' id='word_1_265' title='bbox 1230 3353 1237 3370; x_wconf 94' lang='lat'><strong>·</strong></span> 
     </span>
     <span class='ocr_line' id='line_1_34' title="bbox 136 3424 1182 3588; baseline -0.004 -26"><span class='ocrx_word' id='word_1_266' title='bbox 136 3424 409 3562; x_wconf 43' lang='lat' dir='ltr'>perdililimlihthnm</span> <span class='ocrx_word' id='word_1_267' title='bbox 424 3499 466 3560; x_wconf 91' lang='lat' dir='ltr'>ibi</span> <span class='ocrx_word' id='word_1_268' title='bbox 490 3484 650 3580; x_wconf 83' lang='lat' dir='ltr'>augustum</span> <span class='ocrx_word' id='word_1_269' title='bbox 672 3495 822 3580; x_wconf 83' lang='lat' dir='ltr'>Apollinis</span> <span class='ocrx_word' id='word_1_270' title='bbox 848 3507 880 3559; x_wconf 92' lang='lat' dir='ltr'>et</span> <span class='ocrx_word' id='word_1_271' title='bbox 902 3497 1080 3558; x_wconf 87' lang='lat' dir='ltr'>oraculum:</span> <span class='ocrx_word' id='word_1_272' title='bbox 1114 3517 1182 3588; x_wconf 83' lang='lat' dir='ltr'>sor·</span> 
     </span>
     <span class='ocr_line' id='line_1_35' title="bbox 137 3581 1182 3650; baseline -0.004 0"><span class='ocrx_word' id='word_1_273' title='bbox 137 3599 187 3650; x_wconf 85' lang='lat' dir='ltr'>tes</span> <span class='ocrx_word' id='word_1_274' title='bbox 215 3587 348 3649; x_wconf 84' lang='lat' dir='ltr'>versibus</span> <span class='ocrx_word' id='word_1_275' title='bbox 378 3585 459 3648; x_wconf 78' lang='lat' dir='ltr'>hand</span> <span class='ocrx_word' id='word_1_276' title='bbox 488 3584 653 3647; x_wconf 86' lang='lat' dir='ltr'>inconditis</span> <span class='ocrx_word' id='word_1_277' title='bbox 677 3583 750 3645; x_wconf 81' lang='lat' dir='ltr'>dere</span> <span class='ocrx_word' id='word_1_278' title='bbox 779 3593 862 3646; x_wconf 85' lang='lat' dir='ltr'>vetes</span> <span class='ocrx_word' id='word_1_279' title='bbox 893 3583 1045 3646; x_wconf 85' lang='lat' dir='ltr'>dicuntur.</span> <span class='ocrx_word' id='word_1_280' title='bbox 1096 3581 1182 3646; x_wconf 83' lang='lat' dir='ltr'>Hinc</span> 
     </span>
     <span class='ocr_line' id='line_1_36' title="bbox 140 3663 1181 3754; baseline -0.003 -18"><span class='ocrx_word' id='word_1_281' title='bbox 140 3675 241 3736; x_wconf 87' lang='lat' dir='ltr'>alteris</span> <span class='ocrx_word' id='word_1_282' title='bbox 265 3674 372 3736; x_wconf 85' lang='lat' dir='ltr'>castris</span> <span class='ocrx_word' id='word_1_283' title='bbox 393 3673 433 3735; x_wconf 83' lang='lat' dir='ltr'>ad</span> <span class='ocrx_word' id='word_1_284' title='bbox 447 3671 621 3754; x_wconf 83' lang='lat' dir='ltr'>Harpasum</span> <span class='ocrx_word' id='word_1_285' title='bbox 636 3671 748 3740; x_wconf 87' lang='lat' dir='ltr'>flumen</span> <span class='ocrx_word' id='word_1_286' title='bbox 770 3682 894 3733; x_wconf 85' lang='lat' dir='ltr'>ventum</span> <span class='ocrx_word' id='word_1_287' title='bbox 908 3683 976 3733; x_wconf 86' lang='lat' dir='ltr'>est:</span> <span class='ocrx_word' id='word_1_288' title='bbox 1010 3691 1072 3752; x_wconf 89' lang='lat' dir='ltr'>quo</span> <span class='ocrx_word' id='word_1_289' title='bbox 1086 3663 1181 3753; x_wconf 53' lang='lat' dir='ltr'>lcssuti</span> 
     </span>
     <span class='ocr_line' id='line_1_37' title="bbox 139 3757 1182 3841; baseline -0.003 -19"><span class='ocrx_word' id='word_1_290' title='bbox 139 3763 178 3822; x_wconf 91' lang='lat' dir='ltr'>ab</span> <span class='ocrx_word' id='word_1_291' title='bbox 203 3760 369 3823; x_wconf 78' lang='lat' dir='ltr'>Alabandis</span> <span class='ocrx_word' id='word_1_292' title='bbox 396 3770 549 3837; x_wconf 87' lang='lat' dir='ltr'>venerunt,</span> <span class='ocrx_word' id='word_1_293' title='bbox 575 3771 610 3820; x_wconf 91' lang='lat' dir='ltr'>ut</span> <span class='ocrx_word' id='word_1_294' title='bbox 633 3757 801 3834; x_wconf 83' lang='lat' dir='ltr'>castellum,</span> <span class='ocrx_word' id='word_1_295' title='bbox 827 3757 908 3841; x_wconf 87' lang='lat' dir='ltr'>quod</span> <span class='ocrx_word' id='word_1_296' title='bbox 932 3759 971 3819; x_wconf 87' lang='lat' dir='ltr'>ab</span> <span class='ocrx_word' id='word_1_297' title='bbox 986 3757 1060 3840; x_wconf 80' lang='lat' dir='ltr'>ipsis</span> <span class='ocrx_word' id='word_1_298' title='bbox 1081 3778 1182 3840; x_wconf 82' lang='lat' dir='ltr'>nuper</span> 
     </span>
     <span class='ocr_line' id='line_1_38' title="bbox 133 3842 1181 3934; baseline -0.004 -24"><span class='ocrx_word' id='word_1_299' title='bbox 133 3847 294 3926; x_wconf 74' lang='lat' dir='ltr'>descisset,</span> <span class='ocrx_word' id='word_1_300' title='bbox 317 3857 371 3908; x_wconf 88' lang='lat' dir='ltr'>aut</span> <span class='ocrx_word' id='word_1_301' title='bbox 393 3847 585 3934; x_wconf 81' lang='lat' dir='ltr'>auctoritate,</span> <span class='ocrx_word' id='word_1_302' title='bbox 610 3855 663 3908; x_wconf 85' lang='lat' dir='ltr'>aut</span> <span class='ocrx_word' id='word_1_303' title='bbox 689 3843 791 3921; x_wconf 85' lang='lat' dir='ltr'>armis,</span> <span class='ocrx_word' id='word_1_304' title='bbox 815 3855 937 3925; x_wconf 75' lang='lat' dir='ltr'>cogeret</span> <span class='ocrx_word' id='word_1_305' title='bbox 957 3842 1030 3925; x_wconf 84' lang='lat' dir='ltr'>jura</span> <span class='ocrx_word' id='word_1_306' title='bbox 1049 3845 1181 3926; x_wconf 77' lang='lat' dir='ltr'>antique</span> 
     </span>
    </p>

    <p class='ocr_par' dir='ltr' id='par_1_4' title="bbox 334 3943 992 4013">
     <span class='ocr_line' id='line_1_39' title="bbox 334 3943 992 4013; baseline -0.005 -18"><span class='ocrx_word' id='word_1_307' title='bbox 334 3953 397 3995; x_wconf 65' lang='lat' dir='ltr'>&#39;nt</span> <span class='ocrx_word' id='word_1_308' title='bbox 406 3946 451 3994; x_wconf 86' lang='lat' dir='ltr'>del.</span> <span class='ocrx_word' id='word_1_309' title='bbox 463 3947 535 3995; x_wconf 80' lang='lat' dir='ltr'>Gran.</span> <span class='ocrx_word' id='word_1_310' title='bbox 546 3943 616 4013; x_wconf 74' lang='lat' dir='ltr'>Crer.</span> <span class='ocrx_word' id='word_1_311' title='bbox 761 3951 775 3977; x_wconf 82' lang='lat'>⁸</span> <span class='ocrx_word' id='word_1_312' title='bbox 785 3945 862 3992; x_wconf 81' lang='lat' dir='ltr'>milites</span> <span class='ocrx_word' id='word_1_313' title='bbox 871 3945 917 3993; x_wconf 75' lang='lat' dir='ltr'>del·</span> <span class='ocrx_word' id='word_1_314' title='bbox 928 3944 992 3992; x_wconf 66' lang='lat' dir='ltr'>sas.</span> 
     </span>
    </p>
   </div>
   <div class='ocr_carea' id='block_1_4' title="bbox 69 4021 1241 4622">
    <p class='ocr_par' dir='ltr' id='par_1_5' title="bbox 136 4021 1185 4091">
     <span class='ocr_line' id='line_1_40' title="bbox 136 4021 1185 4091; baseline -0.002 -17"><span class='ocrx_word' id='word_1_315' title='bbox 136 4025 201 4077; x_wconf 65' lang='lat' dir='ltr'>vict</span> <span class='ocrx_word' id='word_1_316' title='bbox 236 4027 337 4076; x_wconf 83' lang='lat' dir='ltr'>codicem</span> <span class='ocrx_word' id='word_1_317' title='bbox 362 4023 450 4077; x_wconf 78' lang='lat' dir='ltr'>habers</span> <span class='ocrx_word' id='word_1_318' title='bbox 485 4027 643 4091; x_wconf 80' lang='lat' dir='ltr'>comperimus.</span> <span class='ocrx_word' id='word_1_319' title='bbox 678 4039 728 4072; x_wconf 86' lang='lat' dir='ltr'>som</span> <span class='ocrx_word' id='word_1_320' title='bbox 743 4025 821 4088; x_wconf 66' lang='lat' dir='ltr'>sulae,</span> <span class='ocrx_word' id='word_1_321' title='bbox 835 4037 859 4074; x_wconf 87' lang='lat' dir='ltr'>et</span> <span class='ocrx_word' id='word_1_322' title='bbox 877 4021 1185 4088; x_wconf 79' lang='lat' dir='ltr'>lmpmdememal‘olyblo,</span> 
     </span>
    </p>

    <p class='ocr_par' dir='ltr' id='par_1_6' title="bbox 69 4089 1241 4486">
     <span class='ocr_line' id='line_1_41' title="bbox 69 4089 1184 4157; baseline -0.004 -15"><span class='ocrx_word' id='word_1_323' title='bbox 69 4140 72 4148; x_wconf 89' lang='grc'><em>,</em></span> <span class='ocrx_word' id='word_1_324' title='bbox 138 4091 199 4142; x_wconf 84' lang='grc' dir='ltr'>Ειιιι</span> <span class='ocrx_word' id='word_1_325' title='bbox 230 4095 308 4157; x_wconf 70' lang='lat' dir='ltr'>itaque</span> <span class='ocrx_word' id='word_1_326' title='bbox 338 4107 471 4156; x_wconf 73' lang='lat' dir='ltr'>germanam</span> <span class='ocrx_word' id='word_1_327' title='bbox 505 4107 554 4141; x_wconf 83' lang='lat' dir='ltr'>esse</span> <span class='ocrx_word' id='word_1_328' title='bbox 586 4091 644 4140; x_wconf 78' lang='lat' dir='ltr'>Livii</span> <span class='ocrx_word' id='word_1_329' title='bbox 678 4107 746 4155; x_wconf 85' lang='lat' dir='ltr'>quem</span> <span class='ocrx_word' id='word_1_330' title='bbox 765 4090 801 4138; x_wconf 88' lang='lat' dir='ltr'>hic</span> <span class='ocrx_word' id='word_1_331' title='bbox 812 4091 926 4146; x_wconf 78' lang='lat' dir='ltr'>exscribit,</span> <span class='ocrx_word' id='word_1_332' title='bbox 941 4091 965 4138; x_wconf 86' lang='lat' dir='ltr'>io</span> <span class='ocrx_word' id='word_1_333' title='bbox 982 4105 1083 4138; x_wconf 85' lang='lat' dir='ltr'>errorem</span> <span class='ocrx_word' id='word_1_334' title='bbox 1102 4089 1184 4137; x_wconf 83' lang='lat' dir='ltr'>indue-</span> 
     </span>
     <span class='ocr_line' id='line_1_42' title="bbox 135 4155 1183 4222; baseline -0.005 -16"><span class='ocrx_word' id='word_1_335' title='bbox 135 4160 271 4222; x_wconf 80' lang='lat' dir='ltr'>scrlpturem</span> <span class='ocrx_word' id='word_1_336' title='bbox 291 4158 423 4206; x_wconf 82' lang='lat' dir='ltr'>Perlronius</span> <span class='ocrx_word' id='word_1_337' title='bbox 440 4157 563 4206; x_wconf 77' lang='lat' dir='ltr'>existimet.</span> <span class='ocrx_word' id='word_1_338' title='bbox 595 4155 644 4206; x_wconf 83' lang='lat' dir='ltr'>Ve·</span> <span class='ocrx_word' id='word_1_339' title='bbox 675 4167 730 4208; x_wconf 86' lang='lat' dir='ltr'>rum</span> <span class='ocrx_word' id='word_1_340' title='bbox 743 4155 823 4205; x_wconf 77' lang='lat' dir='ltr'>luisse.</span> <span class='ocrx_word' id='word_1_341' title='bbox 856 4155 921 4203; x_wconf 85' lang='lat' dir='ltr'>Idem</span> <span class='ocrx_word' id='word_1_342' title='bbox 932 4157 1068 4204; x_wconf 75' lang='lat' dir='ltr'>colmenar</span> <span class='ocrx_word' id='word_1_343' title='bbox 1083 4165 1109 4202; x_wconf 86' lang='lat' dir='ltr'>et</span> <span class='ocrx_word' id='word_1_344' title='bbox 1123 4155 1183 4218; x_wconf 79' lang='lat' dir='ltr'>epml</span> 
     </span>
     <span class='ocr_line' id='line_1_43' title="bbox 139 4219 1241 4299; baseline -0.001 -27"><span class='ocrx_word' id='word_1_345' title='bbox 139 4239 192 4272; x_wconf 84' lang='lat' dir='ltr'>nrm</span> <span class='ocrx_word' id='word_1_346' title='bbox 208 4225 442 4272; x_wconf 76' lang='lat' dir='ltr'>indenovsexoritur</span> <span class='ocrx_word' id='word_1_347' title='bbox 455 4222 584 4272; x_wconf 75' lang='lat' dir='ltr'>difficultas.</span> <span class='ocrx_word' id='word_1_348' title='bbox 615 4221 646 4272; x_wconf 53' lang='lat' dir='ltr'>T,</span> <span class='ocrx_word' id='word_1_349' title='bbox 679 4223 789 4270; x_wconf 75' lang='lat' dir='ltr'>Graecum</span> <span class='ocrx_word' id='word_1_350' title='bbox 807 4221 938 4285; x_wconf 77' lang='lat' dir='ltr'>scriptorem</span> <span class='ocrx_word' id='word_1_351' title='bbox 958 4221 1081 4299; x_wconf 81' lang='lat' dir='ltr'>reperitur.</span> <span class='ocrx_word' id='word_1_352' title='bbox 1120 4219 1183 4271; x_wconf 74' lang='lat' dir='ltr'>sou</span> <span class='ocrx_word' id='word_1_353' title='bbox 1237 4233 1241 4247; x_wconf 68' lang='grc'><strong>“</strong></span> 
     </span>
     <span class='ocr_line' id='line_1_44' title="bbox 138 4285 1183 4352; baseline -0.002 -16"><span class='ocrx_word' id='word_1_354' title='bbox 138 4287 252 4344; x_wconf 81' lang='lat' dir='ltr'>Quintius</span> <span class='ocrx_word' id='word_1_355' title='bbox 270 4291 332 4337; x_wconf 89' lang='lat' dir='ltr'>enlm</span> <span class='ocrx_word' id='word_1_356' title='bbox 342 4305 388 4338; x_wconf 88' lang='lat' dir='ltr'>non</span> <span class='ocrx_word' id='word_1_357' title='bbox 403 4303 456 4338; x_wconf 87' lang='lat' dir='ltr'>cum</span> <span class='ocrx_word' id='word_1_358' title='bbox 475 4289 519 4337; x_wconf 85' lang='lat' dir='ltr'>Cn.</span> <span class='ocrx_word' id='word_1_359' title='bbox 534 4287 647 4346; x_wconf 87' lang='lat' dir='ltr'>Domitio,</span> <span class='ocrx_word' id='word_1_360' title='bbox 677 4289 723 4336; x_wconf 83' lang='lat' dir='ltr'>vid.</span> <span class='ocrx_word' id='word_1_361' title='bbox 740 4289 794 4348; x_wconf 74' lang='lat' dir='ltr'>Leg.</span> <span class='ocrx_word' id='word_1_362' title='bbox 806 4288 845 4336; x_wconf 81' lang='lat'>28.</span> <span class='ocrx_word' id='word_1_363' title='bbox 865 4285 970 4352; x_wconf 78' lang='lat' dir='ltr'>Polybius</span> <span class='ocrx_word' id='word_1_364' title='bbox 986 4286 1056 4348; x_wconf 74' lang='lat' dir='ltr'>rglnrr</span> <span class='ocrx_word' id='word_1_365' title='bbox 1072 4285 1183 4334; x_wconf 74' lang='lat' dir='ltr'>memor&#39;n</span> 
     </span>
     <span class='ocr_line' id='line_1_45' title="bbox 138 4351 1182 4420; baseline -0.006 -16"><span class='ocrx_word' id='word_1_366' title='bbox 138 4357 180 4404; x_wconf 82' lang='lat' dir='ltr'>sed</span> <span class='ocrx_word' id='word_1_367' title='bbox 198 4371 250 4403; x_wconf 86' lang='lat' dir='ltr'>cum</span> <span class='ocrx_word' id='word_1_368' title='bbox 271 4355 297 4404; x_wconf 84' lang='grc' dir='ltr'>Ρ.</span> <span class='ocrx_word' id='word_1_369' title='bbox 315 4353 377 4403; x_wconf 80' lang='lat' dir='ltr'>AElio</span> <span class='ocrx_word' id='word_1_370' title='bbox 398 4353 541 4404; x_wconf 76' lang='lat' dir='ltr'>consulatum</span> <span class='ocrx_word' id='word_1_371' title='bbox 559 4353 645 4420; x_wconf 79' lang='lat' dir='ltr'>gessit:</span> <span class='ocrx_word' id='word_1_372' title='bbox 676 4353 750 4416; x_wconf 84' lang='lat' dir='ltr'>lspsus</span> <span class='ocrx_word' id='word_1_373' title='bbox 766 4365 814 4400; x_wconf 79' lang='lat' dir='ltr'>est:</span> <span class='ocrx_word' id='word_1_374' title='bbox 838 4365 954 4400; x_wconf 73' lang='lat' dir='ltr'>errantem</span> <span class='ocrx_word' id='word_1_375' title='bbox 974 4361 1066 4401; x_wconf 74' lang='lat' dir='ltr'>secutis</span> <span class='ocrx_word' id='word_1_376' title='bbox 1085 4362 1120 4399; x_wconf 81' lang='lat' dir='ltr'>est</span> <span class='ocrx_word' id='word_1_377' title='bbox 1141 4351 1182 4398; x_wconf 87' lang='lat' dir='ltr'>Li·</span> 
     </span>
     <span class='ocr_line' id='line_1_46' title="bbox 138 4416 1181 4486; baseline -0.003 -18"><span class='ocrx_word' id='word_1_378' title='bbox 138 4419 185 4470; x_wconf 83' lang='lat' dir='ltr'>Co.</span> <span class='ocrx_word' id='word_1_379' title='bbox 205 4419 321 4468; x_wconf 82' lang='lat' dir='ltr'>Domitius</span> <span class='ocrx_word' id='word_1_380' title='bbox 336 4435 390 4470; x_wconf 83' lang='lat' dir='ltr'>rere</span> <span class='ocrx_word' id='word_1_381' title='bbox 410 4422 437 4470; x_wconf 90' lang='lat' dir='ltr'>L.</span> <span class='ocrx_word' id='word_1_382' title='bbox 457 4419 548 4474; x_wconf 86' lang='lat' dir='ltr'>Quintil</span> <span class='ocrx_word' id='word_1_383' title='bbox 561 4421 645 4483; x_wconf 78' lang='lat' dir='ltr'>collega</span> <span class='ocrx_word' id='word_1_384' title='bbox 675 4421 736 4468; x_wconf 83' lang='lat' dir='ltr'>vius.</span> <span class='ocrx_word' id='word_1_385' title='bbox 770 4417 830 4465; x_wconf 77' lang='lat' dir='ltr'>Her</span> <span class='ocrx_word' id='word_1_386' title='bbox 847 4417 1032 4486; x_wconf 76' lang='lat' dir='ltr'>susiuedisputer</span> <span class='ocrx_word' id='word_1_387' title='bbox 1048 4416 1181 4467; x_wconf 70' lang='lat' dir='ltr'>emmim</span> 
     </span>
    </p>

    <p class='ocr_par' dir='ltr' id='par_1_7' title="bbox 138 4483 945 4550">
     <span class='ocr_line' id='line_1_47' title="bbox 138 4483 945 4550; baseline 0.001 -17"><span class='ocrx_word' id='word_1_388' title='bbox 138 4485 164 4533; x_wconf 83' lang='lat' dir='ltr'>in</span> <span class='ocrx_word' id='word_1_389' title='bbox 181 4486 300 4535; x_wconf 77' lang='lat' dir='ltr'>consulem</span> <span class='ocrx_word' id='word_1_390' title='bbox 316 4486 367 4534; x_wconf 79' lang='lat' dir='ltr'>fuit.</span> <span class='ocrx_word' id='word_1_391' title='bbox 400 4485 532 4550; x_wconf 79' lang='lat' dir='ltr'>Respondet</span> <span class='ocrx_word' id='word_1_392' title='bbox 552 4483 645 4534; x_wconf 74' lang='lat' dir='ltr'>Petico·</span> <span class='ocrx_word' id='word_1_393' title='bbox 674 4485 803 4550; x_wconf 81' lang='lat' dir='ltr'>locosuprs</span> <span class='ocrx_word' id='word_1_394' title='bbox 810 4495 945 4534; x_wconf 75' lang='lat' dir='ltr'>memorato.</span> 
     </span>
    </p>

    <p class='ocr_par' dir='ltr' id='par_1_8' title="bbox 86 4551 644 4622">
     <span class='ocr_line' id='line_1_48' title="bbox 86 4551 644 4622; baseline 0 -22"><span class='ocrx_word' id='word_1_395' title='bbox 86 4571 101 4592; x_wconf 80' lang='grc' dir='ltr'><strong>ο</strong></span> <span class='ocrx_word' id='word_1_396' title='bbox 136 4551 190 4601; x_wconf 80' lang='lat' dir='ltr'>nim</span> <span class='ocrx_word' id='word_1_397' title='bbox 207 4551 297 4622; x_wconf 76' lang='lat' dir='ltr'>livium</span> <span class='ocrx_word' id='word_1_398' title='bbox 320 4551 358 4602; x_wconf 87' lang='lat' dir='ltr'>bie</span> <span class='ocrx_word' id='word_1_399' title='bbox 376 4551 470 4601; x_wconf 74' lang='lat' dir='ltr'>bomani</span> <span class='ocrx_word' id='word_1_400' title='bbox 488 4551 573 4617; x_wconf 76' lang='lat' dir='ltr'>aliquid</span> <span class='ocrx_word' id='word_1_401' title='bbox 594 4567 644 4616; x_wconf 81' lang='lat' dir='ltr'>pas·</span> 
     </span>
    </p>
   </div>
   <div class='ocr_carea' id='block_1_5' title="bbox 0 0 1539 5186">
    <p class='ocr_par' dir='ltr' id='par_1_9' title="bbox 0 0 1539 5186">
     <span class='ocr_line' id='line_1_49' title="bbox 0 0 1539 5186; baseline 0 0"><span class='ocrx_word' id='word_1_402' title='bbox 0 0 1539 5186; x_wconf 95' lang='lat' dir='ltr'> </span> 
     </span>
    </p>
   </div>
  </div>
 </body>
</html>
