3068 5186
370 370 449 432 LlB.
469 370 645 432 xxxvm.
666 369 749 433 clu’.
770 373 866 436 XXV.
1083 379 1143 436 ³61

111 528 279 610 igiposset,
305 540 456 591 venuuos.
502 527 616 592 Consul
639 550 672 590 se
695 550 813 613 quoque
827 529 963 592 Attalum
984 529 1144 592 missurum
1157 523 1296 576 ⁰·⁰·⁵⁶³·

112 615 195 676 ‹lixic
238 614 289 676 Ad
304 615 363 676 hoc
385 616 578 696 conloquium
600 616 750 698 utrimque
771 627 894 679 ventum
909 629 966 680 est.
991 627 1145 680 trecentos

112 699 226 781 equites
251 701 373 763 Attalns
399 701 529 783 presidii
559 722 666 764 caussa
693 721 785 784 quum
809 702 993 782 adduxisset,
1022 701 1146 784 ⁹¹justae

112 796 181 848 sunt
201 787 285 868 pacis
312 787 511 853 conditiones.
555 786 638 850 Finis
664 789 715 850 rei
732 789 805 869 quia
825 790 999 852 absentibus
1020 789 1146 852 ducibus

33 928 37 936 .
112 872 214 956 inponi
238 893 300 934 non
325 883 455 956 poterat,
479 875 632 953 conuenit,
658 875 703 936 uti
718 875 824 938 consul
849 895 993 958 regesque
1018 897 1055 937 eo
1077 875 1146 938 loco

1156 591 1190 639 A.
1200 589 1230 640 C.
1244 589 1302 642 1⁸9.

113 971 232 1044 postero
257 959 307 1022 die
328 960 595 1041 congrederentur.
640 959 807 1023 Fmstratio
821 959 977 1023 Gallorum
999 984 1037 1024 eo
1060 983 1145 1044 spec·
1159 969 1286 1020 Gelliuri·
1316 968 1319 975 '
1402 945 1404 954 .

113 1046 210 1123 tabat,
221 1047 351 1126 primum
360 1059 396 1109 ut
410 1058 544 1108 tererent
558 1058 688 1145 tempus,
712 1048 809 1110 donee
824 1051 852 1088 ⁹²
862 1069 909 1110 res
923 1069 991 1109 suas
1000 1058 1024 1127 ⁸,
1039 1049 1147 1129 quibus
1159 1038 1266 1152 dianqq,

73 1155 78 1164 ¹
113 1131 275 1216 periclitari
291 1132 448 1212 nolebant,
471 1154 539 1195 cum
562 1134 741 1216 conjugibus
764 1153 800 1194 ac
822 1133 923 1196 liberis
944 1145 1027 1196 trans
1044 1133 1147 1219 Halyn
1159 1119 1213 1152 ⁰⁰⁸¹
1239 1120 1256 1152 ⁸

113 1218 222 1280 flumen
238 1217 431 1300 trajicerent:
459 1220 570 1283 deinde
595 1221 678 1302 quod
701 1221 758 1301 ipsi
783 1220 910 1298 consuli,
935 1241 1042 1303 parum
1057 1235 1148 1295 cauto

113 1305 252 1366 adversus
264 1305 417 1387 conloquii
428 1306 575 1384 fraudem,
590 1306 818 1368 insidiabantur.
856 1304 948 1368 Mille
956 1307 994 1368 ed
1004 1327 1072 1370 eum
1084 1329 1149 1377 rem

113 1411 151 1453 ex
174 1393 257 1452 omni
280 1412 405 1456 numero
431 1393 565 1455 audaciae
591 1403 721 1476 experta
737 1393 916 1472 delegerunt
939 1393 1066 1473 equites.
1109 1393 1151 1458 Et

20 1507 28 1532 a
112 1479 304 1540 successisset
318 1479 428 1556 fraudi,
450 1481 481 1540 ni
497 1499 552 1561 pro
570 1477 638 1560 jure
659 1479 806 1559 gentium,
829 1476 913 1558 cujus
927 1479 1059 1540 violandi
1075 1501 1150 1542 eon·

113 1564 215 1625 silium
233 1563 342 1626 initum
365 1575 441 1642 erat,
466 1565 601 1634 stetisset
625 1565 756 1626 fortuna.
801 1563 993 1625 Pabulatores
1016 1565 1151 1646 lignato-

115 1669 220 1729 resque
236 1647 366 1711 Romani
389 1650 419 1711 in
444 1661 656 1732 campartem,
681 1649 788 1731 inqua
808 1649 1002 1731 conloquium
1018 1650 1151 1714 lutumm
1242 1707 1245 1714 .

114 1737 190 1812 erat,
206 1735 290 1797 ducti
304 1746 395 1814 sunt3
422 1737 515 1798 tutius
537 1735 570 1797 id
592 1736 723 1798 futurum
740 1736 867 1798 tribunis
882 1737 967 1816 ratis,
990 1738 1060 1819 quia
1075 1759 1150 1800 con·

115 1821 186 1884 sulis
201 1821 373 1904 praesidium
395 1833 426 1884 et
448 1822 547 1904 ipsum
569 1843 624 1904 pro
646 1825 778 1886 statione
800 1823 932 1885 babituri
948 1835 1044 1902 erant,
1070 1825 1151 1886 hosti

115 1909 299 1990 obpositum.
322 1929 406 1970 suam
432 1919 535 1970 tamen
561 1909 689 1971 alteram
713 1909 876 1970 stationem
902 1910 1025 1992 propius
1052 1921 1152 1974 castra

114 2005 326 2056 sexcentorum
350 1995 485 2076 equitum
511 2007 685 2077 posuerunt.
739 1993 862 2074 Consul,
891 1994 1071 2057 adfirmante
1093 1996 1154 2057 At-

114 2081 189 2158 talo,
203 2092 347 2143 venturos
363 2101 460 2162 reges,
486 2093 518 2144 et
532 2082 658 2163 transigi
684 2101 747 2142 rem
763 2102 861 2164 posse,
885 2081 1037 2163 proiectus
1052 2089 1154 2146 e'cas·

115 2167 179 2243 tris,
194 2187 285 2250 quum
300 2167 420 2246 eodem,
436 2188 495 2249 quo
518 2179 620 2246 antea,
634 2168 773 2250 praesidio
788 2168 922 2250 equitum
937 2169 1068 2250 quinque
1082 2169 1155 2230 mil-

114 2252 155 2314 lia
166 2252 236 2314 lere*
242 2254 448 2336 processisset,
458 2274 516 2314 nec
527 2254 657 2316 multum
668 2275 687 2314 a
698 2254 865 2316 constituto
880 2253 948 2314 loco
959 2255 1088 2333 abesset,
1104 2275 1154 2316 re·

113 2351 206 2422 pente
230 2341 391 2403 concitatis
413 2340 497 2422 equis
523 2361 592 2402 eum
619 2341 725 2422 inpetu
747 2338 851 2402 hostili
872 2340 955 2402 videt
973 2339 1078 2402 Gallos
1101 2363 1154 2402 ve-

26 2473 28 2478 ,
113 2425 244 2488 nientes.
260 2425 420 2490 constituit
432 2447 553 2508 agmen,
575 2437 608 2487 et
629 2427 771 2508 expedire
793 2426 856 2488 tels
876 2427 1051 2508 animosque
1066 2427 1154 2508 equi-

113 2511 195 2573 tibus
214 2509 307 2593 jussis
333 2513 431 2596 primo
455 2521 630 2576 constanter
654 2513 775 2573 initium
798 2532 906 2595 pugnae
937 2513 1067 2595 accepit,
1097 2533 1154 2574 nec

115 2597 219 2659 cessit.
246 2598 334 2676 dein,
353 2618 446 2680 quum
470 2609 669 2680 praegravaret
694 2597 868 2676 multitudo,
899 2599 1005 2660 cedere
1030 2599 1155 2677 sensim,

115 2683 192 2745 nihil
207 2684 341 2746 confusis
363 2695 529 2746 turmarum
552 2684 718 2761 ordinibus,
742 2685 846 2766 coepit.
869 2697 1035 2767 postremo,
1061 2705 1155 2766 quum

111 2765 174 2850 jam
190 2769 259 2852 plus
275 2769 306 2830 in
328 2790 414 2832 mora
435 2769 572 2852 periculi,
595 2791 687 2850 quam
714 2770 745 2832 in
767 2771 921 2834 ordinibus
944 2771 1155 2834 conservandis

25 2893 27 2906 ι
116 2853 246 2938 praesidii
262 2867 353 2933 esset,
377 2876 483 2918 omnes
498 2856 611 2938 passim
626 2856 657 2916 in
681 2855 783 2938 lugam
796 2857 881 2922 effusi
897 2869 978 2919 sunt.
1003 2871 1068 2918 tum
1084 2877 1156 2919 vero

116 2941 231 3002 instare
255 2941 409 3024 dissipatis
423 2939 515 3020 Galli,
537 2953 569 3004 et
584 2942 718 3004 caedere:
741 2963 912 3023 magnaque
927 2963 996 3026 pars
1011 2945 1158 3024 obpressa

116 3027 195 3090 foret
220 3027 255 3088 ni
275 3029 367 3091 statio
382 3029 606 3111 pabulatomm,
631 3029 766 3090 sexcenti
789 3029 916 3110 equites,
943 3030 1156 3091 obcurrissent.

115 3111 153 3192 li,
189 3114 300 3197 procul
325 3114 459 3176 clamore
487 3113 598 3198 pavido
628 3134 749 3176 suorum
779 3115 932 3192 exaudito,
972 3134 1065 3194 quum
1094 3115 1158 3176 tela

114 3213 272 3282 equosque
286 3199 491 3284 expedissem,
515 3200 625 3280 integri
650 3201 843 3281 profligatam
867 3221 1001 3284 pugnam
1029 3219 1157 3284 accepe-

115 3297 193 3350 mnt.
241 3285 349 3370 ltaque
370 3307 456 3350 versa
470 3287 624 3368 extemplo
647 3285 770 3349 fortuna
784 3299 841 3364 est,
864 3307 965 3348 versus
979 3287 1011 3348 in
1025 3288 1157 3348 victores

103 3374 237 3437 ‘evictis
253 3385 359 3436 terror.
381 3383 413 3436 et
436 3373 535 3456 primo
560 3372 667 3454 inpetu
690 3372 749 3434 lusi
764 3371 844 3434 Galli
859 3385 940 3452 sunt,
964 3383 997 3434 et
1017 3393 1057 3435 ex
1076 3372 1157 3454 agris

118 3460 339 3522 concurrebant
365 3459 567 3541 pabulatores,
593 3469 625 3520 et
649 3459 792 3540 undique
812 3459 915 3522 obvius
942 3459 1038 3521 hostis
1061 3456 1157 3520 Gallis

119 3555 204 3608 erat:
219 3563 256 3609 ut
271 3567 310 3606 ne
325 3546 428 3628 frigam
444 3545 566 3629 quidem
580 3544 699 3606 facilem
715 3557 769 3607 aut
784 3556 881 3608 tutam
902 3546 1060 3630 haberent,
1071 3545 1159 3630 'quia

119 3633 290 3694 recentibus
319 3633 403 3714 equis
428 3631 561 3696 Romani
590 3630 685 3694 lessos
705 3633 916 3714 sequebantur.
969 3631 1060 3694 Pauci
1083 3651 1158 3712 ergo

119 3717 298 3800 effligerunt.
320 3729 426 3802 captus
440 3729 488 3782 est
502 3738 612 3780 nemos
640 3715 737 3799 major
759 3718 856 3780 multo
870 3739 939 3801 pars
961 3721 988 3758 ⁹³
997 3739 1050 3801 per
1065 3717 1158 3778 fidem

120 3805 223 3868 violati
239 3804 393 3888 conloquii
405 3825 512 3889 poenas
530 3815 630 3868 morte
645 3803 772 3868 luerunt.
817 3804 959 3883 Romani,
982 3803 1159 3866 ardentibus

530 3960 742 4028 ‘munerea

65 4127 67 4132 ’
150 4113 624 4180 ⁹¹Jastaemrpamauutuom11aege
656 4116 785 4166 Pericliturs'
795 4115 857 4165 enirn
868 4115 1064 4180 aliquundicunt
1076 4113 1159 4162 Latini.

122 4193 174 4228 eum
192 4180 316 4260 Gronoriq,
324 4182 431 4242 juctctoe:
451 4180 497 4228 *id
515 4193 561 4240 est,
577 4182 624 4244 agi·
655 4183 694 4258 ¹Sis
714 4182 771 4259 iqfra
783 4181 800 4230 l.
814 4185 935 4260 xmus-¹15.
954 4182 1007 4244 quid
1021 4181 1160 4243 aliudqucm

121 4246 478 4373 mg'd‘iideaedduddnqnuidbr
492 4309 626 4378 mutem]
655 4246 1060 4374 'ngnbbmfflimwil
1075 4288 1172 4371 pertusi

120 4371 175 4426 Duo
185 4375 625 4440 sonori,umueGroooviaois‚etnos-
657 4375 741 4424 Poenas
759 4375 866 4438 colloquii
885 4377 1017 4440 interposita
1033 4374 1079 4423 fide
1095 4375 1161 4422 frau-

121 4451 158 4486 rer
167 4439 231 4488 Vict.
241 4442 344 4502 ignorant
356 4441 547 4505 praepositionem.
573 4441 626 4490 Nec
656 4439 859 4492 dolenter-violati.
890 4442 938 4495 Sic.
956 4441 1063 4491 Lucil.
1077 4438 1164 4504 perflue

120 4504 245 4571 quicqum
256 4506 393 4560 umam
409 4518 448 4558 ert
461 4523 513 4560 esar
521 4505 625 4570 relegari.
656 4506 758 4571 aufidus
767 4507 856 4569 decepti.
