3026 5164
360 389 615 502 tramam.
636 399 869 462 caenum:
897 417 901 428 ,
1079 405 1136 461 ns
1175 390 1186 420 ⁸

98 555 298 641 disceptatum
323 557 401 640 apud
423 557 576 624 Caecilium
597 559 686 633 foret,
704 557 887 639 indigneque
910 557 978 634 sibi,
997 574 1052 618 nec
1075 555 1138 623 ullo
1151 569 1183 619 υ.
1197 569 1225 620 c.
1237 565 1310 621 rm

96 663 154 705 suo
168 645 288 722 merito,
304 645 481 707 insultatum
498 647 537 706 ab
552 645 691 706 omnibus
706 657 795 706 esset.
845 641 910 706 Has
925 655 1014 706 notas
1029 619 1139 706 irrltrti
1150 635 1221 684 ⁸⁸⁰·
1234 627 1286 685 ²⁸³·
1306 667 1310 674 ·

97 728 163 812 ejns
185 731 276 792 animi
301 731 436 812 conlegit
458 742 591 794 senatus.
614 742 748 793 ceterum
768 731 828 793 alis
848 731 1004 794 excusanti
1023 729 1139 813 juveni,

97 817 159 880 alia
173 819 197 856 ⁸¹
208 818 376 900 recipienti,
390 817 490 880 lutura
505 819 560 896 ita,
571 831 606 880 ut
621 819 753 880 maxime
764 818 856 880 vellet
870 831 1003 895 senatus,
1014 835 1140 901 respon·

98 903 162 966 deri
183 904 312 986 placuit:
340 903 447 966 ‘Nihil
469 915 585 988 patrem
610 902 674 986 ejus
694 924 793 986 neque
814 905 935 983 rectius,
954 925 1011 966 nec
1032 905 1140 986 magis,
1153 917 1297 982 nm

95 989 106 1023 ‘
122 991 204 1072 qood
219 1011 257 1052 ex
270 989 427 1054 voluntate
442 1003 562 1065 senatus
577 1007 667 1070 esset,
679 992 799 1070 fecisse,
812 1011 902 1072 quam
913 991 1006 1073 quod,
1018 1003 1140 1054 utcum-
1151 993 1253 1036 Μ’·

96 1077 107 1110 ⁴
122 1093 181 1158 que
197 1099 234 1139 ea
245 1087 335 1178 gesta
349 1091 460 1157 essent,
470 1099 524 1180 per
536 1080 724 1179 llemetrium
737 1078 835 1178 lilium
846 1078 985 1180 satisfieri
998 1078 1142 1180 uoluisset

97 1163 280 1227 ‘Romanis
324 1163 426 1226 Multa
440 1176 471 1226 et
485 1165 687 1243 dissimulare,
701 1179 732 1227 et
746 1165 893 1236 oblivisci,
908 1177 940 1227 et
954 1175 1018 1247 patr
1033 1177 1140 1248 prsete-
1207 1213 1265 1244 s

96 1250 107 1306 .‘
123 1252 183 1312 rita
198 1263 335 1314 senatum
351 1273 449 1333 posse,
465 1262 496 1314 et
517 1253 639 1314 credere
661 1253 765 1330 etiam,
779 1250 939 1314 Demetrio
956 1251 1140 1316 credendum

96 1335 108 1372 ‘
123 1357 200 1400 esse.
237 1337 383 1400 Obsidem
399 1339 480 1400 enim
496 1359 528 1400 se
543 1339 677 1400 animum
692 1337 756 1420 ejus
772 1338 893 1416 habere,
905 1337 963 1399 etsi
978 1339 1058 1420 patri
1072 1325 1144 1400 cor-⁸

96 1424 174 1508 ‘pus
186 1415 366 1487 reddiderit:
383 1435 415 1488 et
426 1427 513 1502 scire,
523 1437 669 1506 quantum
681 1426 764 1487 salva
774 1425 805 1486 in
819 1434 935 1507 petrem
945 1425 1059 1507 pietate
1069 1441 1141 1508 pos·

97 1510 176 1589 ‘slt,
198 1500 330 1574 amicum
353 1531 422 1573 eum
445 1512 557 1595 populo
574 1511 713 1574 Romano
734 1531 811 1573 esse.
864 1509 1056 1594 Honorlsque
1076 1509 1144 1594 ejus

97 1599 108 1632 ‘
123 1617 231 1660 caussa
246 1599 387 1660 missuros
403 1599 434 1660 in
445 1597 660 1660 Macedoniam
677 1599 805 1680 legatos,
819 1599 897 1675 ⁸¹ut,
912 1597 938 1657 si
953 1592 1026 1678 quid
1042 1596 1142 1680 minus

96 1685 108 1718 ‘
124 1685 239 1748 lactum
260 1685 311 1760 sit,
326 1702 417 1766 quam
438 1685 586 1763 debuerit,
601 1695 666 1746 tum
683 1703 802 1767 quoqne
822 1685 887 1746 sine
904 1683 1025 1767 piaculo
1040 1699 1140 1746 rerum

96 1773 107 1806 ‘
122 1774 390 1854 praetermissarum
402 1772 465 1834 liat.
500 1769 588 1834 Velle
603 1773 696 1833 etiam
712 1773 824 1834 sentire
837 1769 1009 1854 Philippum
1024 1771 1050 1811 ⁸³
1061 1770 1141 1832 into·

96 1859 177 1940 ‘gra
193 1859 296 1920 omnia
310 1859 367 1920 sibi
391 1879 459 1921 cum
477 1859 590 1943 populo
606 1858 745 1920 Romano
759 1856 909 1921 Demetrii
923 1857 977 1920 lilii
992 1855 1140 1928 beneflcio

97 1945 212 2007 ‘esse’
238 1954 243 1964 ’
1188 1991 1192 1998 .

139 2029 285 2096 XlNlll.
306 2030 392 2110 Haec,
404 2053 468 2115 quae
484 2032 628 2114 angendae
643 2031 852 2116 amplitudinis
864 2030 929 2113 ejus
941 2047 1048 2116 caussa
1059 2028 1141 2092 lacta
1154 2042 1305 2094 hredmo-

99 2131 199 2198 erant,
214 2120 370 2203 extemplo
387 2121 417 2181 in
433 2121 586 2196 invidiam,
599 2141 671 2181 mox
685 2121 777 2182 etiam
794 2120 825 2180 in
841 2117 1006 2201 petniciem
1022 2115 1140 2180 adolos-
1153 2111 1244 2160 ”W

97 2207 180 2269 centi
195 2217 358 2287 verterunt.
398 2205 620 2268 lacedemonii
636 2205 747 2268 deinde
761 2205 927 2268 introducti
943 2213 1024 2266 sunt.
1040 2203 1142 2266 multe
1154 2175 1276 2240 ΝΜ·

96 2303 128 2354 et
148 2313 246 2376 parvae
265 2293 501 2376 disceptationes
513 2292 724 2375 jactabantur:
752 2293 817 2369 scd,
832 2293 903 2374 nure
923 2291 1055 2355 maxime
1076 2307 1141 2352 rem

97 2380 299 2457 continerent,
322 2391 422 2457 erant;
449 2392 550 2442 utrum
571 2381 813 2457 restituerentur,
833 2398 908 2462 quos
927 2377 1031 2456 Achaei
1054 2376 1141 2438 dam-

96 2477 253 2544 naverant,
274 2486 332 2528 nec
354 2485 408 2543 ne3
433 2467 545 2548 inique,
566 2485 604 2528 an
623 2465 690 2547 jure
711 2463 905 2540 occidissent,
925 2481 1000 2546 quos
1020 2463 1142 2525 oecide-

98 2563 179 2616 rant.
200 2555 226 2594 ⁸⁴
234 2554 407 2615 vertebatur
432 2565 473 2630 et,
492 2565 594 2636 utrum
617 2563 777 2614 manerent
801 2553 832 2613 in
852 2551 989 2614 Achaico
1012 2549 1143 2611 coneilio

99 2639 341 2716 lacedaemonii3
356 2651 417 2717 an,
432 2651 467 2704 ut
483 2651 553 2702 ante
569 2639 678 2715 luerat,
694 2649 841 2700 secretum
857 2636 922 2720 ejus
937 2637 1025 2698 unius
1041 2631 1071 2697 ln
1087 2633 1144 2700 Pe.-

98 2729 267 2810 loponneso
279 2727 410 2790 civitatis
422 2726 471 2809 jus
488 2739 577 2788 esset.
610 2729 635 2766 ⁸⁶
644 2725 784 2803 Reatini,
796 2725 970 2807 judiciaque
983 2723 1066 2786 lacta
1076 2719 1143 2784 tolli

98 2815 232 2898 placuits
258 2812 507 2876 Lacedaemonem
523 2833 646 2874 manere
661 2814 691 2874 iu
708 2812 845 2874 Achaico
860 2811 1009 2873 concilior
1036 2807 1144 2870 scribi·

98 2921 160 2984 elne
185 2901 218 2962 id
242 2901 409 2978 decretum,
428 2911 461 2962 et
479 2901 650 2982 consignari
672 2921 696 2960 a·
706 2897 943 2960 Lacedaemoniis
964 2906 997 2958 et
1015 2895 1144 2964 delusis.

99 2985 233 3068 legatia
249 2987 280 3048 in
296 2967 512 3049 Macedoniam
528 2984 568 3056 Q.
584 2985 721 3047 Marcius
736 2997 784 3047 est
798 2985 921 3046 missus:
941 2981 1044 3063 jussus
1061 2979 1144 3042 idem
1161 2992 1165 3000 “

97 3075 128 3135 in
150 3074 356 3157 Peloponneso
371 3075 521 3135 sociorum
537 3093 584 3134 res
599 3072 764 3154 adspicere.
778 3087 849 3132 nam
866 3070 908 3131 ibi
926 3083 1045 3156 quoque
1060 3079 1092 3128 et
1105 3087 1145 3130 etr

98 3161 251 3222 veteribus
266 3160 422 3222 discordiis
443 3159 554 3222 residui
576 3169 675 3220 motus
691 3169 788 3237 erant,
804 3167 835 3218 et
849 3154 992 3218 Messene
1008 3153 1145 3216 descire-

101 3259 149 3310 rat
169 3267 189 3308 a
209 3247 339 3310 concilio
354 3247 500 3309 Achaico.
521 3244 605 3327 cujus
619 3245 691 3306 belli
712 3257 743 3306 et
764 3252 906 3305 caussas·
920 3253 952 3304 et
966 3241 1104 3304 ordinem
1118 3239 1145 3302 sl

100 3355 278 3418 expromere
290 3334 390 3411 velim,
402 3334 551 3394 inmemor
567 3333 622 3392 sim
635 3331 796 3414 propositi,
806 3349 865 3410 qno
880 3329 973 3391 statui
989 3347 1050 3389 non
1066 3327 1146 3390 ultra

102 3420 260 3502 adtingere
275 3431 411 3498 externa,
426 3419 484 3481 nisi
500 3439 561 3501 qua
574 3417 721 3480 Romanis
737 3417 942 3480 cohererentl
961 3416 1061 3476 rebus.
1159 3429 1160 3432 ’

143 3505 256 3570 xllx.
280 3506 413 3569 Eventus
441 3504 646 3567 memorabilis
676 3515 733 3581 est,
757 3503 850 3586 quod,
873 3522 966 3585 quum
991 3500 1072 3564 bello
1094 3519 1146 3562 su·
1161 3519 1276 3636 pang-

1201 3601 1216 3634 n
1260 3621 1268 3636 a

101 3596 234 3677 periores
259 3607 360 3659 essent
382 3593 499 3671 Achai,
520 3591 740 3674 Philopoemen*
753 3603 864 3674 prator
890 3609 994 3652 eorum
1019 3587 1149 3670 capitur,
1162 3601 1302 3702 mem

340 3727 447 3766 *merrom
459 3717 533 3766 Gron.
545 3717 615 3767 Crev.
713 3717 835 3766 'calmem
847 3715 912 3764 End.
1163 3729 1267 3786 σιριιιη

135 3827 156 3862 ⁸¹
170 3823 302 3886 Rea-ipimn]
323 3824 478 3874 Prominenti.
588 3821 596 3843 '
672 3822 821 3888 83*Ιιιιιινιιι
842 3825 913 3872 onnia
939 3823 979 3870 rili
999 3837 1050 3870 euro
1071 3781 1292 3882 populanum

136 3893 160 3926 Β
175 3887 213 3946 Ut,
227 3891 245 3938 ri
259 3892 312 3954 qrrtd
323 3889 494 3954 miorojirctum
505 3889 552 4002 adl
567 3887 612 3946 Ut,
643 3886 756 3936 erooo.
770 3887 836 3950 moe]
853 3889 977 3949 integrans,
987 3885 1095 3936 illibatam
1107 3883 1149 3932 sibl

47 3989 50 3994 ι
103 3955 194 4020 siquid
212 3955 378 4004 recurlrcnrm
394 3956 513 4017 uinquam
553 3953 610 4002 bue·
642 3969 695 4003 curn
709 3953 793 4016 Populo
804 3951 911 4002 Romano
926 3965 1044 4002 renuere
1054 3951 1149 4013 gutiam

103 4024 144 4079 rit,
159 4029 206 4067 turo
222 4035 312 4082 paupere,
328 4021 351 4068 id
364 4031 409 4076 ert,
423 4021 511 4068 etiarnsi
525 4035 561 4068 res
580 4021 611 4066 ita
643 4031 668 4068 et
680 4020 811 4070 amicitiam.

104 4091 146 4146 eit,
162 4099 239 4135 tamen
251 4084 298 4144 fiat
313 4085 335 4132 id
354 4085 414 4147 quod
431 4087 480 4132 lieri
492 4085 610 4142 debuerat,
675 4085 697 4116 Μ
712 4083 838 4132 terremur
859 4083 892 4146 et]
919 4081 947 4129 ln
972 4082 1148 4132 controversiam

104 4165 175 4215 etque
185 4150 340 4210 irrnqoriam
352 4162 500 4216 componatur
515 4153 561 4197 rinc
577 4152 610 4210 pi·
643 4149 919 4207 carpentoractense
927 4149 972 4197 &c-
991 4149 1149 4198 Totomhune

105 4218 171 4267 aeolo
184 4229 258 4264 mun
270 4217 469 4275 praetermitterem,
479 4217 509 4263 ira
521 4227 546 4262 ur
557 4230 611 4280 pec·
643 4216 728 4270 locum,
744 4225 847 4263 rsrotata
864 4225 970 4262 vernum
983 4215 1097 4262 editorum
1114 4207 1149 4262 ti·

106 4293 211 4331 οιιοιιιιιι
222 4293 298 4338 areae
309 4281 397 4328 nullum
408 4281 524 4346 piaculum
537 4282 611 4342 erige·
644 4279 812 4345 terpuuctione,
821 4285 880 4342 quoe'
889 4278 913 4327 io
928 4280 1022 4344 nuperis
1031 4279 1149 4344 dopmno

105 4360 154 4397 tur.
198 4344 241 4394 tet
259 4346 390 4405 meantem
410 4347 483 4395 rerblr
504 4346 612 4394 modium
644 4358 690 4402 err,
703 4345 822 4393 clariorem
833 4343 977 4394 reddidimus.

106 4411 215 4472 Romal,
231 4409 288 4456 dom
305 4413 412 4462 ιιιιιιιιι..
428 4425 527 4475 ..parra
544 4411 612 4460 driu-
676 4411 699 4445 ⁸⁵
710 4407 818 4476 Mara]
839 4407 885 4460 Vel
904 4407 1014 4474 intellige,
1031 4405 1068 4459 rel
1086 4407 1152 4468 adde.

106 4477 324 4534 mdiouomoo
341 4476 413 4530 mter
432 4485 613 4542 ramma·-
644 4477 763 4528 dem
813 4480 822 4502 ⁶

106 4543 442 4605 mmeramme.
