3080 5196
410 335 489 403 Lm.
508 335 638 400 XXXV.
658 335 743 400 CAR·
759 335 859 398 ΧΠ.
1115 339 1176 398 ”⁹

126 489 360 576 Hellespontum
374 512 445 556 curn
459 493 594 557 exercitu
608 493 770 570 omnm
792 501 846 557 et·
859 485 984 555 AEtolor
1005 483 1105 556 ita'se·
1114 511 1171 576 pe·
1186 497 1221 552 υ.
1230 499 1328 558 cute.

127 599 201 656 rare,
225 592 261 642 ut
286 581 342 644 sub
363 579 527 643 adventum
553 578 618 660 ejus
644 581 676 641 in
703 580 794 642 umis
818 589 930 641 errent.
971 576 1014 640 m
1038 575 1170 642 licrmcni
1186 567 1256 624 Ν·
1269 571 1325 624 m·

126 665 256 741 ebeetrti,
282 677 315 728 et
338 665 480 749 presenti
491 663 599 728 Attelo
622 666 729 748 gretie
754 676 851 728 κως
871 675 903 727 et
924 667 950 711 ⁷⁷
962 663 1043 726 redes
1057 663 1169 746 liberte,

128 751 222 829 locus,
236 751 332 816 lentie
346 753 479 830 decretu,
500 763 533 814 et
548 771 676 816 munere
689 751 774 830 dete,
795 751 864 833 equi
880 750 952 830 duo,
973 751 1047 812 bine
1060 769 1168 832 equet-

126 836 184 898 trin
197 858 293 917 erma,
315 850 435 902 etrusc
455 849 603 921 argentee
625 839 651 886 ⁷⁸
661 847 783 902 centum
797 837 913 922 pondo,
934 848 967 900 et
981 857 1071 900 auree
1084 841 1111 886 ⁷⁹
1120 839 1168 900 ri·

125 917 202 1003 ginti
218 924 332 1006 pondo.

165 1007 284 1073 XXIV.
306 1009 406 1082 Quum
433 1011 487 1074 elii
502 1011 662 1094 etqueelii
685 1010 789 1074 nuncii
811 1008 922 1074 bellurn
940 1010 1053 1074 imtere
1066 1011 1167 1074 edfers

125 1107 204 1174 rent,
226 1096 267 1158 ed
292 1117 356 1160 rem
380 1098 535 1180 pertinere
557 1098 655 1159 visum
678 1109 735 1176 est,
761 1096 900 1159 consules
925 1098 1024 1180 primo
1051 1113 1172 1179 qnoque

125 1193 265 1264 ternpore
288 1184 396 1246 creari.
453 1181 562 1264 Itaque
587 1183 883 1246 senetrrsconsultum
911 1181 1027 1246 lectum
1053 1197 1111 1262 est,
1137 1194 1172 1246 nt

123 1263 171 1328 M.
180 1267 303 1330 Fulvius
328 1280 438 1350 pretor
462 1270 566 1332 litcrm
590 1270 746 1351 extemplo
770 1269 812 1330 ed
838 1269 995 1331 consulem
1023 1270 1171 1348 mitteret,

125 1354 234 1434 quibus
255 1355 368 1418 certior
386 1353 483 1433 fieret,
508 1354 627 1418 senetui
648 1355 778 1436 placere,
800 1355 956 1437 provincie
976 1355 1174 1436 exercituque

125 1439 242 1504 tradito
256 1439 376 1523 legetis,
403 1439 536 1503 Remum
562 1441 670 1504 reverti
695 1461 776 1517 eum,
800 1452 892 1502 etex
913 1440 1172 1523 itinereprremit·

124 1535 189 1588 tere
220 1526 366 1604 cdictnrn,
395 1546 455 1607 quo
484 1525 613 1588 comitis
640 1526 815 1587 consulibus
849 1525 990 1587 creandis
1024 1527 1169 1591 ediceret.
1183 1531 1293 1596 conia

124 1607 229 1672 Paruit
243 1612 290 1674 his
314 1612 409 1674 literis
431 1611 549 1688 consul,
570 1621 612 1689 ct,
633 1612 787 1692 premisso
801 1610 915 1694 edicto,
931 1610 1062 1674 Romam
1076 1615 1171 1680 venit.

123 1695 171 1760 Ilo
184 1716 305 1782 quoqne
325 1719 406 1762 enno
432 1718 545 1780 megne
566 1697 694 1760 ambitio
708 1697 778 1775 fuit,
801 1697 885 1778 quod
909 1699 1027 1780 patricii
1052 1709 1113 1762 tres
1136 1699 1170 1764 in

122 1801 218 1846 unum
248 1785 350 1848 locum
375 1784 540 1867 petierunt,
577 1781 611 1846 Ρ.
637 1782 796 1846 Cornelius
826 1781 885 1845 Cn.
909 1783 943 1848 F.
969 1781 1084 1867 Scipio,
1114 1786 1166 1868 qui

125 1869 226 1950 priore
242 1890 322 1933 enno
338 1869 490 1954 repulsam
512 1869 635 1949 tulerat,
655 1881 688 1932 et
700 1869 736 1932 1..
752 1868 910 1932 Cornelius
924 1867 1040 1952 Scipio,
1064 1883 1097 1932 et
1110 1871 1172 1936 Cn.

123 1951 260 2018 Manlius
274 1954 380 2020 Vulso.
425 1955 459 2020 P.
471 1955 620 2038 Scipioni,
644 1965 680 2018 ut
705 1956 833 2018 dilemur
853 1955 918 2017 viro
942 1956 1008 2035 teli,
1034 1976 1098 2017 non
1113 1977 1170 2018 nc-

122 2053 242 2123 getum,
268 2044 417 2106 honorem
438 2042 608 2126 adpareret,
633 2042 808 2106 consuletur
833 2041 922 2106 detur
946 2053 1002 2104 est.
1023 2041 1171 2104 additur·

123 2128 151 2188 ei
175 2128 215 2192 de
229 2129 318 2211 plebe
333 2130 463 2212 college,
487 2127 547 2190 M'.
560 2127 677 2189 Acilius
690 2125 828 2190 Glabrio.
873 2125 998 2190 Postero
1020 2128 1070 2190 die
1092 2149 1168 2212 pree·

123 2224 206 2276 tores
232 2216 338 2294 creati,
361 2215 397 2278 1..
411 2213 555 2278 AErnilins
571 2212 701 2291 Paullus,
725 2211 772 2275 M.
789 2210 933 2276 AEmiliue
948 2211 1094 2296 Lepidus,
1120 2213 1169 2276 M.

120 2299 234 2362 lunius
260 2299 384 2379 Brutus,
412 2301 450 2364 A.
476 2298 635 2362 Cornelius
663 2297 847 2377 Mammula,
876 2298 913 2361 C.
930 2298 1042 2379 Livius,
1071 2313 1104 2362 et
1131 2298 1168 2362 1.

122 2386 265 2468 Oppius,
292 2388 410 2469 utrique
437 2407 541 2460 eorum
556 2383 709 2449 Salinator
734 2405 905 2468 cognomen
928 2397 1004 2448 eret.
1050 2384 1168 2468 Oppius

121 2471 150 2534 is
178 2482 255 2551 eret,
283 2475 333 2554 qni
360 2472 488 2536 classem
512 2473 639 2553 triginta
664 2471 784 2534 nerium
811 2472 841 2534 in
868 2470 1004 2536 Siciliam
1028 2472 1169 2534 duxerat.

121 2555 252 2620 Interim
279 2559 351 2620 dum
377 2560 444 2622 novi
474 2559 669 2639 magistratus
699 2559 878 2622 sortirentur
900 2559 1082 2642 provincias,
1117 2555 1166 2620 M.

22 2679 24 2682 ·
120 2641 243 2708 Baebius
258 2665 277 2706 a
291 2643 452 2708 Brundisio
474 2665 544 2706 curn
566 2645 706 2707 omnibus
728 2645 825 2727 copiis
848 2647 975 2708 transire
995 2646 1026 2706 in
1039 2643 1166 2726 Epirum

119 2741 167 2792 est
178 2729 293 2811 jussus,
302 2742 334 2794 et
344 2731 629 2813 ciranpolloninm
644 2731 747 2813 copies
762 2731 918 2793 continere
931 2755 940 2792 ι
956 2743 989 2794 et
1002 2729 1050 2792 M.
1059 2729 1177 2792 Fulvio·

121 2816 244 2897 praetori
259 2819 376 2879 urbano
390 2817 547 2899 negotium
564 2818 670 2880 datum
692 2828 750 2896 est,
773 2828 807 2879 ut
821 2817 1051 2901 quinqueremes
1072 2835 1166 2880 noves

120 2899 343 2985 quinquaginta
358 2903 482 2966 feceret.

163 2987 268 3052 XXV.
289 2987 331 3051 Et
347 2989 476 3071 populns
498 2990 621 3071 quidem
636 2989 793 3052 Romanus
818 2991 862 3052 ite
882 3012 915 3054 se
936 2991 977 3052 ed
992 3009 1098 3054 omnes
1113 3011 1167 3052 co·

120 3085 213 3137 natue
250 3074 398 3137 Antiochi
431 3077 633 3157 praeparabat.
691 3071 788 3136 Nabis
818 3074 884 3156 jam
914 3097 976 3139 non
1008 3077 1167 3140 differebat
1180 3083 1254 3136 Nabis
1264 3085 1319 3154 Gy·

119 3161 249 3239 bellurn,
274 3160 328 3222 sed
355 3179 475 3221 summa
499 3161 528 3219 vi
550 3159 697 3241 Gythinm
721 3161 940 3241 obpugnabnt3
964 3174 1007 3240 et,
1034 3163 1168 3224 infensus
1180 3151 1256 3201 rhium

117 3245 256 3322 Achaeis,
286 3245 369 3326 quod
397 3244 542 3306 miserunt
571 3245 700 3306 obsessis
728 3247 913 3326 presidium,
943 3267 1032 3328 egros
1063 3268 1167 3309 eorum
1181 3215 1304 3283 ‘'blm‘'

117 3333 273 3394 vastabat.
317 3330 431 3408 Achaei,
457 3350 519 3392 non
546 3341 638 3392 antea
662 3330 726 3392 ensi
750 3333 1325 3416 oppesserebellum,quemheheibe1·

118 3419 160 3482 ab
177 3417 280 3480 Roma
300 3417 491 3479 revertissent
514 3415 617 3500 legati,
642 3428 687 3496 ut,
713 3417 787 3498 quid
807 3419 925 3480 senatui
940 3419 1084 3502 placeret,
1107 3421 1168 3482 sci-
1180 3413 1329 3464 luminum

119 3515 201 3581 rent,
230 3516 302 3586 post
325 3504 454 3565 reditum
471 3503 640 3585 legatorum
668 3515 700 3565 et
715 3502 876 3588 Sicyonem
899 3508 1061 3570 concilium
1078 3508 1165 3569 edix-
1180 3477 1318 3530 &mm

121 3601 222 3670 erunt,
251 3602 282 3651 et
309 3590 425 3672 legatos
441 3591 479 3652 ed
494 3588 532 3651 Τ.
545 3590 720 3662 Quinctium
747 3591 902 3671 misenrnt,
929 3595 981 3676 qui
1005 3595 1165 3658 consilium

121 3679 160 3740 ab
176 3700 215 3740 co
230 3689 381 3760 peterent.
425 3677 460 3740 ln
493 3677 624 3740 concilio
646 3678 781 3740 omniurn
806 3679 847 3740 ad
871 3681 983 3742 bellum
1010 3682 1166 3764 externplo

121 3764 341 3846 capessendum
368 3764 520 3826 inclinate
545 3766 703 3826 sententiae
727 3777 835 3827 erent:
862 3766 955 3829 literne
978 3764 1016 3828 T.
1028 3767 1165 3837 Quinctii

122 3851 351 3912 cunctationem
367 3849 545 3932 injecerunt,
572 3851 680 3932 quibus
704 3863 809 3912 auctor
832 3864 897 3914 erat
912 3867 1070 3935 praetorem
1085 3854 1165 3914 clas-

121 3957 246 4020 semque
272 3935 444 4000 Romanam
467 3937 673 4020 exspectandi.
727 3937 827 4008 Quum
852 3939 1022 4021 principum
1052 3939 1102 4000 elii
1131 3941 1164 4000 in

120 4024 273 4084 sententie
286 4033 518 4106 permanerent3
545 4023 594 4083 alii
610 4023 756 4084 utendum
773 4023 849 4105 ejus,
876 4045 965 4106 quern
982 4026 1037 4107 ipsi
1053 4045 1163 4088 consu·

121 4107 257 4190 luissent,
283 4110 411 4170 consilio
437 4120 615 4188 censerent3
643 4109 806 4172 multitudo
830 4109 1065 4194 Philopoemenis
1092 4132 1162 4174 sen·

278 4241 289 4266 ¹
304 4243 325 4282 et
335 4232 381 4282 del.
391 4233 460 4282 Creu.
720 4240 731 4267 ¹
746 4235 834 4283 additur
845 4233 917 4286 Gron.
931 4239 1001 4288 Creu.

150 4341 173 4380 tt
189 4343 258 4392 AEder
273 4343 352 4399 libers,
368 4341 436 4405 henr]
459 4335 512 4390 Vri.
530 4352 580 4392 not.
599 4344 625 4391 cd
658 4345 717 4392 rium
730 4347 783 4396 156.
796 4361 849 4395 cunr
861 4348 936 4396 unciis
947 4351 970 4397 2.

118 4405 136 4457 l,
151 4419 217 4456 xxx,
228 4409 296 4458 017,
688 4411 710 4447 ⁷⁹
729 4411 813 4475 Viginti
819 4411 901 4480 pcrtdc]
910 4413 1086 4470 Murtarum3l.
1102 4431 1156 4469 tum

151 4471 174 4510 ⁷⁸
192 4469 520 4536 emtumpmuomrrcrmm
534 4485 624 4524 coenr-
656 4477 761 4534 umiirt.

160 4557 237 4604 VOL.
261 4559 310 4605 lll.
709 4563 730 4608 Ρ
