3068 5186
319 357 420 440 'aar
621 397 645 426 ··
786 373 1204 480 urmmvn

194 541 229 590 U.
240 539 270 589 C.

194 607 333 656 nult.

196 671 278 749 Sqmire
289 671 330 718 de.

193 748 301 788 munt.

359 532 519 616 Insperata
531 553 592 615 pax
604 529 808 614 Cephallaniae
822 529 1007 607 adfirlserat3
1031 549 1124 610 quum
1140 537 1267 612 repente
1281 547 1347 590 una
1359 527 1408 590 ei-

359 621 445 698 vitas,
461 620 609 682 incertum
625 638 716 699 quam
732 619 772 679 ob
787 637 935 696 caussam,
950 615 1058 678 Samrei
1073 616 1275 678 desciverunt.
1323 613 1407 684 Quia

359 717 531 788 opportuno
547 706 615 767 loeo
630 705 700 765 urbs
715 704 815 786 posita
834 714 924 780 esset,
939 703 1076 765 timuisse
1096 723 1128 764 se
1143 702 1278 778 aiebant,
1293 721 1334 763 ue
1349 701 1407 762 de·

359 794 488 874 migrare
513 803 693 873 cogerentur
718 791 757 852 ab
778 789 935 852 Romanis.
960 800 1092 851 ceterum
1119 788 1215 870 ipsine
1241 787 1301 849 sibi
1332 807 1406 849 curn

358 878 502 941 finxerint
516 890 643 956 metum,
657 877 813 964 attinuere
826 897 905 938 vano
920 876 1054 958 quictem
1069 875 1220 952 exuerint,
1242 893 1282 936 an
1298 871 1404 954 jacta·

358 978 393 1028 ta
413 964 599 1026 sermonibus
622 985 668 1024 res
693 963 776 1046 apud
795 961 950 1026 Romanos
973 962 1091 1044 perlata
1115 962 1154 1023 ad
1180 981 1232 1022 eos
1250 961 1302 1038 sit,
1324 959 1404 1022 nihil

359 1051 507 1132 comperti
530 1062 591 1112 est:
619 1050 680 1120 ,nisi
702 1050 794 1130 quod,
810 1049 889 1112 datis
910 1048 977 1130 jam
998 1048 1162 1126 obsidibus,
1186 1059 1313 1129 repente
1328 1067 1403 1129 por-

359 1148 407 1199 tas
422 1137 594 1198 clauserunt
599 1159 610 1213 ;
634 1147 666 1202 et
682 1156 719 1196 ne
734 1155 856 1198 suorum
871 1135 992 1216 quidem
1009 1134 1146 1219 precibus
1163 1133 1304 1215 (miserat
1316 1132 1402 1194 enirn

359 1221 414 1284 sub
435 1241 535 1286 muros
561 1223 666 1283 consul
693 1222 733 1284 ad
763 1222 942 1286 tentandam
971 1221 1209 1283 misericordiam
1238 1229 1403 1302 parentum

324 1354 334 1366 .
357 1297 621 1392 populariumque)
640 1308 785 1370 desistere
802 1311 840 1370 ab
858 1309 981 1392 incepto
998 1308 1166 1369 voluerunt.
1217 1304 1402 1389 Obpugnari

359 1395 479 1472 deinde,
504 1407 666 1478 postquem
696 1395 771 1456 nihil
798 1395 899 1477 pacati
923 1394 1171 1476 respondebatur,
1196 1404 1301 1474 coepta
1330 1391 1404 1454 urbs
1430 1419 1433 1424 ¹

358 1494 415 1544 est.
437 1481 613 1565 adparatum
636 1502 759 1543 omnem
777 1491 997 1544 tonnentorum
1012 1480 1283 1560 machinarumque
1298 1491 1400 1542 trans-

357 1580 477 1630 vectum
500 1568 539 1630 ab
553 1567 724 1630 Ambraciae
741 1569 968 1650 obpugnatione
988 1567 1136 1630 habebat:
1165 1577 1198 1628 et
1212 1586 1319 1648 opera,
1335 1585 1401 1646 quae

340 1666 343 1672 '
359 1654 498 1717 iacienda
516 1667 612 1732 erant,
626 1654 743 1736 inpigre
765 1655 877 1716 milites
891 1654 1090 1736 perfecerunt.
1113 1654 1230 1716 duobus
1245 1652 1339 1734 igitur
1354 1652 1398 1713 lo·

358 1742 402 1802 cis
417 1741 533 1803 admoti
548 1741 657 1802 arietes
672 1740 848 1819 quatiebant
862 1761 973 1804 muros.

400 1825 518 1888 XXlX.
539 1826 606 1888 Nec
630 1828 669 1888 ab
696 1825 820 1888 Samaeis
845 1827 1019 1908 quidquam,
1042 1847 1104 1908 quo
1133 1838 1188 1888 aut
1216 1845 1322 1907 opera,
1348 1835 1402 1888 aut

357 1913 454 1975 hostis
470 1913 564 1976 arceri
580 1925 692 1995 posset,
707 1914 938 1995 pretermissum
961 1925 1017 1975 est.
1040 1914 1157 1976 duabus
1178 1923 1283 1974 tamen
1300 1913 1400 1973 maxi-

357 2021 407 2062 me
423 2000 601 2062 resistebant
622 2000 727 2061 rebus:
757 2021 831 2077 una,
846 2000 1019 2062 interiorem
1041 2020 1160 2082 semper
1190 2002 1203 2038 ⁴
1209 1997 1302 2079 juxta
1322 1999 1399 2060 rali-

359 2086 431 2148 dum
448 2105 502 2168 pro
519 2086 618 2148 dimto
637 2107 747 2147 novum
769 2087 962 2149 obstruentes
977 2107 1094 2149 murum
1099 2109 1110 2164 ς
1142 2085 1249 2163 altera,
1264 2085 1395 2167 eruptio-

358 2173 445 2234 nibus
469 2173 585 2251 subitis,
600 2193 681 2234 nunc
704 2173 736 2234 in
758 2194 851 2257 opera
870 2173 1014 2252 hostium,
1029 2193 1109 2234 nunc
1132 2173 1164 2234 in
1186 2171 1340 2232 stationes.
1361 2182 1397 2232 et

358 2258 535 2341 plerumque
550 2259 586 2320 iis
601 2259 714 2342 proeliis
729 2261 897 2342 superiores
913 2271 1011 2322 erant.
1062 2257 1135 2321 Una
1159 2257 1199 2319 ad
1214 2257 1401 2320 coercendos

357 2344 481 2408 inventa
502 2345 584 2408 haud
608 2366 720 2425 magna
741 2357 912 2408 memoratu
933 2367 980 2408 res
1002 2356 1058 2408 est.
1113 2343 1247 2407 Centum
1263 2343 1399 2406 fundito-

358 2451 405 2492 res
429 2433 468 2492 ab
483 2428 577 2512 AEgio
598 2443 630 2493 et
652 2429 748 2493 Patris
770 2443 803 2494 et
815 2431 924 2516 Dymis
946 2432 1049 2506 adciti.
1102 2431 1247 2514 Apueris
1267 2432 1300 2508 ii,
1315 2450 1401 2492 more

359 2516 491 2596 quodam
511 2517 620 2604 gentis,
643 2518 723 2579 saxis
744 2518 890 2600 globosis,
913 2519 1020 2602 quibus
1044 2518 1139 2581 ferme
1164 2538 1261 2580 menae
1287 2517 1401 2580 inmix-

359 2601 398 2663 tis
418 2613 514 2664 strata
536 2603 625 2664 litora
644 2615 726 2678 sunt,
741 2605 836 2666 funda
849 2626 931 2667 marc
945 2615 1083 2688 apertum
1098 2606 1293 2682 incessentes,
1308 2624 1399 2664 exer·

358 2689 513 2750 cebantur.
539 2689 640 2769 itaque
663 2690 782 2771 longius
808 2692 975 2772 certiusque
990 2703 1022 2753 et
1042 2691 1186 2753 validiore
1208 2691 1279 2752 ictu.
1302 2709 1397 2770 quarn

357 2770 486 2838 Baliaris
502 2773 647 2853 funditor,
661 2797 699 2837 eo
714 2777 778 2838 telo
793 2775 838 2838 ua'i
854 2790 936 2840 sunt.
959 2789 991 2840 et
1005 2791 1129 2840 estnon
1143 2776 1281 2858 simplicia
1297 2776 1397 2837 babe-

276 2881 283 2898 ·
358 2881 415 2939 nae,
441 2871 476 2922 ut
498 2859 651 2923 Baliarica
679 2862 864 2944 aliarumque
887 2864 1024 2946 gentium
1044 2864 1156 2926 funda:
1184 2862 1238 2923 sed
1258 2861 1398 2944 ⁸triplex

358 2947 486 3025 scutale,
510 2947 621 3008 crebris
647 2949 757 3010 suturis
780 2950 931 3028 duratum,
954 2971 993 3012 ne
1015 2951 1123 3012 ⁶tuxa
1144 2949 1260 3012 habena
1276 2948 1398 3010 volute-

323 3075 327 3084 -
358 3045 408 3096 tur
430 3033 461 3094 iu
482 3031 570 3116 jactu
590 3035 692 3115 glans3
721 3036 819 3114 ⁷sed,
827 3036 936 3100 librata
950 3057 1042 3118 quum
1065 3037 1188 3112 sederit,
1202 3035 1284 3096 velut
1304 3055 1402 3098 nervo

358 3120 452 3182 missa
466 3121 646 3183 excutiatur.
669 3143 797 3184 coronas
812 3123 924 3185 modici
939 3123 1044 3186 circuli
1060 3143 1172 3204 magno
1186 3143 1226 3184 ex
1239 3121 1401 3183 intervallo

358 3205 419 3267 loci
446 3206 563 3268 adsueti
589 3207 738 3289 trajicere,
765 3227 827 3270 non
853 3209 956 3292 capita
979 3210 1077 3271 solum
1101 3209 1236 3271 bostium
1260 3208 1398 3269 vulnere-

358 3292 443 3370 bant,
458 3293 512 3356 sed
527 3313 617 3374 quern
632 3294 731 3356 locum
746 3295 950 3360 destinassent
964 3297 1034 3358 oris.
1081 3294 1133 3358 Fae
1146 3295 1247 3358 funda
1265 3292 1398 3356 Samene

358 3378 567 3458 cohibuerunt,
590 3401 628 3440 ne
650 3390 714 3447 tam
736 3382 838 3460 crebo,
852 3403 927 3444 nevo
947 3395 1012 3446 tam
1033 3382 1177 3445 audacter
1190 3390 1399 3464 erumperent:

358 3463 436 3526 adeo
459 3475 493 3526 ut
516 3478 710 3546 precarentur
732 3488 771 3529 ex
791 3469 883 3530 muris
900 3469 1040 3548 Achaeos,
1055 3481 1090 3530 ut
1109 3489 1274 3551 parumper
1294 3468 1398 3529 absce-

357 3549 482 3629 derent3
511 3562 544 3612 et
563 3572 607 3629 se,
628 3573 699 3614 cum
719 3553 866 3622 Romanis
887 3555 1067 3617 stationibus
1090 3565 1274 3637 pugnantes,
1296 3555 1398 3635 quiete

356 3650 541 3718 spectarent.
599 3637 738 3710 Quatuor
763 3661 882 3704 menses
908 3641 1097 3704 obsidionem
1128 3639 1221 3704 Same
1246 3641 1403 3704 sustinuit.

388 3839 598 3904 ⁴Jrrataoulidum]
619 3841 745 3906 velaeque
755 3843 863 3905 validum,
895 3843 1011 3910 Polybium
1026 3856 1065 3906 ert,
1078 3849 1170 3896 ememor
1182 3849 1241 3896 snei
1251 3845 1327 3911 faeiat
1345 3847 1403 3895 cerie

354 3925 784 4022 ,
893 3913 1157 4026 tuscus
1189 3911 1403 4025 usn*

387 4035 498 4098 sTriplea
507 3987 700 4112 reuulrlllocem
711 3990 861 4102 nutaffqba
893 3992 977 4091 crelidi
994 3989 1301 4106 diddillnnllrdduoelmplartem
1312 3988 1404 4105 idulputd

354 4114 465 4164 nusquam
480 4101 574 4149 somne
590 4102 642 4150 abbi
660 4103 783 4168 reperitur,
797 4103 860 4153 Tur-
892 4057 950 4170 [pis
968 4108 1067 4172 poninu.
1111 4105 1166 4158 vu.
1182 4107 1283 4156 Mauo.
1298 4108 1403 4158 lexim

353 4166 427 4214 nebia
443 4167 460 4213 l.
477 4178 534 4214 xrs.
548 4165 676 4216 Adverso.
691 4169 727 4216 ll.
738 4181 763 4217 et
774 4169 862 4234 [ipsius
892 4169 916 4220 io
928 4170 970 4222 hac
981 4189 1045 4222 roos.

354 4228 372 4304 l.
392 4242 426 4276 tv.
443 4229 538 4279 Poliorc.
553 4231 616 4278 Ditl.
636 4235 662 4284 3.
683 4233 799 4300 accipiunt
819 4250 861 4300 pro
924 4233 1044 4287 ⁶⁸th
1059 4234 1151 4301 bebere]
1174 4235 1201 4285 Si
1217 4235 1306 4296 babens
1324 4237 1404 4288 minu

354 4307 401 4356 upra
417 4293 514 4342 habeon
556 4295 651 4346 Nomen
665 4295 789 4348 Turnebus
807 4301 861 4350 inde
891 4301 1004 4352 firmasit.

353 4367 435 4434 netum
454 4359 577 4420 existimat,
596 4363 657 4426 quod
677 4378 706 4412 ex
727 4381 756 4414 eo
776 4381 860 4428 genere
923 4367 935 4403 ⁷
946 4368 988 4416 Sed
1000 4367 1080 4416 librata
1089 4383 1156 4430 quum
1166 4365 1255 4432 aderit]
1272 4365 1321 4416 Sed
1328 4383 1403 4432 quum

355 4437 421 4479 eoru,
440 4438 470 4470 ex
505 4441 536 4472 uo
556 4439 630 4498 touta,
649 4429 799 4480 conficeretur
821 4431 860 4482 illa
890 4429 953 4492 glane
969 4433 1077 4482 manserit
1094 4433 1190 4482 immota
1206 4433 1231 4484 iu
1246 4431 1330 4494 fundo.
1343 4433 1406 4484 dura

354 4487 452 4540 bahem.
516 4505 560 4548 am,
575 4491 651 4557 iuquit
668 4493 738 4557 idern,
754 4504 782 4546 ut
798 4497 860 4562 apud
890 4496 985 4548 libratur
995 4498 1195 4564 multatam..
1210 4531 1219 4552 ·
