3038 5200
397 377 475 438 Llll.
489 375 632 440 XXXIV.
653 377 736 440 CAP.
748 375 815 436 Lll.
1074 381 1129 444 177

83 525 177 588 abire.
222 526 358 599 Quonam
384 551 495 613 agmen
514 534 678 616 imperator
709 544 842 608 secutus,
871 528 1126 613 prosequentibus
1142 539 1280 596 [tutos.

53 653 56 660 ·
83 613 213 711 cunctis,
237 627 421 680 servatorem
439 618 694 700 liberatoremque
719 616 972 694 adclamantibus,
987 613 1127 678 salutatis
1139 606 1277 722 affini:

83 698 273 782 dimissisque
303 704 357 782 eis,
386 704 504 782 eadem,
533 725 594 787 qua
618 715 754 781 venerat,
784 703 832 766 via
860 701 993 766 Elatiam
1024 701 1125 765 rediit.
1137 737 1203 796 ,hm
1212 737 1283 789 CM,

81 785 152 846 inde
175 807 244 848 cum
268 791 406 872 omuibus
429 791 526 874 copiis
550 790 612 873 Ap.
641 789 804 852 Claudium
826 790 963 872 legatum
985 787 1124 852 dimittit.
1137 801 1272 880 emotus.

80 891 133 952 par
152 867 348 938 Thessaliam
368 887 460 958 atque
481 876 607 961 Epirum
628 877 741 940 ducere
760 875 886 938 Oricnm
907 873 1006 958 jubet,
1033 885 1123 958 atque
1136 869 1269 983 mu·

79 956 119 1018 ibi
143 979 177 1020 se
199 962 343 1043 opperiri.
364 963 437 1025 inde
458 984 593 1045 namque
616 965 649 1026 in
672 963 776 1026 animo
798 983 876 1040 esse,
897 961 1064 1026 exercitum
1091 962 1123 1024 in
1223 969 1231 990 ·

79 1039 201 1108 ltaliam
226 1045 376 1129 trajicere.
401 1061 434 1112 et
456 1049 492 1113 L.
507 1049 654 1122 Quinctio
679 1049 778 1127 fratri,
804 1049 907 1131 legato
931 1058 964 1112 et
985 1047 1126 1129 prefecto

79 1129 194 1279 pasis,
207 1133 324 1214 scribit,
340 1147 375 1200 ut
390 1137 545 1201 onerarias
557 1157 597 1200 ex
611 1136 697 1200 omni
713 1133 836 1200 Gratiae
851 1155 906 1200 ora
919 1133 1031 1198 eodem
1051 1153 1125 1196 con-

147 1225 226 1284 eret.

117 1301 171 1368 ld.
195 1303 276 1389 lpse,
296 1304 477 1372 Chalcidem
503 1308 668 1392 profectus,
693 1305 831 1372 deductis
854 1327 917 1370 non
939 1328 960 1370 s
978 1306 1126 1374 Chalcide

75 1388 188 1469 solum,
210 1393 265 1454 sed
291 1394 383 1458 etiam
405 1395 445 1457 ab
465 1394 548 1458 Oreo
562 1407 653 1477 atque
667 1392 797 1473 Eretria,
812 1393 968 1478 presidiis,
994 1415 1128 1462 convene

75 1489 144 1538 tum
161 1477 203 1539 ibi
224 1477 428 1544 Euboicamm
452 1481 620 1544 civitatium
642 1481 769 1544 habuit:
795 1481 1071 1564 commonitusque,
1095 1481 1128 1542 in
1169 1521 1179 1536 ·

75 1582 137 1644 quo
152 1574 237 1626 statu
253 1585 353 1628 rerum
369 1567 537 1650 accepisset
550 1589 614 1646 eos,
631 1568 707 1629 etin
730 1585 791 1650 quo
814 1567 1009 1649 relinqueret,
1033 1567 1127 1632 dimi·

78 1649 127 1710 sit.
171 1647 400 1715 Demetriadem
425 1654 496 1716 inde
520 1653 740 1736 proficiscitur:
768 1653 960 1736 deductoque
986 1653 1126 1738 prasidio

76 1739 327 1818 prosequentibus
354 1741 483 1818 cunctis,
510 1741 589 1803 sicut
615 1737 759 1804 Corinthi
785 1740 819 1802 et
842 1737 999 1820 Chalcide,
1025 1739 1127 1824 pergit

77 1820 121 1884 ire
135 1821 167 1883 in
181 1819 395 1888 lhmsalismr
418 1825 470 1888 ubi
486 1847 549 1889 non
564 1826 729 1888 liberandae
751 1825 846 1890 modo
869 1827 1006 1890 civitates
1028 1837 1126 1905 erant,
1208 1879 1218 1896 ,

77 1907 130 1968 sed
146 1927 184 1970 ex
197 1911 282 1972 omni
307 1911 486 1996 conluvione
506 1923 539 1974 et
558 1912 739 1976 confusione
763 1912 797 1974 in
821 1912 954 1992 aliquam
980 1913 1126 1976 tolerabi-

77 1993 134 2055 lem
161 1994 291 2058 formam
316 1999 499 2078 redigenda.
543 1995 613 2060 Nec
628 1999 711 2061 enim
736 2011 909 2080 temporum
925 1999 1020 2061 modo
1034 1998 1127 2076 vitiis,

78 2099 113 2141 ac
139 2081 293 2162 violentia,
320 2096 353 2146 et
376 2085 502 2147 licentia
527 2085 613 2167 regia
635 2084 749 2148 turbati
773 2077 884 2161 erant3
916 2083 970 2146 sed
990 2085 1128 2165 inquieto

76 2166 169 2230 etiam
190 2168 314 2250 ingenio
329 2171 442 2252 gentis,
456 2191 513 2234 nec
533 2171 672 2249 comitia,
696 2191 754 2232 nec
769 2183 965 2249 conventum,
979 2191 1037 2232 nec
1052 2189 1127 2232 con-

76 2251 180 2316 cilium
194 2255 303 2334 ullum,
318 2275 380 2318 non
403 2277 457 2338 per
483 2256 667 2320 seditionem
688 2275 725 2318 ac
745 2255 922 2334 tumultum,
941 2253 1008 2338 jam
1023 2255 1129 2318 indes

76 2339 228 2423 principio
245 2343 286 2403 sd
304 2354 441 2406 nosuam
464 2362 560 2424 usque
583 2354 717 2420 atatem,
741 2336 947 2406 traducentes.
989 2339 1129 2406 Areusu

75 2426 213 2488 maxime
239 2439 272 2490 et
297 2439 437 2490 senatum
457 2439 489 2490 et
505 2426 627 2510 judices
652 2429 747 2510 legit:
770 2427 1035 2510 potentioremque
1058 2447 1127 2490 earn

74 2523 200 2594 partem
215 2513 386 2578 civitatium
399 2515 483 2594 lecit,
498 2515 547 2578 cui
563 2515 646 2576 salva
670 2513 890 2596 tranquillaque
909 2515 1013 2577 omrria
1028 2514 1128 2598 magis

76 2599 368 2768 οδὓΙειΙῗφΙθῑὲΙῗῑιιὶιῗιιιὶι
388 2687 611 2770 percensuisset
624 2683 826 2764 lhessaliam,
842 2705 898 2769 per
911 2685 1039 2772 Epirum
1054 2687 1081 2734 ⁷⁷
1093 2687 1125 2752 in

77 2767 214 2849 Oricum,
229 2771 391 2836 unde'eret
406 2771 596 2856 trajectores,
611 2773 704 2836 venit.
746 2773 797 2836 Ab
816 2771 910 2835 Orico
935 2775 1030 2858 copioe
1056 2795 1125 2836 om·

76 2877 128 2918 nes
156 2855 363 2922 Brundisium
380 2871 601 2943 transportata.
627 2860 699 2922 inde
725 2880 781 2942 per
807 2869 906 2922 totam
936 2857 1057 2924 ltaliam
1084 2858 1125 2922 ad

76 2944 179 3006 urbem
194 2965 290 3028 prope
312 2945 546 3028 triumphantes,
572 2965 635 3008 non
658 2945 776 3008 minore
795 2944 919 3025 agmim
934 2967 1033 3008 rerum
1048 2965 1125 3027 cap-

77 3039 187 3109 tarum,
213 3051 305 3112 quam
329 3053 395 3111 suo,
420 3053 480 3114 prae
507 3051 539 3094 se
565 3041 647 3108 acto,
671 3041 828 3098 venerunt.
871 3023 1038 3112 Pistquam
1059 3029 1126 3092 llo·

76 3135 157 3178 mam
173 3128 298 3179 ventum
314 3128 371 3194 est,
386 3129 509 3180 senatus
528 3129 619 3180 extra
638 3117 743 3178 urbem
765 3115 912 3186 Quinctio
936 3117 977 3180 ad
992 3138 1039 3180 res
1054 3137 1124 3199 ges-

77 3212 123 3264 tas
138 3202 349 3264 edisserendas
369 3201 458 3264 dattrs
479 3213 537 3278 est,
560 3201 789 3283 triumphusque
810 3202 937 3264 meritus
963 3203 1001 3264 ab
1016 3203 1124 3264 luben·

75 3289 156 3350 tibus
188 3287 338 3350 decretus.
390 3283 541 3349 Triduum
571 3286 780 3368 triumphavit.
814 3286 864 3347 die
892 3287 992 3368 primo
1029 3307 1126 3366 mma,
1140 3299 1244 3352 usbon

75 3374 150 3453 tela,
166 3372 315 3455 signaque
333 3393 411 3436 area
435 3383 467 3436 et
488 3392 660 3434 marmorea
680 3371 847 3450 transtulit,
872 3371 961 3454 plura
983 3367 1125 3456 Philippo
1138 3368 1278 3434 simplas.

77 3461 211 3536 memte,
234 3461 367 3541 7⁸qunm
389 3477 455 3540 quse
480 3479 520 3519 ex
544 3457 717 3520 cititatibus
743 3469 888 3541 ceperat:
915 3458 1049 3524 secundo
1076 3459 1126 3524 die

77 3565 182 3608 aurum
196 3567 197 3570 ¹
211 3556 442 3626 argentumque,
463 3543 578 3606 sactum
594 3543 800 3624 infectumque
815 3556 848 3606 et
862 3543 1026 3626 signatum.
1071 3541 1124 3610 In·

77 3631 146 3696 lecti
171 3635 198 3682 ⁷⁹
211 3632 329 3714 argenti
350 3631 408 3694 fuit
428 3631 536 3692 decem
559 3642 591 3692 et
612 3639 684 3692 octo
704 3628 800 3692 millia
813 3630 930 3712 pondo,
944 3642 977 3694 et
991 3631 1124 3698 ducenta

79 3720 275 3802 septuaginta
297 3718 394 3781 facti:
416 3737 489 3778 vasa
512 3717 609 3779 multa
635 3715 734 3788 omnis
757 3717 887 3798 generis,
903 3717 1010 3780 mata
1023 3718 1123 3801 plera·

80 3825 148 3886 que,
164 3803 303 3887 qusedam
319 3804 437 3866 eximiae
452 3803 546 3866 artis:
577 3812 610 3866 et
635 3821 674 3864 ex
694 3821 752 3863 aere
770 3801 868 3864 multa
889 3800 1067 3866 fabrefacta.
1083 3805 1124 3867 ad

78 3889 136 3955 hoc
152 3892 253 3976 clipea
270 3903 414 3974 argentea
440 3889 558 3954 decem.
602 3885 722 3970 Signati
737 3887 857 3971 argenti
871 3889 1032 3972 octoginta
1047 3909 1123 3973 qua·

110 4105 131 4143 ⁷⁷
143 4103 171 4154 ln
201 4103 304 4171 Οήιιιω]
341 4103 409 4154 'rone
441 4105 583 4170 pmpositio·
616 4111 679 4152 cerna
695 4101 843 4166 septuaginta.
877 4101 976 4152 Parrum
993 4118 1048 4154 taus
1065 4121 1126 4172 pn·

82 4183 148 4218 uem:
172 4180 286 4234 utsupra,
298 4168 488 4220 asmodeum.
505 4171 584 4219 stoo-
616 4168 676 4228 dtur
696 4167 793 4216 nimium
810 4165 915 4225 banse,
932 4169 953 4215 si
965 4167 1122 4222 summm

83 4245 216 4354 111pr
233 4315 280 4363 qu
299 4315 325 4348 ec
338 4297 472 4362 ciuitatibus]
510 4274 584 4347 Delet
616 4233 701 4346 3:10⁰:
718 4231 840 4346 lllr’stllllnle
854 4233 984 4346 llllmtlltr‘tu
993 4235 1121 4354 &nimii

82 4359 387 4496 offirmtum
405 4439 426 4477 o
443 4437 490 4478 oea
511 4428 583 4476 ann
615 4359 823 4477 lllilslm'
839 4363 942 4414 mm
963 4377 1017 4415 'm
1037 4379 1120 4418 Μ’

82 4491 158 4560 pm]
171 4495 259 4545 nass
277 4505 389 4548 mss
410 4493 497 4548 raras.
531 4491 583 4560 m,

124 4580 196 4626 Vol..
214 4583 264 4628 111.
652 4577 676 4622 N
