<?xml version="1.0" encoding="UTF-8"?>
<!DOCTYPE html PUBLIC "-//W3C//DTD XHTML 1.0 Transitional//EN"
    "http://www.w3.org/TR/xhtml1/DTD/xhtml1-transitional.dtd">
<html xmlns="http://www.w3.org/1999/xhtml" xml:lang="en" lang="en">
 <head>
  <title>
</title>
<meta http-equiv="Content-Type" content="text/html;charset=utf-8" />
  <meta name='ocr-system' content='tesseract 3.04.00' />
  <meta name='ocr-capabilities' content='ocr_page ocr_carea ocr_par ocr_line ocrx_word'/>
</head>
<body>
  <div class='ocr_page' id='page_1' title='image "./tliviipatavinih00grongoog_0277.png"; bbox 0 0 3080 5196; ppageno 0'>
   <div class='ocr_carea' id='block_1_1' title="bbox 374 403 1151 474">
    <p class='ocr_par' dir='ltr' id='par_1_1' title="bbox 374 403 1151 474">
     <span class='ocr_line' id='line_1_1' title="bbox 374 403 1151 474; baseline 0.005 -6"><span class='ocrx_word' id='word_1_1' title='bbox 374 407 451 470; x_wconf 88' lang='lat' dir='ltr'>LIB.</span> <span class='ocrx_word' id='word_1_2' title='bbox 466 403 611 470; x_wconf 86' lang='lat' dir='ltr'>XXXVI.</span> <span class='ocrx_word' id='word_1_3' title='bbox 630 405 711 469; x_wconf 80' lang='lat' dir='ltr'>CAP.</span> <span class='ocrx_word' id='word_1_4' title='bbox 720 404 882 468; x_wconf 83' lang='lat' dir='ltr'>XXXVII.</span> <span class='ocrx_word' id='word_1_5' title='bbox 1091 408 1151 474; x_wconf 70' lang='lat' dir='ltr'><strong>MV</strong></span> 
     </span>
    </p>
   </div>
   <div class='ocr_carea' id='block_1_2' title="bbox 62 556 1306 1682">
    <p class='ocr_par' dir='ltr' id='par_1_2' title="bbox 62 556 1306 1682">
     <span class='ocr_line' id='line_1_2' title="bbox 114 556 1306 648; baseline 0.001 -25"><span class='ocrx_word' id='word_1_6' title='bbox 114 563 212 626; x_wconf 71' lang='lat' dir='ltr'><strong>‘cere</strong></span> <span class='ocrx_word' id='word_1_7' title='bbox 228 559 365 627; x_wconf 84' lang='lat' dir='ltr'><strong>inducias</strong></span> <span class='ocrx_word' id='word_1_8' title='bbox 379 565 420 627; x_wconf 87' lang='lat' dir='ltr'><strong>ad</strong></span> <span class='ocrx_word' id='word_1_9' title='bbox 434 559 467 626; x_wconf 91' lang='lat' dir='ltr'><strong>id</strong></span> <span class='ocrx_word' id='word_1_10' title='bbox 482 559 598 627; x_wconf 89' lang='lat' dir='ltr'><strong>dierum</strong></span> <span class='ocrx_word' id='word_1_11' title='bbox 613 562 781 648; x_wconf 72' lang='lat' dir='ltr'><strong>nonaginta</strong></span> <span class='ocrx_word' id='word_1_12' title='bbox 797 559 892 625; x_wconf 87' lang='lat' dir='ltr'><strong>dare.&#39;</strong></span> <span class='ocrx_word' id='word_1_13' title='bbox 936 556 1068 646; x_wconf 75' lang='lat' dir='ltr'><strong>Epirota</strong></span> <span class='ocrx_word' id='word_1_14' title='bbox 1084 559 1150 624; x_wconf 84' lang='lat' dir='ltr'><strong>llo·</strong></span> <span class='ocrx_word' id='word_1_15' title='bbox 1163 581 1196 634; x_wconf 80' lang='grc' dir='ltr'><strong>υ,</strong></span> <span class='ocrx_word' id='word_1_16' title='bbox 1208 578 1238 636; x_wconf 83' lang='lat' dir='ltr'><strong>c,</strong></span> <span class='ocrx_word' id='word_1_17' title='bbox 1250 583 1306 634; x_wconf 80' lang='lat' dir='ltr'><strong>stt.</strong></span> 
     </span>
     <span class='ocr_line' id='line_1_3' title="bbox 112 645 1299 732; baseline -0.003 -18"><span class='ocrx_word' id='word_1_18' title='bbox 112 667 190 714; x_wconf 83' lang='lat' dir='ltr'><strong>mam</strong></span> <span class='ocrx_word' id='word_1_19' title='bbox 205 649 289 711; x_wconf 82' lang='lat' dir='ltr'><strong>missi</strong></span> <span class='ocrx_word' id='word_1_20' title='bbox 312 663 452 713; x_wconf 79' lang='lat' dir='ltr'><strong>senatum</strong></span> <span class='ocrx_word' id='word_1_21' title='bbox 477 651 627 713; x_wconf 84' lang='lat' dir='ltr'><strong>adierunt.</strong></span> <span class='ocrx_word' id='word_1_22' title='bbox 648 651 696 730; x_wconf 86' lang='lat' dir='ltr'><strong>iis,</strong></span> <span class='ocrx_word' id='word_1_23' title='bbox 720 649 828 732; x_wconf 79' lang='lat' dir='ltr'><strong>magis,</strong></span> <span class='ocrx_word' id='word_1_24' title='bbox 848 667 913 731; x_wconf 83' lang='lat' dir='ltr'><strong>ques</strong></span> <span class='ocrx_word' id='word_1_25' title='bbox 930 669 991 712; x_wconf 89' lang='lat' dir='ltr'><strong>noo</strong></span> <span class='ocrx_word' id='word_1_26' title='bbox 1007 649 1152 711; x_wconf 59' lang='lat' dir='ltr'><strong>&amp;clasem</strong></span> <span class='ocrx_word' id='word_1_27' title='bbox 1164 645 1232 698; x_wconf 68' lang='lat' dir='ltr'><strong>Ml·</strong></span> <span class='ocrx_word' id='word_1_28' title='bbox 1245 649 1299 699; x_wconf 77' lang='lat'><strong>¹⁹¹·</strong></span> 
     </span>
     <span class='ocr_line' id='line_1_4' title="bbox 112 734 1151 820; baseline -0.001 -22"><span class='ocrx_word' id='word_1_29' title='bbox 112 734 241 814; x_wconf 84' lang='lat' dir='ltr'><strong>hostilia,</strong></span> <span class='ocrx_word' id='word_1_30' title='bbox 255 736 452 800; x_wconf 78' lang='lat' dir='ltr'><strong>relerentibus</strong></span> <span class='ocrx_word' id='word_1_31' title='bbox 463 756 554 818; x_wconf 74' lang='lat' dir='ltr'><strong>qutun</strong></span> <span class='ocrx_word' id='word_1_32' title='bbox 568 735 768 820; x_wconf 69' lang='lat' dir='ltr'><strong>purgantibus</strong></span> <span class='ocrx_word' id='word_1_33' title='bbox 784 753 832 814; x_wconf 84' lang='lat' dir='ltr'><strong>ea,</strong></span> <span class='ocrx_word' id='word_1_34' title='bbox 854 735 892 798; x_wconf 83' lang='lat' dir='ltr'><strong>ds</strong></span> <span class='ocrx_word' id='word_1_35' title='bbox 913 736 1019 818; x_wconf 85' lang='lat' dir='ltr'><strong>quibus</strong></span> <span class='ocrx_word' id='word_1_36' title='bbox 1043 755 1151 817; x_wconf 73' lang='lat' dir='ltr'><strong>argue·</strong></span> 
     </span>
     <span class='ocr_line' id='line_1_5' title="bbox 110 823 1151 908; baseline -0.004 -22"><span class='ocrx_word' id='word_1_37' title='bbox 110 824 226 901; x_wconf 82' lang='lat' dir='ltr'><strong>bantus,</strong></span> <span class='ocrx_word' id='word_1_38' title='bbox 249 841 424 906; x_wconf 77' lang='lat' dir='ltr'><strong>responsum</strong></span> <span class='ocrx_word' id='word_1_39' title='bbox 443 825 549 886; x_wconf 85' lang='lat' dir='ltr'><strong>datum</strong></span> <span class='ocrx_word' id='word_1_40' title='bbox 572 836 630 902; x_wconf 85' lang='lat' dir='ltr'><strong>est,</strong></span> <span class='ocrx_word' id='word_1_41' title='bbox 654 839 715 908; x_wconf 88' lang='lat' dir='ltr'><strong>quo</strong></span> <span class='ocrx_word' id='word_1_42' title='bbox 738 823 856 885; x_wconf 81' lang='lat' dir='ltr'><strong>ueniam</strong></span> <span class='ocrx_word' id='word_1_43' title='bbox 880 823 1068 904; x_wconf 76' lang='lat' dir='ltr'><strong>impetrasse,</strong></span> <span class='ocrx_word' id='word_1_44' title='bbox 1089 841 1151 884; x_wconf 90' lang='lat' dir='ltr'><strong>non</strong></span> 
     </span>
     <span class='ocr_line' id='line_1_6' title="bbox 110 905 1151 993; baseline -0.002 -23"><span class='ocrx_word' id='word_1_45' title='bbox 110 927 245 970; x_wconf 82' lang='lat' dir='ltr'><strong>caussam</strong></span> <span class='ocrx_word' id='word_1_46' title='bbox 266 911 420 992; x_wconf 84' lang='lat' dir='ltr'><strong>probasse,</strong></span> <span class='ocrx_word' id='word_1_47' title='bbox 442 909 537 972; x_wconf 81' lang='lat' dir='ltr'><strong>videri</strong></span> <span class='ocrx_word' id='word_1_48' title='bbox 557 921 690 993; x_wconf 79' lang='lat' dir='ltr'><strong>possem.</strong></span> <span class='ocrx_word' id='word_1_49' title='bbox 733 905 776 971; x_wconf 88' lang='lat' dir='ltr'><strong>Et</strong></span> <span class='ocrx_word' id='word_1_50' title='bbox 802 907 933 991; x_wconf 81' lang='lat' dir='ltr'><strong>Philippi</strong></span> <span class='ocrx_word' id='word_1_51' title='bbox 957 907 1036 990; x_wconf 83' lang='lat' dir='ltr'><strong>regis</strong></span> <span class='ocrx_word' id='word_1_52' title='bbox 1059 907 1151 989; x_wconf 78' lang='lat' dir='ltr'><strong>legati</strong></span> 
     </span>
     <span class='ocr_line' id='line_1_7' title="bbox 110 994 1153 1079; baseline -0.001 -24"><span class='ocrx_word' id='word_1_53' title='bbox 110 996 164 1056; x_wconf 86' lang='lat' dir='ltr'><strong>sub</strong></span> <span class='ocrx_word' id='word_1_54' title='bbox 179 995 261 1058; x_wconf 86' lang='lat' dir='ltr'><strong>idem</strong></span> <span class='ocrx_word' id='word_1_55' title='bbox 277 1007 396 1079; x_wconf 85' lang='lat' dir='ltr'><strong>tempus</strong></span> <span class='ocrx_word' id='word_1_56' title='bbox 419 995 451 1058; x_wconf 88' lang='lat' dir='ltr'><strong>in</strong></span> <span class='ocrx_word' id='word_1_57' title='bbox 475 1009 615 1058; x_wconf 89' lang='lat' dir='ltr'><strong>senatum</strong></span> <span class='ocrx_word' id='word_1_58' title='bbox 637 995 812 1074; x_wconf 73' lang='lat' dir='ltr'><strong>introducti,</strong></span> <span class='ocrx_word' id='word_1_59' title='bbox 834 994 1023 1078; x_wconf 73' lang='lat' dir='ltr'><strong>gratulantes</strong></span> <span class='ocrx_word' id='word_1_60' title='bbox 1039 995 1076 1057; x_wconf 88' lang='lat' dir='ltr'><strong>de</strong></span> <span class='ocrx_word' id='word_1_61' title='bbox 1091 995 1153 1055; x_wconf 87' lang='lat' dir='ltr'><strong>vic·</strong></span> 
     </span>
     <span class='ocr_line' id='line_1_8' title="bbox 62 1079 1155 1166; baseline -0.001 -24"><span class='ocrx_word' id='word_1_62' title='bbox 62 1103 66 1106; x_wconf 91' lang='lat'>·</span> <span class='ocrx_word' id='word_1_63' title='bbox 109 1081 196 1142; x_wconf 87' lang='lat' dir='ltr'><strong>toria.</strong></span> <span class='ocrx_word' id='word_1_64' title='bbox 213 1081 249 1143; x_wconf 87' lang='lat' dir='ltr'><strong>iia</strong></span> <span class='ocrx_word' id='word_1_65' title='bbox 263 1084 447 1166; x_wconf 82' lang='lat' dir='ltr'><strong>petentibus,</strong></span> <span class='ocrx_word' id='word_1_66' title='bbox 470 1093 505 1144; x_wconf 89' lang='lat' dir='ltr'><strong>ut</strong></span> <span class='ocrx_word' id='word_1_67' title='bbox 519 1083 577 1145; x_wconf 89' lang='lat' dir='ltr'><strong>eibi</strong></span> <span class='ocrx_word' id='word_1_68' title='bbox 593 1083 762 1144; x_wconf 76' lang='lat' dir='ltr'><strong>sacrificare</strong></span> <span class='ocrx_word' id='word_1_69' title='bbox 782 1082 814 1144; x_wconf 91' lang='lat' dir='ltr'><strong>in</strong></span> <span class='ocrx_word' id='word_1_70' title='bbox 836 1079 1003 1164; x_wconf 87' lang='lat' dir='ltr'><strong>Capitolio,</strong></span> <span class='ocrx_word' id='word_1_71' title='bbox 1026 1081 1155 1142; x_wconf 88' lang='lat' dir='ltr'><strong>donum·</strong></span> 
     </span>
     <span class='ocr_line' id='line_1_9' title="bbox 109 1165 1156 1253; baseline 0 -25"><span class='ocrx_word' id='word_1_72' title='bbox 109 1183 166 1248; x_wconf 84' lang='lat' dir='ltr'><strong>que</strong></span> <span class='ocrx_word' id='word_1_73' title='bbox 180 1187 221 1230; x_wconf 80' lang='lat' dir='ltr'><strong>ex</strong></span> <span class='ocrx_word' id='word_1_74' title='bbox 240 1188 312 1231; x_wconf 87' lang='lat' dir='ltr'><strong>auro</strong></span> <span class='ocrx_word' id='word_1_75' title='bbox 331 1169 433 1232; x_wconf 81' lang='lat' dir='ltr'><strong>liceret</strong></span> <span class='ocrx_word' id='word_1_76' title='bbox 447 1187 560 1253; x_wconf 84' lang='lat' dir='ltr'><strong>ponere</strong></span> <span class='ocrx_word' id='word_1_77' title='bbox 575 1170 606 1230; x_wconf 85' lang='lat' dir='ltr'><strong>ln</strong></span> <span class='ocrx_word' id='word_1_78' title='bbox 621 1170 683 1231; x_wconf 75' lang='lat' dir='ltr'><strong>ade</strong></span> <span class='ocrx_word' id='word_1_79' title='bbox 698 1167 783 1230; x_wconf 82' lang='lat' dir='ltr'><strong>Jovls</strong></span> <span class='ocrx_word' id='word_1_80' title='bbox 797 1168 915 1249; x_wconf 87' lang='lat' dir='ltr'><strong>Optimi</strong></span> <span class='ocrx_word' id='word_1_81' title='bbox 932 1165 1075 1246; x_wconf 79' lang='lat' dir='ltr'><strong>Maximi,</strong></span> <span class='ocrx_word' id='word_1_82' title='bbox 1086 1187 1156 1249; x_wconf 87' lang='lat' dir='ltr'><strong>per·</strong></span> 
     </span>
     <span class='ocr_line' id='line_1_10' title="bbox 109 1254 1157 1338; baseline 0.002 -25"><span class='ocrx_word' id='word_1_83' title='bbox 109 1254 236 1316; x_wconf 88' lang='lat' dir='ltr'><strong>missum</strong></span> <span class='ocrx_word' id='word_1_84' title='bbox 263 1257 302 1320; x_wconf 86' lang='lat' dir='ltr'><strong>sb</strong></span> <span class='ocrx_word' id='word_1_85' title='bbox 326 1268 444 1318; x_wconf 78' lang='lat' dir='ltr'><strong>senam.</strong></span> <span class='ocrx_word' id='word_1_86' title='bbox 473 1258 625 1317; x_wconf 81' lang='lat' dir='ltr'><strong>’nantum</strong></span> <span class='ocrx_word' id='word_1_87' title='bbox 650 1255 754 1338; x_wconf 90' lang='lat' dir='ltr'><strong>pondo</strong></span> <span class='ocrx_word' id='word_1_88' title='bbox 780 1273 924 1316; x_wconf 87' lang='lat' dir='ltr'><strong>coronam</strong></span> <span class='ocrx_word' id='word_1_89' title='bbox 950 1273 1074 1316; x_wconf 85' lang='lat' dir='ltr'><strong>auream</strong></span> <span class='ocrx_word' id='word_1_90' title='bbox 1100 1275 1157 1338; x_wconf 92' lang='lat' dir='ltr'><strong>po·</strong></span> 
     </span>
     <span class='ocr_line' id='line_1_11' title="bbox 105 1337 1157 1424; baseline 0.002 -25"><span class='ocrx_word' id='word_1_91' title='bbox 105 1355 244 1402; x_wconf 83' lang='lat' dir='ltr'><strong>suerunt.</strong></span> <span class='ocrx_word' id='word_1_92' title='bbox 288 1339 359 1403; x_wconf 89' lang='lat' dir='ltr'><strong>Non</strong></span> <span class='ocrx_word' id='word_1_93' title='bbox 385 1361 561 1424; x_wconf 81' lang='lat' dir='ltr'><strong>responsum</strong></span> <span class='ocrx_word' id='word_1_94' title='bbox 583 1341 683 1403; x_wconf 86' lang='lat' dir='ltr'><strong>solum</strong></span> <span class='ocrx_word' id='word_1_95' title='bbox 709 1341 840 1420; x_wconf 79' lang='lat' dir='ltr'><strong>benigne</strong></span> <span class='ocrx_word' id='word_1_96' title='bbox 863 1339 972 1420; x_wconf 85' lang='lat' dir='ltr'><strong>legatis</strong></span> <span class='ocrx_word' id='word_1_97' title='bbox 991 1351 1063 1418; x_wconf 89' lang='lat' dir='ltr'><strong>est;</strong></span> <span class='ocrx_word' id='word_1_98' title='bbox 1102 1337 1157 1402; x_wconf 87' lang='lat' dir='ltr'><strong>sed</strong></span> 
     </span>
     <span class='ocr_line' id='line_1_12' title="bbox 108 1423 1157 1510; baseline 0.003 -25"><span class='ocrx_word' id='word_1_99' title='bbox 108 1423 242 1510; x_wconf 89' lang='lat' dir='ltr'><strong>Philippi</strong></span> <span class='ocrx_word' id='word_1_100' title='bbox 267 1445 387 1509; x_wconf 86' lang='lat' dir='ltr'><strong>quoque</strong></span> <span class='ocrx_word' id='word_1_101' title='bbox 407 1429 486 1492; x_wconf 86' lang='lat' dir='ltr'><strong>lilius</strong></span> <span class='ocrx_word' id='word_1_102' title='bbox 500 1427 683 1505; x_wconf 83' lang='lat' dir='ltr'><strong>Demetrius,</strong></span> <span class='ocrx_word' id='word_1_103' title='bbox 706 1426 757 1507; x_wconf 90' lang='lat' dir='ltr'><strong>qui</strong></span> <span class='ocrx_word' id='word_1_104' title='bbox 779 1427 868 1487; x_wconf 82' lang='lat' dir='ltr'><strong>obses</strong></span> <span class='ocrx_word' id='word_1_105' title='bbox 891 1423 997 1487; x_wconf 78' lang='lat' dir='ltr'><strong>Romae</strong></span> <span class='ocrx_word' id='word_1_106' title='bbox 1019 1437 1095 1505; x_wconf 87' lang='lat' dir='ltr'><strong>erat,</strong></span> <span class='ocrx_word' id='word_1_107' title='bbox 1117 1423 1157 1488; x_wconf 84' lang='lat' dir='ltr'><strong>ad</strong></span> 
     </span>
     <span class='ocr_line' id='line_1_13' title="bbox 105 1507 1156 1596; baseline 0 -22"><span class='ocrx_word' id='word_1_108' title='bbox 105 1523 229 1592; x_wconf 81' lang='lat' dir='ltr'><strong>patrem</strong></span> <span class='ocrx_word' id='word_1_109' title='bbox 255 1514 442 1576; x_wconf 72' lang='lat' dir='ltr'><strong>reducendus</strong></span> <span class='ocrx_word' id='word_1_110' title='bbox 469 1510 576 1596; x_wconf 82' lang='lat' dir='ltr'><strong>legatis</strong></span> <span class='ocrx_word' id='word_1_111' title='bbox 604 1515 690 1575; x_wconf 85' lang='lat' dir='ltr'><strong>datus</strong></span> <span class='ocrx_word' id='word_1_112' title='bbox 716 1525 774 1573; x_wconf 87' lang='lat' dir='ltr'><strong>est.</strong></span> <span class='ocrx_word' id='word_1_113' title='bbox 818 1509 948 1588; x_wconf 87' lang='lat' dir='ltr'><strong>Bellum,</strong></span> <span class='ocrx_word' id='word_1_114' title='bbox 979 1507 1156 1592; x_wconf 82' lang='lat' dir='ltr'><strong>quodcum</strong></span> 
     </span>
     <span class='ocr_line' id='line_1_14' title="bbox 106 1592 1155 1682; baseline 0.001 -24"><span class='ocrx_word' id='word_1_115' title='bbox 106 1597 265 1660; x_wconf 81' lang='lat' dir='ltr'><strong>Antiocho</strong></span> <span class='ocrx_word' id='word_1_116' title='bbox 291 1619 362 1682; x_wconf 79' lang='lat' dir='ltr'><strong>rego</strong></span> <span class='ocrx_word' id='word_1_117' title='bbox 386 1602 418 1662; x_wconf 90' lang='lat' dir='ltr'><strong>iu</strong></span> <span class='ocrx_word' id='word_1_118' title='bbox 444 1597 560 1664; x_wconf 74' lang='lat' dir='ltr'><strong>Gracia</strong></span> <span class='ocrx_word' id='word_1_119' title='bbox 583 1611 703 1682; x_wconf 76' lang='lat' dir='ltr'><strong>gestum</strong></span> <span class='ocrx_word' id='word_1_120' title='bbox 728 1609 774 1660; x_wconf 84' lang='lat' dir='ltr'><strong>eet</strong></span> <span class='ocrx_word' id='word_1_121' title='bbox 795 1617 815 1658; x_wconf 87' lang='lat' dir='ltr'><strong>e</strong></span> <span class='ocrx_word' id='word_1_122' title='bbox 829 1592 887 1659; x_wconf 79' lang='grc' dir='ltr'><strong>Μ’.</strong></span> <span class='ocrx_word' id='word_1_123' title='bbox 902 1593 1001 1658; x_wconf 82' lang='lat' dir='ltr'><strong>Acilio</strong></span> <span class='ocrx_word' id='word_1_124' title='bbox 1021 1599 1155 1678; x_wconf 81' lang='lat' dir='ltr'><strong>consule,</strong></span> 
     </span>
    </p>
   </div>
   <div class='ocr_carea' id='block_1_3' title="bbox 96 1683 1318 4094">
    <p class='ocr_par' dir='ltr' id='par_1_3' title="bbox 106 1683 431 1748">
     <span class='ocr_line' id='line_1_15' title="bbox 106 1683 431 1748; baseline 0.006 -4"><span class='ocrx_word' id='word_1_125' title='bbox 106 1683 190 1746; x_wconf 83' lang='lat' dir='ltr'><strong>buno</strong></span> <span class='ocrx_word' id='word_1_126' title='bbox 206 1683 299 1746; x_wconf 79' lang='lat' dir='ltr'><strong>finem</strong></span> <span class='ocrx_word' id='word_1_127' title='bbox 315 1687 431 1748; x_wconf 79' lang='lat' dir='ltr'><strong>hebuit.</strong></span> 
     </span>
    </p>

    <p class='ocr_par' dir='ltr' id='par_1_4' title="bbox 99 1765 1318 2972">
     <span class='ocr_line' id='line_1_16' title="bbox 149 1765 1318 1853; baseline 0.003 -23"><span class='ocrx_word' id='word_1_128' title='bbox 149 1767 301 1832; x_wconf 87' lang='lat' dir='ltr'>XXXVI.</span> <span class='ocrx_word' id='word_1_129' title='bbox 323 1772 411 1834; x_wconf 84' lang='lat' dir='ltr'><strong>Alter</strong></span> <span class='ocrx_word' id='word_1_130' title='bbox 433 1774 539 1834; x_wconf 86' lang='lat' dir='ltr'><strong>consul</strong></span> <span class='ocrx_word' id='word_1_131' title='bbox 565 1771 598 1834; x_wconf 91' lang='lat' dir='ltr'><strong>P.</strong></span> <span class='ocrx_word' id='word_1_132' title='bbox 618 1767 777 1834; x_wconf 86' lang='lat' dir='ltr'><strong>Cornelius</strong></span> <span class='ocrx_word' id='word_1_133' title='bbox 802 1765 919 1851; x_wconf 84' lang='lat' dir='ltr'><strong>Scipio,</strong></span> <span class='ocrx_word' id='word_1_134' title='bbox 934 1767 1066 1832; x_wconf 84' lang='lat' dir='ltr'><strong>Galliam</strong></span> <span class='ocrx_word' id='word_1_135' title='bbox 1083 1791 1154 1853; x_wconf 87' lang='lat' dir='ltr'><strong>pro·</strong></span> <span class='ocrx_word' id='word_1_136' title='bbox 1169 1769 1318 1821; x_wconf 68' lang='lat' dir='ltr'><strong>tudinem</strong></span> 
     </span>
     <span class='ocr_line' id='line_1_17' title="bbox 104 1838 1315 1951; baseline 0.002 -35"><span class='ocrx_word' id='word_1_137' title='bbox 104 1857 239 1920; x_wconf 72' lang='lat' dir='ltr'><strong>vinolam</strong></span> <span class='ocrx_word' id='word_1_138' title='bbox 262 1859 398 1935; x_wconf 74' lang='lat' dir='ltr'><strong>sortibus,</strong></span> <span class='ocrx_word' id='word_1_139' title='bbox 419 1858 593 1942; x_wconf 80' lang='lat' dir='ltr'><strong>priusquam</strong></span> <span class='ocrx_word' id='word_1_140' title='bbox 617 1857 657 1918; x_wconf 87' lang='lat' dir='ltr'><strong>ad</strong></span> <span class='ocrx_word' id='word_1_141' title='bbox 672 1857 797 1934; x_wconf 90' lang='lat' dir='ltr'><strong>bellum,</strong></span> <span class='ocrx_word' id='word_1_142' title='bbox 819 1854 987 1937; x_wconf 92' lang='lat' dir='ltr'><strong>quodcum</strong></span> <span class='ocrx_word' id='word_1_143' title='bbox 1003 1855 1086 1919; x_wconf 85' lang='lat' dir='ltr'><strong>Boiis</strong></span> <span class='ocrx_word' id='word_1_144' title='bbox 1102 1877 1155 1938; x_wconf 80' lang='lat' dir='ltr'><strong>ge·</strong></span> <span class='ocrx_word' id='word_1_145' title='bbox 1168 1838 1315 1951; x_wconf 47' lang='lat' dir='ltr'><strong>{mm</strong></span> 
     </span>
     <span class='ocr_line' id='line_1_18' title="bbox 107 1937 1257 2028; baseline 0.003 -26"><span class='ocrx_word' id='word_1_146' title='bbox 107 1943 240 2004; x_wconf 91' lang='lat' dir='ltr'><strong>rendum</strong></span> <span class='ocrx_word' id='word_1_147' title='bbox 252 1955 329 2022; x_wconf 88' lang='lat' dir='ltr'><strong>erat,</strong></span> <span class='ocrx_word' id='word_1_148' title='bbox 346 1943 597 2028; x_wconf 84' lang='lat' dir='ltr'><strong>proficisceretur,</strong></span> <span class='ocrx_word' id='word_1_149' title='bbox 612 1943 777 2027; x_wconf 83' lang='lat' dir='ltr'><strong>postulavit</strong></span> <span class='ocrx_word' id='word_1_150' title='bbox 791 1942 829 2003; x_wconf 90' lang='lat' dir='ltr'><strong>ab</strong></span> <span class='ocrx_word' id='word_1_151' title='bbox 845 1953 962 2020; x_wconf 85' lang='lat' dir='ltr'><strong>senatu,</strong></span> <span class='ocrx_word' id='word_1_152' title='bbox 980 1955 1015 2004; x_wconf 89' lang='lat' dir='ltr'><strong>ut</strong></span> <span class='ocrx_word' id='word_1_153' title='bbox 1029 1945 1159 2024; x_wconf 82' lang='lat' dir='ltr'><strong>pecunie</strong></span> <span class='ocrx_word' id='word_1_154' title='bbox 1250 1937 1257 1954; x_wconf 84' lang='lat'>&#39;</span> 
     </span>
     <span class='ocr_line' id='line_1_19' title="bbox 102 2027 1159 2112; baseline 0.001 -22"><span class='ocrx_word' id='word_1_155' title='bbox 102 2027 162 2091; x_wconf 77' lang='lat' dir='ltr'><strong>atti</strong></span> <span class='ocrx_word' id='word_1_156' title='bbox 179 2029 395 2092; x_wconf 77' lang='lat' dir='ltr'><strong>decerneretur</strong></span> <span class='ocrx_word' id='word_1_157' title='bbox 411 2030 450 2090; x_wconf 88' lang='lat' dir='ltr'><strong>ad</strong></span> <span class='ocrx_word' id='word_1_158' title='bbox 470 2030 569 2109; x_wconf 90' lang='lat' dir='ltr'><strong>ludos,</strong></span> <span class='ocrx_word' id='word_1_159' title='bbox 596 2049 670 2112; x_wconf 88' lang='lat' dir='ltr'><strong>quos</strong></span> <span class='ocrx_word' id='word_1_160' title='bbox 685 2039 852 2112; x_wconf 66' lang='lat' dir='ltr'><strong>propretor</strong></span> <span class='ocrx_word' id='word_1_161' title='bbox 867 2027 899 2088; x_wconf 89' lang='lat' dir='ltr'><strong>iu</strong></span> <span class='ocrx_word' id='word_1_162' title='bbox 915 2027 1066 2110; x_wconf 76' lang='lat' dir='ltr'><strong>Hispanis</strong></span> <span class='ocrx_word' id='word_1_163' title='bbox 1081 2030 1159 2091; x_wconf 88' lang='lat' dir='ltr'><strong>inter</strong></span> 
     </span>
     <span class='ocr_line' id='line_1_20' title="bbox 105 2113 1158 2198; baseline 0.001 -23"><span class='ocrx_word' id='word_1_164' title='bbox 105 2115 209 2196; x_wconf 78' lang='lat' dir='ltr'><strong>ipsum</strong></span> <span class='ocrx_word' id='word_1_165' title='bbox 237 2116 398 2180; x_wconf 78' lang='lat' dir='ltr'><strong>discrimen</strong></span> <span class='ocrx_word' id='word_1_166' title='bbox 424 2134 532 2198; x_wconf 78' lang='lat' dir='ltr'><strong>pugnae</strong></span> <span class='ocrx_word' id='word_1_167' title='bbox 558 2117 697 2178; x_wconf 70' lang='lat' dir='ltr'><strong>consor.</strong></span> <span class='ocrx_word' id='word_1_168' title='bbox 751 2113 872 2175; x_wconf 88' lang='lat' dir='ltr'><strong>Novum</strong></span> <span class='ocrx_word' id='word_1_169' title='bbox 900 2127 991 2194; x_wconf 84' lang='lat' dir='ltr'><strong>atqua</strong></span> <span class='ocrx_word' id='word_1_170' title='bbox 1021 2115 1158 2196; x_wconf 86' lang='lat' dir='ltr'><strong>iniquum</strong></span> 
     </span>
     <span class='ocr_line' id='line_1_21' title="bbox 103 2200 1265 2282; baseline -0.002 -18"><span class='ocrx_word' id='word_1_171' title='bbox 103 2202 265 2282; x_wconf 77' lang='lat' dir='ltr'><strong>postulate</strong></span> <span class='ocrx_word' id='word_1_172' title='bbox 285 2213 333 2266; x_wconf 87' lang='lat' dir='ltr'><strong>est</strong></span> <span class='ocrx_word' id='word_1_173' title='bbox 357 2205 446 2263; x_wconf 74' lang='lat' dir='ltr'><strong>vistim</strong></span> <span class='ocrx_word' id='word_1_174' title='bbox 470 2212 651 2265; x_wconf 81' lang='lat' dir='ltr'><strong>consuerunt</strong></span> <span class='ocrx_word' id='word_1_175' title='bbox 672 2221 757 2282; x_wconf 81' lang='lat' dir='ltr'><strong>ergo,</strong></span> <span class='ocrx_word' id='word_1_176' title='bbox 772 2202 870 2282; x_wconf 86' lang='lat' dir='ltr'><strong>‘quos</strong></span> <span class='ocrx_word' id='word_1_177' title='bbox 886 2200 974 2262; x_wconf 86' lang='lat' dir='ltr'><strong>ludos</strong></span> <span class='ocrx_word' id='word_1_178' title='bbox 988 2201 1160 2262; x_wconf 81' lang='lat' dir='ltr'><strong>inconsulto</strong></span> <span class='ocrx_word' id='word_1_179' title='bbox 1262 2231 1265 2238; x_wconf 44' lang='lat'>¹</span> 
     </span>
     <span class='ocr_line' id='line_1_22' title="bbox 103 2286 1161 2366; baseline -0.002 -16"><span class='ocrx_word' id='word_1_180' title='bbox 103 2287 246 2350; x_wconf 78' lang='lat' dir='ltr'><strong>‘senatu</strong></span> <span class='ocrx_word' id='word_1_181' title='bbox 258 2307 296 2350; x_wconf 80' lang='lat' dir='ltr'><strong>ex</strong></span> <span class='ocrx_word' id='word_1_182' title='bbox 306 2308 364 2350; x_wconf 88' lang='lat' dir='ltr'><strong>sua</strong></span> <span class='ocrx_word' id='word_1_183' title='bbox 374 2289 463 2350; x_wconf 82' lang='lat' dir='ltr'><strong>unlus</strong></span> <span class='ocrx_word' id='word_1_184' title='bbox 479 2289 633 2352; x_wconf 83' lang='lat' dir='ltr'><strong>sententia</strong></span> <span class='ocrx_word' id='word_1_185' title='bbox 650 2287 790 2363; x_wconf 71' lang='lat' dir='ltr'><strong>vovisset,</strong></span> <span class='ocrx_word' id='word_1_186' title='bbox 806 2304 857 2348; x_wconf 85' lang='lat' dir='ltr'><strong>eas</strong></span> <span class='ocrx_word' id='word_1_187' title='bbox 874 2287 919 2348; x_wconf 91' lang='lat' dir='ltr'><strong>uti</strong></span> <span class='ocrx_word' id='word_1_188' title='bbox 939 2286 978 2348; x_wconf 83' lang='lat' dir='ltr'><strong>de</strong></span> <span class='ocrx_word' id='word_1_189' title='bbox 1001 2288 1161 2366; x_wconf 75' lang='lat' dir='ltr'><strong>manubiis,</strong></span> 
     </span>
     <span class='ocr_line' id='line_1_23' title="bbox 102 2371 1163 2458; baseline -0.001 -22"><span class='ocrx_word' id='word_1_190' title='bbox 102 2375 273 2455; x_wconf 79' lang='lat' dir='ltr'><strong>‘siquam</strong></span> <span class='ocrx_word' id='word_1_191' title='bbox 293 2375 454 2458; x_wconf 73' lang='lat' dir='ltr'><strong>pecuniam</strong></span> <span class='ocrx_word' id='word_1_192' title='bbox 475 2375 562 2437; x_wconf 87' lang='lat' dir='ltr'><strong>adid</strong></span> <span class='ocrx_word' id='word_1_193' title='bbox 584 2385 774 2450; x_wconf 71' lang='lat' dir='ltr'><strong>meamet,</strong></span> <span class='ocrx_word' id='word_1_194' title='bbox 794 2371 841 2434; x_wconf 86' lang='lat' dir='ltr'><strong>vei</strong></span> <span class='ocrx_word' id='word_1_195' title='bbox 866 2393 922 2434; x_wconf 83' lang='lat' dir='ltr'><strong>sua</strong></span> <span class='ocrx_word' id='word_1_196' title='bbox 945 2373 1010 2455; x_wconf 81' lang='lat' dir='ltr'><strong>ipse</strong></span> <span class='ocrx_word' id='word_1_197' title='bbox 1034 2374 1163 2456; x_wconf 88' lang='lat' dir='ltr'><strong>inpensa</strong></span> 
     </span>
     <span class='ocr_line' id='line_1_24' title="bbox 101 2457 1163 2544; baseline 0 -22"><span class='ocrx_word' id='word_1_198' title='bbox 101 2458 275 2522; x_wconf 72' lang='lat' dir='ltr'><strong>‘incant&#39;</strong></span> <span class='ocrx_word' id='word_1_199' title='bbox 298 2481 350 2522; x_wconf 82' lang='lat' dir='ltr'><strong>eos</strong></span> <span class='ocrx_word' id='word_1_200' title='bbox 375 2461 462 2522; x_wconf 87' lang='lat' dir='ltr'><strong>ludos</strong></span> <span class='ocrx_word' id='word_1_201' title='bbox 485 2479 539 2544; x_wconf 86' lang='lat' dir='ltr'><strong>per</strong></span> <span class='ocrx_word' id='word_1_202' title='bbox 555 2461 620 2523; x_wconf 85' lang='lat' dir='ltr'><strong>dies</strong></span> <span class='ocrx_word' id='word_1_203' title='bbox 635 2461 741 2522; x_wconf 85' lang='lat' dir='ltr'><strong>decem</strong></span> <span class='ocrx_word' id='word_1_204' title='bbox 758 2457 790 2521; x_wconf 91' lang='lat' dir='ltr'><strong>P.</strong></span> <span class='ocrx_word' id='word_1_205' title='bbox 799 2457 963 2522; x_wconf 75' lang='lat' dir='ltr'><strong>Cornetus</strong></span> <span class='ocrx_word' id='word_1_206' title='bbox 979 2459 1062 2521; x_wconf 87' lang='lat' dir='ltr'><strong>fecit.</strong></span> <span class='ocrx_word' id='word_1_207' title='bbox 1107 2457 1163 2522; x_wconf 86' lang='lat' dir='ltr'><strong>Pet</strong></span> 
     </span>
     <span class='ocr_line' id='line_1_25' title="bbox 100 2543 1160 2630; baseline -0.003 -20"><span class='ocrx_word' id='word_1_208' title='bbox 100 2545 193 2611; x_wconf 78' lang='lat' dir='ltr'><strong>idam</strong></span> <span class='ocrx_word' id='word_1_209' title='bbox 223 2547 288 2608; x_wconf 82' lang='lat' dir='ltr'><strong>iere</strong></span> <span class='ocrx_word' id='word_1_210' title='bbox 312 2558 432 2630; x_wconf 84' lang='lat' dir='ltr'><strong>ternpus</strong></span> <span class='ocrx_word' id='word_1_211' title='bbox 454 2547 531 2609; x_wconf 77' lang='lat' dir='ltr'><strong>edes</strong></span> <span class='ocrx_word' id='word_1_212' title='bbox 557 2545 670 2609; x_wconf 87' lang='lat' dir='ltr'><strong>Matris</strong></span> <span class='ocrx_word' id='word_1_213' title='bbox 689 2543 812 2626; x_wconf 77' lang='lat' dir='ltr'><strong>Megtses</strong></span> <span class='ocrx_word' id='word_1_214' title='bbox 838 2544 924 2608; x_wconf 74' lang='lat' dir='ltr'><strong>Idae</strong></span> <span class='ocrx_word' id='word_1_215' title='bbox 939 2543 1080 2608; x_wconf 85' lang='lat' dir='ltr'><strong>dedicate</strong></span> <span class='ocrx_word' id='word_1_216' title='bbox 1095 2555 1160 2608; x_wconf 79' lang='lat' dir='ltr'><strong>est:</strong></span> 
     </span>
     <span class='ocr_line' id='line_1_26' title="bbox 99 2630 1162 2714; baseline -0.002 -18"><span class='ocrx_word' id='word_1_217' title='bbox 99 2651 203 2714; x_wconf 60' lang='lat' dir='ltr'><strong>mam</strong></span> <span class='ocrx_word' id='word_1_218' title='bbox 226 2631 373 2694; x_wconf 78' lang='lat' dir='ltr'><strong>Denaris</strong></span> <span class='ocrx_word' id='word_1_219' title='bbox 399 2631 432 2694; x_wconf 88' lang='lat' dir='ltr'><strong>P.</strong></span> <span class='ocrx_word' id='word_1_220' title='bbox 447 2631 619 2711; x_wconf 85' lang='lat' dir='ltr'><strong>Cornelius,</strong></span> <span class='ocrx_word' id='word_1_221' title='bbox 639 2631 798 2694; x_wconf 71' lang='lat' dir='ltr'><strong>somam</strong></span> <span class='ocrx_word' id='word_1_222' title='bbox 818 2651 857 2693; x_wconf 82' lang='lat' dir='ltr'><strong>ex</strong></span> <span class='ocrx_word' id='word_1_223' title='bbox 874 2631 951 2695; x_wconf 84' lang='lat' dir='ltr'><strong>Asia</strong></span> <span class='ocrx_word' id='word_1_224' title='bbox 970 2630 1003 2694; x_wconf 87' lang='lat' dir='ltr'><strong>P.</strong></span> <span class='ocrx_word' id='word_1_225' title='bbox 1019 2630 1162 2694; x_wconf 88' lang='lat' dir='ltr'><strong>Cornelio</strong></span> 
     </span>
     <span class='ocr_line' id='line_1_27' title="bbox 101 2715 1162 2804; baseline 0 -24"><span class='ocrx_word' id='word_1_226' title='bbox 101 2715 269 2804; x_wconf 74' lang='lat' dir='ltr'><strong>Scipione,</strong></span> <span class='ocrx_word' id='word_1_227' title='bbox 291 2719 340 2781; x_wconf 85' lang='lat' dir='ltr'><strong>cui</strong></span> <span class='ocrx_word' id='word_1_228' title='bbox 355 2730 425 2802; x_wconf 84' lang='lat' dir='ltr'><strong>post</strong></span> <span class='ocrx_word' id='word_1_229' title='bbox 438 2718 585 2783; x_wconf 79' lang='lat' dir='ltr'><strong>Adiosno</strong></span> <span class='ocrx_word' id='word_1_230' title='bbox 599 2717 659 2781; x_wconf 81' lang='lat' dir='ltr'><strong>itit</strong></span> <span class='ocrx_word' id='word_1_231' title='bbox 670 2735 852 2800; x_wconf 77' lang='lat' dir='ltr'><strong>cognomen,</strong></span> <span class='ocrx_word' id='word_1_232' title='bbox 875 2715 908 2781; x_wconf 85' lang='lat' dir='ltr'><strong>P.</strong></span> <span class='ocrx_word' id='word_1_233' title='bbox 918 2717 1036 2780; x_wconf 80' lang='lat' dir='ltr'><strong>LicInio</strong></span> <span class='ocrx_word' id='word_1_234' title='bbox 1050 2736 1162 2781; x_wconf 84' lang='lat' dir='ltr'><strong>consu·</strong></span> 
     </span>
     <span class='ocr_line' id='line_1_28' title="bbox 100 2801 1162 2883; baseline 0 -15"><span class='ocrx_word' id='word_1_235' title='bbox 100 2803 199 2883; x_wconf 76' lang='lat' dir='ltr'><strong>libus,</strong></span> <span class='ocrx_word' id='word_1_236' title='bbox 216 2806 251 2866; x_wconf 83' lang='lat' dir='ltr'><strong>ln</strong></span> <span class='ocrx_word' id='word_1_237' title='bbox 264 2801 411 2868; x_wconf 77' lang='lat' dir='ltr'><strong>Palatium</strong></span> <span class='ocrx_word' id='word_1_238' title='bbox 421 2825 442 2866; x_wconf 79' lang='lat' dir='ltr'><strong>a</strong></span> <span class='ocrx_word' id='word_1_239' title='bbox 456 2807 531 2868; x_wconf 85' lang='lat' dir='ltr'><strong>mari</strong></span> <span class='ocrx_word' id='word_1_240' title='bbox 541 2805 702 2869; x_wconf 76' lang='lat' dir='ltr'><strong>demlmat.</strong></span> <span class='ocrx_word' id='word_1_241' title='bbox 736 2803 926 2868; x_wconf 63' lang='lat' dir='ltr'><strong>mserum</strong></span> <span class='ocrx_word' id='word_1_242' title='bbox 936 2805 1033 2867; x_wconf 50' lang='lat' dir='ltr'><strong>aaut</strong></span> <span class='ocrx_word' id='word_1_243' title='bbox 1045 2805 1162 2868; x_wconf 82' lang='lat' dir='ltr'><strong>iacien-</strong></span> 
     </span>
     <span class='ocr_line' id='line_1_29' title="bbox 101 2889 1163 2972; baseline 0.001 -19"><span class='ocrx_word' id='word_1_244' title='bbox 101 2889 180 2953; x_wconf 81' lang='lat' dir='ltr'><strong>daan</strong></span> <span class='ocrx_word' id='word_1_245' title='bbox 206 2909 249 2954; x_wconf 78' lang='lat' dir='ltr'><strong>est</strong></span> <span class='ocrx_word' id='word_1_246' title='bbox 275 2892 538 2954; x_wconf 67' lang='lat' dir='ltr'><strong>senammulto</strong></span> <span class='ocrx_word' id='word_1_247' title='bbox 564 2890 612 2954; x_wconf 89' lang='lat' dir='ltr'><strong>M.</strong></span> <span class='ocrx_word' id='word_1_248' title='bbox 635 2891 748 2968; x_wconf 81' lang='lat' dir='ltr'><strong>Livius,</strong></span> <span class='ocrx_word' id='word_1_249' title='bbox 776 2889 812 2954; x_wconf 85' lang='lat' dir='ltr'><strong>C.</strong></span> <span class='ocrx_word' id='word_1_250' title='bbox 839 2889 985 2952; x_wconf 86' lang='lat' dir='ltr'><strong>Claudlus</strong></span> <span class='ocrx_word' id='word_1_251' title='bbox 1010 2909 1163 2972; x_wconf 70' lang='lat' dir='ltr'><strong>cemes,</strong></span> 
     </span>
    </p>

    <p class='ocr_par' dir='ltr' id='par_1_5' title="bbox 96 2975 1277 3910">
     <span class='ocr_line' id='line_1_30' title="bbox 100 2975 1164 3060; baseline -0.003 -20"><span class='ocrx_word' id='word_1_252' title='bbox 100 2975 153 3040; x_wconf 89' lang='lat' dir='ltr'><strong>M.</strong></span> <span class='ocrx_word' id='word_1_253' title='bbox 171 2976 332 3056; x_wconf 81' lang='lat' dir='ltr'><strong>Cornelio,</strong></span> <span class='ocrx_word' id='word_1_254' title='bbox 350 2975 382 3039; x_wconf 80' lang='lat' dir='ltr'><strong>P.</strong></span> <span class='ocrx_word' id='word_1_255' title='bbox 397 2976 580 3060; x_wconf 79' lang='lat' dir='ltr'><strong>Sempronio</strong></span> <span class='ocrx_word' id='word_1_256' title='bbox 598 2978 792 3054; x_wconf 77' lang='lat' dir='ltr'><strong>oonsulibus3</strong></span> <span class='ocrx_word' id='word_1_257' title='bbox 815 2975 963 3038; x_wconf 75' lang='lat' dir='ltr'><strong>tredecim</strong></span> <span class='ocrx_word' id='word_1_258' title='bbox 980 2979 1066 3038; x_wconf 77' lang='lat' dir='ltr'><strong>tinnis</strong></span> <span class='ocrx_word' id='word_1_259' title='bbox 1081 2989 1164 3060; x_wconf 82' lang='lat' dir='ltr'><strong>post,</strong></span> 
     </span>
     <span class='ocr_line' id='line_1_31' title="bbox 100 3060 1277 3144; baseline -0.005 -18"><span class='ocrx_word' id='word_1_260' title='bbox 100 3083 203 3144; x_wconf 81' lang='lat' dir='ltr'><strong>quem</strong></span> <span class='ocrx_word' id='word_1_261' title='bbox 231 3065 334 3126; x_wconf 77' lang='lat' dir='ltr'><strong>loeus</strong></span> <span class='ocrx_word' id='word_1_262' title='bbox 356 3075 434 3142; x_wconf 79' lang='lat' dir='ltr'><strong>eret,</strong></span> <span class='ocrx_word' id='word_1_263' title='bbox 457 3063 610 3128; x_wconf 81' lang='lat' dir='ltr'><strong>dedicavit</strong></span> <span class='ocrx_word' id='word_1_264' title='bbox 625 3083 693 3126; x_wconf 85' lang='lat' dir='ltr'><strong>earn</strong></span> <span class='ocrx_word' id='word_1_265' title='bbox 709 3060 757 3124; x_wconf 92' lang='lat' dir='ltr'><strong>M.</strong></span> <span class='ocrx_word' id='word_1_266' title='bbox 771 3061 880 3124; x_wconf 80' lang='lat' dir='ltr'><strong>lunius</strong></span> <span class='ocrx_word' id='word_1_267' title='bbox 896 3061 1019 3140; x_wconf 81' lang='lat' dir='ltr'><strong>Brutus,</strong></span> <span class='ocrx_word' id='word_1_268' title='bbox 1045 3063 1164 3124; x_wconf 80' lang='lat' dir='ltr'><strong>¹⁰ludi·</strong></span> <span class='ocrx_word' id='word_1_269' title='bbox 1272 3109 1277 3120; x_wconf 90' lang='lat'>.</span> 
     </span>
     <span class='ocr_line' id='line_1_32' title="bbox 98 3148 1163 3232; baseline -0.004 -19"><span class='ocrx_word' id='word_1_270' title='bbox 98 3167 163 3232; x_wconf 81' lang='lat' dir='ltr'><strong>que</strong></span> <span class='ocrx_word' id='word_1_271' title='bbox 177 3151 229 3212; x_wconf 83' lang='lat' dir='ltr'><strong>ob</strong></span> <span class='ocrx_word' id='word_1_272' title='bbox 241 3148 467 3213; x_wconf 74' lang='lat' dir='ltr'><strong>dedicationem</strong></span> <span class='ocrx_word' id='word_1_273' title='bbox 486 3148 554 3230; x_wconf 68' lang='lat' dir='ltr'><strong>eius</strong></span> <span class='ocrx_word' id='word_1_274' title='bbox 575 3149 661 3225; x_wconf 83' lang='lat' dir='ltr'><strong>facti,</strong></span> <span class='ocrx_word' id='word_1_275' title='bbox 679 3169 755 3231; x_wconf 87' lang='lat' dir='ltr'><strong>quos</strong></span> <span class='ocrx_word' id='word_1_276' title='bbox 775 3149 889 3230; x_wconf 87' lang='lat' dir='ltr'><strong>primos</strong></span> <span class='ocrx_word' id='word_1_277' title='bbox 908 3149 1046 3209; x_wconf 87' lang='lat' dir='ltr'><strong>scenicos</strong></span> <span class='ocrx_word' id='word_1_278' title='bbox 1061 3149 1163 3226; x_wconf 80' lang='lat' dir='ltr'><strong>fuisse,</strong></span> 
     </span>
     <span class='ocr_line' id='line_1_33' title="bbox 97 3231 1164 3318; baseline -0.001 -20"><span class='ocrx_word' id='word_1_279' title='bbox 97 3235 230 3302; x_wconf 73' lang='lat' dir='ltr'><strong>nastas-</strong></span> <span class='ocrx_word' id='word_1_280' title='bbox 249 3233 418 3298; x_wconf 79' lang='lat' dir='ltr'><strong>Valeriua¹</strong></span> <span class='ocrx_word' id='word_1_281' title='bbox 446 3247 495 3297; x_wconf 84' lang='lat' dir='ltr'><strong>est</strong></span> <span class='ocrx_word' id='word_1_282' title='bbox 517 3245 633 3312; x_wconf 74' lang='lat' dir='ltr'><strong>auctor,</strong></span> <span class='ocrx_word' id='word_1_283' title='bbox 655 3231 827 3316; x_wconf 80' lang='lat' dir='ltr'><strong>Megalesia</strong></span> <span class='ocrx_word' id='word_1_284' title='bbox 850 3234 1032 3318; x_wconf 83' lang='lat' dir='ltr'><strong>adpellatos.</strong></span> <span class='ocrx_word' id='word_1_285' title='bbox 1084 3231 1164 3297; x_wconf 75' lang='lat' dir='ltr'><strong>Item</strong></span> 
     </span>
     <span class='ocr_line' id='line_1_34' title="bbox 97 3317 1164 3389; baseline -0.007 0"><span class='ocrx_word' id='word_1_286' title='bbox 97 3322 290 3389; x_wconf 67' lang='lat' dir='ltr'><strong>Iuventam</strong></span> <span class='ocrx_word' id='word_1_287' title='bbox 306 3321 401 3383; x_wconf 76' lang='lat' dir='ltr'><strong>adem</strong></span> <span class='ocrx_word' id='word_1_288' title='bbox 416 3321 447 3382; x_wconf 86' lang='lat' dir='ltr'><strong>in</strong></span> <span class='ocrx_word' id='word_1_289' title='bbox 457 3321 539 3386; x_wconf 79' lang='lat' dir='ltr'><strong>circo</strong></span> <span class='ocrx_word' id='word_1_290' title='bbox 553 3321 689 3382; x_wconf 84' lang='lat' dir='ltr'><strong>maximo</strong></span> <span class='ocrx_word' id='word_1_291' title='bbox 699 3319 738 3381; x_wconf 83' lang='lat' dir='ltr'><strong>C.</strong></span> <span class='ocrx_word' id='word_1_292' title='bbox 750 3317 885 3382; x_wconf 80' lang='lat' dir='ltr'><strong>Moluius</strong></span> <span class='ocrx_word' id='word_1_293' title='bbox 900 3318 1043 3381; x_wconf 79' lang='lat' dir='ltr'><strong>Lucullus</strong></span> <span class='ocrx_word' id='word_1_294' title='bbox 1054 3319 1164 3382; x_wconf 81' lang='lat' dir='ltr'><strong>daum-</strong></span> 
     </span>
     <span class='ocr_line' id='line_1_35' title="bbox 97 3403 1164 3472; baseline -0.004 0"><span class='ocrx_word' id='word_1_295' title='bbox 97 3412 147 3472; x_wconf 68' lang='grc' dir='ltr'><strong>νὴ</strong></span> <span class='ocrx_word' id='word_1_296' title='bbox 165 3408 340 3472; x_wconf 76' lang='lat' dir='ltr'><strong>deificavit.</strong></span> <span class='ocrx_word' id='word_1_297' title='bbox 385 3403 518 3470; x_wconf 83' lang='lat' dir='ltr'><strong>Voverat</strong></span> <span class='ocrx_word' id='word_1_298' title='bbox 531 3425 600 3469; x_wconf 82' lang='lat' dir='ltr'><strong>eam</strong></span> <span class='ocrx_word' id='word_1_299' title='bbox 615 3405 769 3468; x_wconf 71' lang='lat' dir='ltr'><strong>sexdecim</strong></span> <span class='ocrx_word' id='word_1_300' title='bbox 797 3405 883 3466; x_wconf 86' lang='lat' dir='ltr'><strong>anuis</strong></span> <span class='ocrx_word' id='word_1_301' title='bbox 907 3415 979 3468; x_wconf 84' lang='lat' dir='ltr'><strong>ante</strong></span> <span class='ocrx_word' id='word_1_302' title='bbox 999 3404 1046 3468; x_wconf 92' lang='lat' dir='ltr'><strong>M.</strong></span> <span class='ocrx_word' id='word_1_303' title='bbox 1062 3405 1164 3469; x_wconf 73' lang='lat' dir='ltr'><strong>biuios</strong></span> 
     </span>
     <span class='ocr_line' id='line_1_36' title="bbox 98 3490 1163 3576; baseline 0 -20"><span class='ocrx_word' id='word_1_304' title='bbox 98 3495 231 3572; x_wconf 72' lang='lat' dir='ltr'><strong>comni,</strong></span> <span class='ocrx_word' id='word_1_305' title='bbox 256 3511 318 3576; x_wconf 79' lang='lat' dir='ltr'><strong>quo</strong></span> <span class='ocrx_word' id='word_1_306' title='bbox 344 3493 395 3555; x_wconf 84' lang='lat' dir='ltr'><strong>die</strong></span> <span class='ocrx_word' id='word_1_307' title='bbox 431 3491 653 3558; x_wconf 70' lang='lat' dir='ltr'><strong>Hasdrubalem</strong></span> <span class='ocrx_word' id='word_1_308' title='bbox 681 3493 908 3574; x_wconf 78' lang='lat' dir='ltr'><strong>exercitumque</strong></span> <span class='ocrx_word' id='word_1_309' title='bbox 940 3490 1004 3574; x_wconf 83' lang='lat' dir='ltr'><strong>ejus</strong></span> <span class='ocrx_word' id='word_1_310' title='bbox 1030 3494 1163 3556; x_wconf 77' lang='lat' dir='ltr'><strong>occidite</strong></span> 
     </span>
     <span class='ocr_line' id='line_1_37' title="bbox 97 3575 1162 3657; baseline -0.001 -12"><span class='ocrx_word' id='word_1_311' title='bbox 97 3583 188 3645; x_wconf 73' lang='lat' dir='ltr'><strong>idam</strong></span> <span class='ocrx_word' id='word_1_312' title='bbox 213 3597 325 3642; x_wconf 70' lang='lat' dir='ltr'><strong>wtsor</strong></span> <span class='ocrx_word' id='word_1_313' title='bbox 344 3595 413 3642; x_wconf 73' lang='lat' dir='ltr'><strong>aem</strong></span> <span class='ocrx_word' id='word_1_314' title='bbox 435 3581 607 3642; x_wconf 73' lang='lat' dir='ltr'><strong>lbcimdem</strong></span> <span class='ocrx_word' id='word_1_315' title='bbox 631 3580 752 3657; x_wconf 63' lang='lat' dir='ltr'><strong>locam,</strong></span> <span class='ocrx_word' id='word_1_316' title='bbox 775 3575 822 3642; x_wconf 85' lang='lat' dir='ltr'><strong>M.</strong></span> <span class='ocrx_word' id='word_1_317' title='bbox 842 3577 995 3657; x_wconf 81' lang='lat' dir='ltr'><strong>Cornelio,</strong></span> <span class='ocrx_word' id='word_1_318' title='bbox 1017 3579 1050 3643; x_wconf 90' lang='lat' dir='ltr'><strong>P.</strong></span> <span class='ocrx_word' id='word_1_319' title='bbox 1073 3577 1162 3644; x_wconf 79' lang='lat' dir='ltr'><strong>sem-</strong></span> 
     </span>
     <span class='ocr_line' id='line_1_38' title="bbox 96 3663 1161 3752; baseline -0.001 -23"><span class='ocrx_word' id='word_1_320' title='bbox 96 3669 218 3752; x_wconf 66' lang='lat' dir='ltr'><strong>pronio</strong></span> <span class='ocrx_word' id='word_1_321' title='bbox 231 3667 417 3728; x_wconf 78' lang='lat' dir='ltr'><strong>consulibus.</strong></span> <span class='ocrx_word' id='word_1_322' title='bbox 440 3663 539 3748; x_wconf 74' lang='lat' dir='ltr'><strong>Hnjus</strong></span> <span class='ocrx_word' id='word_1_323' title='bbox 552 3683 674 3748; x_wconf 85' lang='lat' dir='ltr'><strong>quoque</strong></span> <span class='ocrx_word' id='word_1_324' title='bbox 686 3664 862 3727; x_wconf 64' lang='lat' dir='ltr'><strong>dedicando</strong></span> <span class='ocrx_word' id='word_1_325' title='bbox 871 3685 977 3728; x_wconf 87' lang='lat' dir='ltr'><strong>ceussa</strong></span> <span class='ocrx_word' id='word_1_326' title='bbox 990 3665 1051 3729; x_wconf 88' lang='lat' dir='ltr'><strong>ludi</strong></span> <span class='ocrx_word' id='word_1_327' title='bbox 1067 3666 1161 3728; x_wconf 83' lang='lat' dir='ltr'><strong>facti:</strong></span> 
     </span>
     <span class='ocr_line' id='line_1_39' title="bbox 97 3751 1163 3835; baseline -0.004 -17"><span class='ocrx_word' id='word_1_328' title='bbox 97 3767 132 3818; x_wconf 87' lang='lat' dir='ltr'><strong>et</strong></span> <span class='ocrx_word' id='word_1_329' title='bbox 148 3775 191 3816; x_wconf 84' lang='lat' dir='ltr'><strong>so</strong></span> <span class='ocrx_word' id='word_1_330' title='bbox 207 3755 404 3826; x_wconf 68' lang='lat' dir='ltr'><strong>sunniacum</strong></span> <span class='ocrx_word' id='word_1_331' title='bbox 423 3751 541 3835; x_wconf 83' lang='lat' dir='ltr'><strong>majore</strong></span> <span class='ocrx_word' id='word_1_332' title='bbox 564 3753 711 3834; x_wconf 84' lang='lat' dir='ltr'><strong>religione</strong></span> <span class='ocrx_word' id='word_1_333' title='bbox 735 3751 829 3830; x_wconf 81' lang='lat' dir='ltr'><strong>facts,</strong></span> <span class='ocrx_word' id='word_1_334' title='bbox 850 3751 933 3833; x_wconf 86' lang='lat' dir='ltr'><strong>quod</strong></span> <span class='ocrx_word' id='word_1_335' title='bbox 956 3771 1069 3814; x_wconf 84' lang='lat' dir='ltr'><strong>novum</strong></span> <span class='ocrx_word' id='word_1_336' title='bbox 1093 3771 1163 3814; x_wconf 84' lang='lat' dir='ltr'><strong>eum</strong></span> 
     </span>
     <span class='ocr_line' id='line_1_40' title="bbox 98 3837 838 3910; baseline 0 -8"><span class='ocrx_word' id='word_1_337' title='bbox 98 3837 273 3910; x_wconf 69' lang='lat' dir='ltr'><strong>Antiocho</strong></span> <span class='ocrx_word' id='word_1_338' title='bbox 286 3841 423 3910; x_wconf 79' lang='lat' dir='ltr'><strong>instabat</strong></span> <span class='ocrx_word' id='word_1_339' title='bbox 437 3841 560 3904; x_wconf 85' lang='lat' dir='ltr'><strong>bellum.</strong></span> <span class='ocrx_word' id='word_1_340' title='bbox 833 3871 838 3878; x_wconf 94' lang='lat'>·</span> 
     </span>
    </p>

    <p class='ocr_par' dir='ltr' id='par_1_6' title="bbox 99 3923 1290 4094">
     <span class='ocr_line' id='line_1_41' title="bbox 144 3923 1290 4008; baseline -0.002 -18"><span class='ocrx_word' id='word_1_341' title='bbox 144 3924 325 3990; x_wconf 86' lang='lat' dir='ltr'>XXXVII.</span> <span class='ocrx_word' id='word_1_342' title='bbox 357 3924 510 4008; x_wconf 87' lang='lat' dir='ltr'><strong>Principio</strong></span> <span class='ocrx_word' id='word_1_343' title='bbox 525 3925 590 4006; x_wconf 85' lang='lat' dir='ltr'><strong>ejus</strong></span> <span class='ocrx_word' id='word_1_344' title='bbox 606 3926 689 4004; x_wconf 85' lang='lat' dir='ltr'><strong>anni,</strong></span> <span class='ocrx_word' id='word_1_345' title='bbox 712 3945 773 4008; x_wconf 94' lang='lat' dir='ltr'><strong>quo</strong></span> <span class='ocrx_word' id='word_1_346' title='bbox 795 3926 869 4003; x_wconf 84' lang='lat' dir='ltr'><strong>haec,</strong></span> <span class='ocrx_word' id='word_1_347' title='bbox 888 3923 954 4005; x_wconf 87' lang='lat' dir='ltr'><strong>jam</strong></span> <span class='ocrx_word' id='word_1_348' title='bbox 971 3925 1110 4008; x_wconf 85' lang='lat' dir='ltr'><strong>proiecto</strong></span> <span class='ocrx_word' id='word_1_349' title='bbox 1125 3925 1164 3988; x_wconf 86' lang='lat' dir='ltr'><strong>ad</strong></span> <span class='ocrx_word' id='word_1_350' title='bbox 1179 3945 1290 4008; x_wconf 65' lang='lat' dir='ltr'><strong>Prodigia.</strong></span> 
     </span>
     <span class='ocr_line' id='line_1_42' title="bbox 99 4003 1164 4094; baseline -0.003 -17"><span class='ocrx_word' id='word_1_351' title='bbox 99 4014 227 4078; x_wconf 87' lang='lat' dir='ltr'><strong>bellum</strong></span> <span class='ocrx_word' id='word_1_352' title='bbox 239 4009 299 4078; x_wconf 92' lang='grc' dir='ltr'><strong>Μ’.</strong></span> <span class='ocrx_word' id='word_1_353' title='bbox 313 4011 424 4092; x_wconf 87' lang='lat' dir='ltr'><strong>Acilio,</strong></span> <span class='ocrx_word' id='word_1_354' title='bbox 440 4023 584 4076; x_wconf 87' lang='lat' dir='ltr'><strong>manente</strong></span> <span class='ocrx_word' id='word_1_355' title='bbox 596 4011 696 4074; x_wconf 85' lang='lat' dir='ltr'><strong>adhuc</strong></span> <span class='ocrx_word' id='word_1_356' title='bbox 707 4003 814 4074; x_wconf 76' lang='lat' dir='ltr'><strong>Roma</strong></span> <span class='ocrx_word' id='word_1_357' title='bbox 826 4009 860 4074; x_wconf 93' lang='lat' dir='ltr'><strong>P.</strong></span> <span class='ocrx_word' id='word_1_358' title='bbox 872 4007 1015 4074; x_wconf 87' lang='lat' dir='ltr'><strong>Cornelio</strong></span> <span class='ocrx_word' id='word_1_359' title='bbox 1030 4012 1164 4094; x_wconf 84' lang='lat' dir='ltr'><strong>consule,</strong></span> 
     </span>
    </p>
   </div>
   <div class='ocr_carea' id='block_1_4' title="bbox 452 4159 836 4211">
    <p class='ocr_par' dir='ltr' id='par_1_7' title="bbox 452 4159 836 4211">
     <span class='ocr_line' id='line_1_43' title="bbox 452 4159 836 4211; baseline 0.008 -3"><span class='ocrx_word' id='word_1_360' title='bbox 452 4169 464 4196; x_wconf 60' lang='grc' dir='ltr'>ὓ</span> <span class='ocrx_word' id='word_1_361' title='bbox 483 4159 583 4210; x_wconf 65' lang='lat' dir='ltr'><strong>vitatu</strong></span> <span class='ocrx_word' id='word_1_362' title='bbox 591 4160 670 4211; x_wconf 68' lang='lat' dir='ltr'><strong>Artior</strong></span> <span class='ocrx_word' id='word_1_363' title='bbox 681 4162 756 4210; x_wconf 78' lang='lat' dir='ltr'><strong>Grec.</strong></span> <span class='ocrx_word' id='word_1_364' title='bbox 767 4160 836 4211; x_wconf 73' lang='lat' dir='ltr'><strong>Cret.</strong></span> 
     </span>
    </p>
   </div>
   <div class='ocr_carea' id='block_1_5' title="bbox 94 4273 1166 4606">
    <p class='ocr_par' dir='ltr' id='par_1_8' title="bbox 94 4273 1166 4606">
     <span class='ocr_line' id='line_1_44' title="bbox 130 4273 1166 4342; baseline 0.005 -18"><span class='ocrx_word' id='word_1_365' title='bbox 130 4273 626 4342; x_wconf 59' lang='lat' dir='ltr'><strong>emundefflnemmnom</strong></span> <span class='ocrx_word' id='word_1_366' title='bbox 656 4277 773 4324; x_wconf 70' lang='lat' dir='ltr'><strong>traam</strong></span> <span class='ocrx_word' id='word_1_367' title='bbox 798 4276 1024 4341; x_wconf 57' lang='lat' dir='ltr'><strong>nestrorumque</strong></span> <span class='ocrx_word' id='word_1_368' title='bbox 1051 4276 1166 4330; x_wconf 72' lang='lat' dir='ltr'><strong>linum</strong></span> 
     </span>
     <span class='ocr_line' id='line_1_45' title="bbox 94 4339 1165 4410; baseline -0.004 -14"><span class='ocrx_word' id='word_1_369' title='bbox 94 4347 160 4396; x_wconf 81' lang='lat' dir='ltr'><strong>tium</strong></span> <span class='ocrx_word' id='word_1_370' title='bbox 177 4346 238 4394; x_wconf 83' lang='lat'>156.</span> <span class='ocrx_word' id='word_1_371' title='bbox 251 4356 306 4392; x_wconf 87' lang='lat' dir='ltr'><strong>cum</strong></span> <span class='ocrx_word' id='word_1_372' title='bbox 318 4341 389 4390; x_wconf 86' lang='lat' dir='ltr'><strong>unciis</strong></span> <span class='ocrx_word' id='word_1_373' title='bbox 400 4344 424 4390; x_wconf 82' lang='lat'><strong>2.</strong></span> <span class='ocrx_word' id='word_1_374' title='bbox 656 4343 718 4402; x_wconf 60' lang='grc' dir='ltr'><strong>ἡ·</strong></span> <span class='ocrx_word' id='word_1_375' title='bbox 733 4341 801 4404; x_wconf 65' lang='lat' dir='ltr'><strong>longa</strong></span> <span class='ocrx_word' id='word_1_376' title='bbox 818 4343 933 4404; x_wconf 59' lang='lat' dir='ltr'><strong>nequior</strong></span> <span class='ocrx_word' id='word_1_377' title='bbox 947 4354 994 4390; x_wconf 81' lang='lat' dir='ltr'><strong>set.</strong></span> <span class='ocrx_word' id='word_1_378' title='bbox 1026 4339 1079 4392; x_wconf 81' lang='lat' dir='ltr'><strong>Vid.</strong></span> <span class='ocrx_word' id='word_1_379' title='bbox 1093 4361 1165 4410; x_wconf 72' lang='lat' dir='ltr'><strong>capu</strong></span> 
     </span>
     <span class='ocr_line' id='line_1_46' title="bbox 132 4405 1165 4472; baseline 0.016 -29"><span class='ocrx_word' id='word_1_380' title='bbox 132 4406 626 4469; x_wconf 62' lang='lat' dir='ltr'><strong>,roM...mpn&#39;mesioeefuioe</strong></span> <span class='ocrx_word' id='word_1_381' title='bbox 655 4405 796 4459; x_wconf 56' lang='lat' dir='ltr'><strong>lanea.</strong></span> <span class='ocrx_word' id='word_1_382' title='bbox 813 4405 1165 4472; x_wconf 70' lang='lat' dir='ltr'><strong>Sedstjurertlsaanelsans</strong></span> 
     </span>
     <span class='ocr_line' id='line_1_47' title="bbox 99 4469 1166 4535; baseline -0.001 -10"><span class='ocrx_word' id='word_1_383' title='bbox 99 4471 319 4534; x_wconf 65' lang='lat' dir='ltr'><strong>Valeriuedntiet]</strong></span> <span class='ocrx_word' id='word_1_384' title='bbox 334 4471 527 4533; x_wconf 64' lang='lat' dir='ltr'><strong>Intelligsprtnor</strong></span> <span class='ocrx_word' id='word_1_385' title='bbox 535 4475 625 4526; x_wconf 67' lang='lat' dir='ltr'><strong>mulces</strong></span> <span class='ocrx_word' id='word_1_386' title='bbox 655 4469 749 4528; x_wconf 63' lang='lat' dir='ltr'><strong>ml.</strong></span> <span class='ocrx_word' id='word_1_387' title='bbox 763 4477 937 4522; x_wconf 57' lang='lat' dir='ltr'><strong>xantum.</strong></span> <span class='ocrx_word' id='word_1_388' title='bbox 967 4473 1091 4535; x_wconf 71' lang='lat' dir='ltr'><strong>Megalesia</strong></span> <span class='ocrx_word' id='word_1_389' title='bbox 1100 4475 1166 4524; x_wconf 75' lang='lat' dir='ltr'><strong>indos</strong></span> 
     </span>
     <span class='ocr_line' id='line_1_48' title="bbox 97 4537 1142 4606; baseline 0.002 -16"><span class='ocrx_word' id='word_1_390' title='bbox 97 4541 259 4606; x_wconf 58' lang='lat' dir='ltr'><strong>Megalenses,</strong></span> <span class='ocrx_word' id='word_1_391' title='bbox 272 4552 318 4586; x_wconf 89' lang='lat' dir='ltr'><strong>non</strong></span> <span class='ocrx_word' id='word_1_392' title='bbox 330 4538 424 4587; x_wconf 82' lang='lat' dir='ltr'><strong>omnino</strong></span> <span class='ocrx_word' id='word_1_393' title='bbox 437 4538 518 4600; x_wconf 79' lang='lat' dir='ltr'><strong>primos</strong></span> <span class='ocrx_word' id='word_1_394' title='bbox 527 4539 626 4606; x_wconf 67' lang='lat' dir='ltr'><strong>uestros.</strong></span> <span class='ocrx_word' id='word_1_395' title='bbox 656 4537 1041 4602; x_wconf 55' lang='lat' dir='ltr'><strong>adeptum-ems&amp;</strong></span> <span class='ocrx_word' id='word_1_396' title='bbox 1053 4540 1142 4592; x_wconf 55' lang='lat' dir='ltr'><strong>luith.</strong></span> 
     </span>
    </p>
   </div>
   <div class='ocr_carea' id='block_1_6' title="bbox 0 0 1544 5196">
    <p class='ocr_par' dir='ltr' id='par_1_9' title="bbox 0 0 1544 5196">
     <span class='ocr_line' id='line_1_49' title="bbox 0 0 1544 5196; baseline 0 5"><span class='ocrx_word' id='word_1_397' title='bbox 0 0 1544 5196; x_wconf 95' lang='lat' dir='ltr'><strong> </strong></span> 
     </span>
    </p>
   </div>
  </div>
 </body>
</html>
