3080 5196
417 320 500 424 iun
520 363 679 424 xxxvu.
699 364 781 424 car.
801 363 917 423 xxm
1124 369 1189 430 sor

138 539 237 598 mum,
252 531 343 602 atque
365 521 406 584 ibi
436 523 469 584 in
491 523 623 586 statione
645 544 723 600 esse,
738 542 777 583 ne
792 520 994 605 Polyxenidas
1010 522 1049 583 ab
1063 519 1186 604 Epheso
1200 544 1230 593 U.
1242 543 1270 594 c,
1281 547 1339 596 562.

138 620 288 670 moveret.
332 607 399 670 Rex
413 608 538 688 Elaeam,
555 609 685 671 Romani
705 622 735 671 et
750 609 862 671 Rhodii
878 606 1004 670 Samum
1020 608 1185 670 redierunt.
1200 613 1228 658 A·
1241 613 1338 662 01⁹⁰·

140 691 188 754 lbi
205 692 252 756 M.
266 691 420 774 AEmilius,
438 695 530 758 frater
552 695 699 778 pratoris,
719 696 858 758 decessit.
915 694 1027 756 Rhodii
1050 694 1185 756 celebra·
1198 713 1295 763 Rhodis
1310 729 1352 764 nc-

140 779 183 842 tis
209 781 367 866 exsequiis,
392 782 533 844 adversus
554 783 692 860 classem,
718 803 809 864 quam
836 781 918 844 sama
941 793 1008 843 erat
1037 803 1075 843 ex
1099 778 1326 864 Syriaveudver·

140 866 255 945 venire,
280 867 426 929 tredecim
452 869 514 930 suis
537 869 672 946 navibus,
696 881 729 931 et
747 890 808 930 una
822 867 889 930 Coa
907 868 1125 950 quinqueremi,
1199 913 1215 959 b
1242 911 1248 924 .
1279 923 1292 958 ι

141 963 212 1014 tera
236 951 359 1032 Gnidia,
385 954 539 1034 Rhodum,
564 969 599 1018 ut
629 956 671 1016 ibi
702 955 733 1016 in
759 955 891 1019 statione
920 968 1032 1034 essent,
1058 953 1187 1037 profecti
1199 927 1345 1042 Pppfincquun.

143 1050 226 1101 sunt.
287 1038 387 1102 Biduo
414 1053 495 1119 ante,
525 1062 615 1123 quarn
642 1041 797 1104 Eudamus
825 1062 893 1103 cum
923 1043 1018 1103 classe
1047 1063 1066 1102 s
1096 1039 1246 1102 Samotur·

142 1127 271 1203 veniret,
295 1127 441 1190 tredecim
468 1149 486 1189 a
509 1127 621 1190 Rhodo
645 1149 736 1190 naves
754 1150 822 1190 cum
839 1128 1030 1211 Pamphilida
1047 1127 1190 1209 praelecto

144 1213 285 1275 adversus
307 1214 446 1277 eamdem
474 1212 630 1298 Syriacam
657 1216 784 1276 classem
806 1215 914 1292 missae,
935 1215 1082 1276 adsumtis
1104 1214 1189 1276 travi-

144 1300 202 1362 bus
226 1309 363 1381 quatuor,
387 1321 452 1382 quae
476 1300 571 1363 Cariae
593 1302 732 1386 prasidio
755 1313 852 1378 erant,
874 1300 1120 1382 obpugnantibus
1143 1321 1189 1362 re-

149 1387 220 1468 giis,
235 1389 261 1426 ⁶⁰
273 1385 399 1449 Dedala
425 1400 457 1451 et
473 1389 609 1469 quadam
625 1389 684 1448 alia
698 1408 792 1470 parva
806 1387 931 1448 castella
944 1387 1103 1448 obsidione
1118 1407 1191 1448 exe·

146 1485 277 1534 merunt.
336 1472 507 1536 Eudamum
532 1473 692 1535 confestim
718 1474 800 1534 exire
830 1474 953 1556 placuit.
983 1473 1094 1534 additas
1119 1473 1190 1534 huic

91 1576 112 1600 ·
146 1580 266 1642 quoque
283 1572 353 1621 sunt
373 1560 413 1622 ad
434 1581 501 1623 eam
521 1561 657 1638 classem,
672 1580 763 1642 quam
779 1559 923 1636 habebnt,
938 1579 992 1620 sex
1008 1570 1119 1640 aportae
1133 1579 1189 1618 na·

145 1667 207 1708 ves.
266 1645 420 1708 Profectus
447 1667 549 1727 quum,
568 1659 714 1728 (quantum
741 1645 915 1708 adcelerare
940 1655 1073 1728 poterat,
1090 1654 1189 1705 matu·

145 1743 252 1808 resset,
273 1734 312 1794 ad
332 1745 465 1815 portum,
484 1754 574 1815 quem
591 1731 745 1813 Megisten
766 1744 887 1809 vocant,
911 1751 1090 1813 praegressos
1113 1749 1188 1790 con·

98 1811 111 1836 '
146 1820 292 1900 sequitur.
315 1819 385 1881 inde
403 1841 464 1881 uno
482 1819 603 1901 agmine
619 1818 807 1881 Phaselidem
825 1839 916 1899 quum
932 1818 1095 1895 venissent,
1108 1816 1188 1900 optiu

147 1925 232 1968 mum
247 1906 342 1966 visum
359 1918 415 1984 est,
430 1906 472 1967 ibi
486 1906 606 1968 hostem
621 1905 763 1989 opperiri.

191 1990 310 2053 XXlll.
341 1989 376 2054 Iu
402 1992 535 2054 confinio
558 1990 661 2075 Lycia
691 2004 723 2054 et
750 1990 934 2074 Pamphylia
961 1989 1093 2052 Phaselis
1123 2001 1187 2051 est:
1204 1997 1312 2051 Phaselis

172 2079 303 2141 rominet
321 2079 439 2160 penitus
463 2079 494 2140 in
524 2079 631 2155 altum,
655 2078 899 2160 conspiciturque
922 2079 1020 2159 prima
1042 2089 1191 2138 terrarum
1342 2063 1353 2086 ⁸
1385 2097 1391 2104 ·

84 2207 87 2216 .
147 2100 295 2227 lihodum
323 2163 473 2227 aCilicia
497 2165 680 2248 petentibus,
702 2168 772 2225 ⁶7et
800 2164 904 2246 procul
934 2164 1056 2224 navium
1080 2164 1193 2244 praebet

148 2263 354 2334 prospectum.
381 2272 418 2313 eo
445 2252 589 2328 maxime,
615 2267 649 2312 ut
675 2251 707 2312 in
722 2250 810 2312 obvio
825 2250 913 2311 classi
928 2250 1061 2311 hostium
1079 2261 1192 2326 esseut,

147 2338 263 2400 electus
289 2338 373 2399 locus
402 2347 459 2398 est.
532 2336 686 2414 Ceterum,
716 2336 799 2418 quod
833 2357 894 2398 non
928 2335 1131 2418 providerunt,
1161 2350 1193 2397 et

145 2423 221 2485 loco
245 2424 338 2505 gravi,
364 2435 396 2485 et
420 2435 566 2506 tempore
581 2423 664 2500 anni,
691 2423 838 2501 (medium
865 2423 946 2484 enim
972 2421 1084 2484 aestatis
1111 2421 1189 2499 erat)

146 2510 191 2571 ad
221 2510 279 2571 hoc
309 2510 431 2572 insolito
458 2509 550 2572 odore
580 2511 718 2590 ingruere
747 2509 844 2570 morbi
871 2509 972 2589 vulgo,
999 2509 1131 2570 niaxime
1160 2508 1192 2568 in

145 2597 290 2678 remiges,
315 2607 479 2679 coeperunt.
506 2594 592 2677 cujus
617 2596 798 2676 pestilentia
825 2606 910 2656 metu
934 2594 1073 2676 profecti,
1100 2614 1192 2674 quum

146 2682 432 2766 praeterveherentur
467 2681 676 2764 Pamphylium
718 2682 828 2759 sinum,
864 2681 904 2742 ad
935 2679 1193 2764 Eurymedontem

147 2789 272 2831 amnem
296 2767 423 2851 adpulsa
446 2769 553 2844 classe,
577 2769 603 2806 ⁶⁹
614 2767 742 2829 audiunt
768 2769 807 2828 ab
825 2765 999 2850 Aspendiis,
1022 2767 1060 2839 ad
1087 2765 1194 2828 Sidam

145 2855 212 2937 jam
242 2855 345 2916 hostes
375 2875 450 2916 esse.
514 2851 544 2916 T
544 2854 644 2915 ardius
675 2855 890 2935 navigaverant
920 2853 1006 2934 regii,
1030 2853 1194 2915 ⁶⁹sdverso

148 2953 288 3023 tempore.
312 2939 493 3018 Etesiarum,
518 2941 601 3022 quod
624 2941 706 3002 velut
728 2952 841 3002 statum
861 2939 1001 3002 Favoniis
1021 2940 1120 3000 ventis
1146 2959 1194 3000 es-

149 3039 208 3089 set.
264 3025 452 3089 Rhodiorum
483 3026 549 3089 duae
578 3037 610 3088 et
639 3027 765 3108 triginta
788 3026 1006 3110 quadriremes,
1036 3035 1090 3087 et‘
1119 3045 1195 3108 qua-

148 3126 221 3177 tuor
235 3113 369 3176 triremes
386 3113 481 3178 fuere.
537 3113 637 3194 Regia
659 3113 765 3174 classis
787 3124 903 3194 septem
927 3122 960 3173 et
984 3112 1111 3193 triginta
1128 3129 1195 3172 ma·

539 3275 577 3318 ‘et
587 3269 634 3318 del.
643 3271 718 3320 Grou.
731 3269 800 3319 Cret.

184 3381 657 3446 liilledsla,etqrreclraneliopor‘rsess·
689 3383 806 3444 rirentur3
830 3383 890 3446 qnod
902 3385 993 3446 quidem
1010 3395 1100 3448 ternpus
1111 3396 1196 3435 starum
1258 3402 1261 3410 ¹

148 3449 215 3511 tello]
236 3447 288 3499 dec.
308 3447 436 3496 Gronovius
455 3447 510 3507 legit
525 3455 546 3494 et
560 3449 658 3508 quedam
689 3461 723 3496 est
741 3449 845 3498 Petroniis
858 3450 942 3512 ventis,
958 3449 1004 3498 sire
1020 3453 1094 3499 ventis
1108 3453 1136 3498 eb
1147 3451 1196 3500 Oe·

151 3515 198 3563 elis
209 3513 287 3562 Perea
296 3515 391 3563 conella.
419 3511 657 3560 Eoducuot'lhuerr.
691 3529 743 3562 casu
759 3515 871 3572 lisntihus,
887 3515 925 3577 qui
942 3514 1035 3576 singulis
1054 3515 1119 3563 annis
1137 3516 1197 3565 circs

150 3591 177 3628 et
197 3577 285 3630 Victor.
306 3579 403 3634 codices,
418 3577 457 3640 qui
479 3577 563 3624 habent
581 3593 658 3640 perr-es
690 3580 795 3627 astitum
815 3581 937 3628 solstitium
962 3595 1054 3642 surgere
1077 3583 1197 3645 incipiunt.

150 3643 189 3692 vel
202 3659 242 3706 per
256 3659 281 3692 ec
296 3645 392 3693 ωιιιὶὶι.
431 3641 535 3690 'Perses
545 3653 581 3690 est
590 3643 655 3703 regio
689 3644 776 3692 Etesiae
789 3647 853 3694 renti
869 3658 933 3702 sunt,
948 3647 988 3708 qui
1006 3661 1098 3712 semper
1113 3649 1195 3695 eodem

153 3709 238 3765 Cariae,
247 3725 298 3772 quse
307 3707 446 3758 Rhodiorum
454 3705 514 3770 juris
523 3717 582 3758 eret.
604 3707 657 3757 lli-i.
689 3715 794 3774 tempore
810 3711 864 3760 enni
880 3722 1020 3771 exsurgunt:
1044 3715 1105 3760 node
1118 3713 1197 3761 stillis

151 3775 657 3918 ltffl'tttl⁸a‹mtaa
690 3773 890 3916 :unm
905 3788 1198 3919 ‘sissima

152 3903 554 4031 assisteremus
565 3968 657 4032 ι...-
691 3904 1197 4030 tttsttltt‘attltfttl’ttt

152 4033 206 4092 eliis,
221 4049 317 4096 morum
333 4033 387 4082 srlre
403 4045 438 4082 est
452 4035 480 4081 ed
497 4033 659 4099 Eurymedon·
691 4035 789 4100 graphice
804 4037 922 4100 Antiqua,
937 4053 959 4086 e.
979 4039 1001 4086 Β.
1013 4039 1091 4100 probet
1109 4037 1197 4087 Etesiae

149 4111 204 4154 seor
216 4099 275 4148 haud
341 4099 365 4147 ul
376 4098 404 4146 sb
417 4099 476 4147 ostio
485 4099 595 4158 fluminis,
606 4115 658 4160 cog·
692 4101 781 4166 proprie
796 4101 888 4150 cerdici
899 4115 989 4158 ventos,
1000 4103 1040 4165 qui
1055 4103 1109 4151 flent
1124 4118 1153 4150 ιι
1169 4119 1196 4153 ee

154 4164 285 4213 noeconrli
302 4161 503 4228 northmaniam
518 4180 568 4214 eree
582 4166 610 4214 ed
621 4165 659 4212 Si·
692 4167 745 4216 eoeli
755 4178 827 4228 parre,
837 4183 888 4229 qooe
904 4171 965 4215 inter
975 4168 1088 4216 Occatoor
1103 4182 1127 4217 et
1138 4169 1195 4234 Sep·

153 4229 373 4295 dam‚propinqusrn
384 4229 474 4278 orbern.
691 4234 831 4280 tentrionem
852 4243 895 4290 est,
913 4233 973 4291 circa
991 4233 1081 4282 solstitii
1097 4245 1196 4297 tempur-

151 4307 157 4316 '
187 4293 411 4357 &semesam
421 4293 555 4358 Etesicmnr]
579 4291 659 4350 Quum
693 4297 901 4362 Hrucoplnionem
917 4297 1057 4348 dimetrum
1073 4297 1196 4350 eliisresti·

136 4361 272 4408 'edrersurn
292 4359 319 4408 iie
336 4372 397 4408 esset
415 4373 505 4424 tempta
522 4360 660 4420 Etesiarum,
692 4363 774 4410 moniis
783 4362 865 4419 alletia,
872 4373 923 4411 tum
934 4381 963 4413 er
971 4365 1022 4414 Cic.
1034 4365 1062 4414 sd
1074 4367 1127 4413 Art.
1136 4365 1151 4412 l.
1161 4377 1197 4413 vr.

152 4425 176 4472 id
194 4437 238 4484 est,
253 4441 324 4489 quom
339 4440 370 4474 eo
386 4437 487 4488 tempore
502 4426 556 4474 rani
567 4426 658 4489 ιιιιίςι-
691 4441 729 4490 ep.
741 4429 764 4478 7.
776 4441 800 4478 et
811 4429 838 4476 ad
851 4429 914 4476 Pers.
923 4429 940 4478 l.
954 4439 1001 4478 ιιι.
1012 4445 1050 4494 ep.
1061 4432 1101 4482 25.
1112 4439 1137 4482 tt
1147 4428 1196 4480 Ts-

151 4503 214 4552 reot,
223 4507 269 4557 quo
284 4491 389 4541 adsertor
400 4489 489 4541 Etesiae
500 4503 581 4542 ventos
590 4505 659 4559 expe·
691 4493 746 4553 cito,
756 4492 774 4544 l.
785 4505 814 4544 ιι.
825 4493 888 4545 llist.
898 4509 919 4545 e.
930 4495 969 4547 98.
981 4495 1026 4547 &a

1141 868 1185 928 u.
1198 845 1342 926 aare
1425 878 1436 887 ·
