3026 5164
335 297 395 356 496
762 284 846 350 Tm
866 286 967 349 LlVll

165 431 309 515 acan.
335 445 507 509 ‘Celtiberi
523 455 697 530 pugnasset,
708 444 796 506 ludos
819 444 890 508 Jovi
919 443 1036 527 optimo
1059 443 1211 518 maximo,
1233 449 1268 502 et
1292 439 1375 502 erlem

167 528 307 580 ΜΛΝ·
335 533 501 614 ‘Equestri
533 532 674 595 Fortunae
701 551 767 593 sese
792 532 962 593 facturum:
998 532 1028 592 in
1053 551 1123 592 eam
1139 527 1282 614 r‘emsibi
1295 547 1377 609 pecn-

332 620 445 681 ‘niam
475 619 627 680 conlatam
658 639 723 679 esse
753 619 791 679 ab
819 615 987 700 Hispanis!
1030 615 1109 678 Indi
1137 614 1268 691 decreti,
1299 623 1331 674 et
1352 625 1380 676 u

336 705 484 768 duumviri
510 705 548 766 ad
572 704 667 766 aedem
694 704 856 777 locandam
871 715 1055 765 crearentur.
1071 704 1109 764 de
1125 701 1261 783 pecnnia
1276 697 1381 776 llnittn,

334 791 408 853 ‘Ne
421 789 522 872 major
544 811 653 851 caussa
677 789 818 852 ludorum
844 801 1082 866 consumeretur,
1109 791 1137 829 θ’
1153 807 1247 871 quam
1276 796 1384 865 qnantr
1490 801 1491 828 l

333 876 467 938 ‘Fulvio
482 873 643 955 Nobiliori,
667 886 737 960 post
756 874 925 939 AEtolicum
942 876 1054 937 bellum
1069 875 1157 936 ludos
1171 871 1314 949 facienti,
1337 870 1387 934 de·

329 963 347 996 ⁴
360 974 445 1024 creta
461 972 559 1024 esset:
582 982 657 1024 neve
671 963 745 1045 quid
760 963 800 1024 ad
814 983 866 1024 eos
882 963 969 1024 ludos
984 972 1161 1039 arcesseret,
1181 967 1324 1040 cogeret,
1340 977 1387 1018 ac·

242 1039 245 1046 ’
335 1048 485 1130 ‘ciperet,
512 1048 636 1126 faceret,
662 1051 688 1088 ⁰³
702 1049 842 1110 adversus
865 1048 898 1110 id
921 1049 1229 1124 senatusconsultum,
1254 1043 1340 1124 quod
1354 1041 1391 1106 1.

336 1133 499 1212 ‘AEmilio,
515 1135 573 1196 Cn.
589 1133 691 1196 Baebio
706 1135 880 1201 consulibus
897 1135 934 1195 de
950 1135 1030 1196 ludis
1045 1133 1159 1195 lactum
1175 1129 1279 1194 esset!
1324 1127 1388 1191 De·

335 1232 471 1283 creverat
486 1221 517 1282 id
532 1233 654 1284 senatus
668 1233 792 1304 propter
806 1222 915 1284 effusos
930 1219 1172 1300 sumtus„lactos
1186 1221 1220 1280 in
1234 1213 1390 1280 ludos-ti.

336 1303 508 1388 Sempronii
520 1307 625 1391 aedilis,
641 1309 692 1388 qui
708 1329 813 1389 graves
828 1327 890 1369 non
903 1307 1003 1369 modo
1019 1306 1113 1368 ltalia
1128 1327 1164 1368 ac
1179 1304 1274 1368 sociis
1289 1300 1388 1364 latini

335 1393 478 1471 nominis,
501 1395 552 1456 sed
569 1394 661 1457 etiam
677 1394 840 1476 provinciis
855 1395 986 1456 externis
1001 1394 1130 1455 lirersnt.

378 1478 473 1541 XLV.
507 1479 615 1540 Hiems
641 1501 679 1541 eo
705 1501 786 1542 anno
816 1480 883 1541 nire
908 1501 985 1542 saeva
1007 1492 1040 1542 et
1060 1479 1144 1541 omni
1167 1487 1388 1560 tempestatum

336 1585 447 1649 genere
463 1566 542 1627 fuitt
568 1568 700 1643 arbores,
716 1587 783 1648 quae
797 1566 937 1628 obnoxiae
953 1565 1217 1648 frigoribus‘sunt,
1232 1565 1388 1626 detuserat

262 1670 264 1678 ’
337 1665 483 1716 cunctas:
507 1662 539 1714 et
555 1672 592 1713 ea
613 1664 680 1715 tum
696 1654 861 1733 aliquanto,
885 1659 976 1734 quam
993 1653 1079 1728 alitus,
1103 1652 1227 1732 longior
1242 1650 1312 1712 luit.
1328 1651 1386 1712 ita-

337 1759 397 1820 que
423 1735 592 1800 “Latinas
608 1759 680 1800 mox
696 1739 797 1801 subito
812 1751 920 1800 coorta
944 1750 976 1801 et
996 1738 1193 1801 intolerabilis
1219 1749 1388 1818 tempestas

332 1826 369 1886 in
384 1836 489 1886 monte
504 1825 654 1886 turbavit:
679 1826 910 1906 instaurataeque
921 1836 991 1887 sunt
1002 1845 1041 1886 ex
1056 1826 1180 1886 decreto
1195 1823 1386 1906 pontificum.

336 1909 454 1972 Eadem
470 1923 635 1993 tempestas
651 1911 728 1972 etin
744 1910 898 1994 Capitolio
922 1911 1040 1992 aliquot
1060 1912 1149 1992 signa
1172 1913 1200 1950 ⁸⁵
1212 1909 1388 1986 constravit,

336 1997 572 2078 fulminibusque
596 1997 754 2079 complura
777 1997 846 2058 loca
869 1997 1071 2075 deformavit3
1095 1998 1194 2058 aedem
1208 1995 1294 2057 Jovis
1309 1992 1387 2056 Tar·

337 2084 458 2160 racina,
473 2085 499 2124 ⁶⁶
512 2083 607 2146 aedem
623 2083 733 2145 Albam
749 2082 871 2165 Capua,
891 2095 1070 2167 portamque
1090 2082 1286 2146 Romanamt
1307 2080 1384 2143 mini

337 2170 438 2250 pinnae
453 2170 571 2250 aliquot
590 2169 664 2230 locis
684 2170 815 2231 decussa
830 2181 927 2232 erant.
971 2169 1046 2231 Haec
1062 2171 1142 2232 inter
1155 2169 1296 2253 prodigia
1308 2187 1388 2230 nnn·

337 2255 452 2318 clatum
467 2266 499 2317 et
511 2257 548 2317 ab
559 2253 666 2334 Reate,
676 2257 825 2339 tripedem
837 2268 941 2318 natum
951 2255 1079 2319 mulum.
1104 2255 1155 2317 Ob
1165 2277 1203 2317 ea
1212 2254 1388 2332 decemviri,

333 2339 410 2422 jussi
421 2342 605 2404 adire'libros
617 2342 750 2421 edidere,
760 2343 867 2424 quibus
877 2341 944 2404 Diis
953 2354 986 2405 et
999 2353 1074 2424 quot
1082 2342 1190 2406 hostiis
1199 2341 1388 2404 sacrificare-

340 2439 408 2488 tur:
424 2440 457 2490 et
471 2428 512 2490 ob
527 2428 702 2490 fulminibus
712 2430 869 2512 complura
878 2429 947 2490 loca
958 2428 1133 2492 deformata
1146 2429 1184 2490 ad
1194 2429 1290 2490 adem
1301 2427 1388 2490 Jovis

338 2514 561 2595 utsupplicatio
577 2515 658 2577 diem
674 2536 767 2578 unum
780 2526 870 2578 esset.
914 2513 993 2577 Ludi
1010 2516 1121 2578 deinde
1132 2515 1222 2578 votivi
1238 2514 1277 2585 Q.
1290 2512 1388 2576 Fulvii

285 2633 293 2653 ·
337 2599 469 2660 consulis
484 2619 538 2680 per
562 2600 627 2662 dies
653 2601 759 2663 decem
783 2621 896 2684 magno
921 2602 1070 2684 adparatu
1092 2603 1173 2664 facu‘.
1216 2600 1389 2663 (Ξεηεοηιω

337 2683 409 2748 inde
435 2685 563 2747 comitia
588 2686 713 2748 habita:
739 2687 835 2750 creati
859 2686 907 2749 M.
929 2685 1076 2750 AEmilius
1099 2686 1221 2770 Lepidus
1236 2686 1383 2768 pontifex

336 2771 488 2834 maximus
500 2783 532 2834 et
547 2769 595 2834 nl.
611 2770 733 2834 Fulvius
753 2771 904 2852 Nobilior,
919 2773 972 2855 qui
995 2795 1036 2836 ex
1051 2772 1159 2836 AEtolis
1170 2773 1383 2854 triumphave-

338 2870 398 2920 rat.
441 2856 523 2920 lnter
537 2859 594 2919 hos
609 2859 689 2921 viros
704 2861 821 2922 nobiles
836 2860 1001 2922 inimicitie
1016 2871 1113 2939 erant,
1124 2879 1201 2942 sape
1212 2857 1317 2920 multis
1327 2865 1385 2919 et¹¹

338 2945 371 3006 iu
386 2956 492 3007 senatu
506 2957 539 3008 et
554 2944 594 3006 ad
615 2946 762 3028 populum
783 2949 809 2994 ⁶⁷
821 2947 974 3010 atrocibus
988 2947 1147 3010 celebratae
1161 2943 1390 3008 certaminibus.

339 3029 479 3092 Comitiis
505 3030 664 3110 conlectis,
690 3044 726 3095 ut
749 3033 895 3096 traditum
922 3035 1087 3115 antiquitus
1111 3047 1170 3111 est,
1193 3049 1331 3092 censores
1355 3031 1390 3091 in

338 3114 458 3202 Campo
485 3117 525 3180 ad
548 3137 630 3180 aram
655 3116 766 3182 Martis
792 3117 872 3194 sellis
899 3121 1049 3182 curulibus
1072 3117 1295 3194 consederunt3
1324 3135 1389 3197 quo

340 3214 462 3287 repente
478 3205 629 3287 principes
644 3218 818 3268 senatorum
841 3227 909 3268 cnm
926 3207 1048 3289 agmine
1070 3214 1219 3268 venerunt
1232 3203 1388 3266 civitatis:

340 3291 418 3353 inter
433 3311 508 3372 quos
524 3290 563 3361 Q.
579 3289 718 3354 Caecilius
731 3290 875 3356 Metellus
884 3295 977 3354 verba
992 3293 1073 3355 fecit.

168 3372 328 3492 fflezllzgqj
381 3375 495 3440 XLVl.
510 3377 521 3410 ‘
534 3375 605 3440 Non
616 3379 706 3442 obliti
719 3400 832 3458 sumus,
844 3400 996 3460 censores,
1006 3401 1059 3443 vos
1070 3378 1175 3463 paullo
1187 3389 1259 3442 ante
1270 3378 1310 3440 ab
1320 3377 1390 3442 uni·

171 3517 245 3560 m..
725 3495 738 3522 ¹²
752 3498 774 3538 et
785 3488 830 3537 del.
842 3487 915 3540 Grou.
927 3491 997 3540 Cres.

367 3573 393 3611 θ’
413 3574 491 3628 'Quam
512 3584 594 3640 panta
617 3575 697 3627 Fulvio
726 3577 844 3646 Nobiliori]
880 3581 934 3628 stris
952 3579 1061 3629 nimirum
1078 3577 1177 3629 nubibus
1197 3579 1284 3628 edam
1303 3579 1391 3628 macn-

339 3641 394 3690 vn.
406 3657 473 3706 supra
484 3642 501 3691 l.
513 3655 606 3692 xxxix.
619 3661 641 3691 c.
650 3645 674 3692 5.
878 3646 989 3695 rantibus.

369 3704 391 3740 ⁶³
404 3706 768 3771 Advtrmtidurmtusconndtum,
779 3708 848 3778 qnod]
910 3709 932 3744 ⁸⁵
948 3712 964 3740 ⁵
982 3710 1115 3777 Gemit]
1131 3711 1320 3776 Magtpumu
1335 3725 1393 3772 pro·
1488 3719 1489 3736 ³

337 3769 377 3820 De
388 3771 432 3819 hoc
448 3773 643 3820 senatusconsulto
663 3773 721 3821 nihil
737 3789 779 3822 suo
797 3776 847 3824 loco
877 3780 963 3825 strauit.

338 3837 396 3884 dixit
409 3837 493 3885 Livius.
526 3836 658 3901 Optandum
669 3851 729 3888 esset
740 3849 775 3896 ut,
792 3842 846 3906 quid
909 3839 932 3874 ⁶⁶
948 3839 1027 3889 AEdem
1044 3843 1122 3891 Albam
1140 3841 1234 3906 Capua]
1254 3842 1316 3892 Hac
1329 3839 1392 3890 mdes
1487 3903 1488 3910 ἶ

338 3917 367 3950 eo
378 3903 495 3950 decretum
506 3901 584 3959 fuerit,
601 3905 724 3953 accuratius
735 3906 847 3969 explicar-
877 3921 946 3971 supra
964 3903 1012 3969 jam
1037 3907 1154 3956 nominata
1175 3916 1212 3955 est
1234 3923 1247 3954 a
1270 3905 1349 3961 Ltvn,
1374 3906 1392 3955 l.

339 3977 387 4016 set.
429 3966 500 4014 Nunc
521 3967 544 4014 itl
565 3971 723 4018 tantummodo
749 3984 848 4035 apparet,
879 3973 1038 4021 xxxinet.
1063 3973 1079 4001 ⁶
1095 3970 1393 4033 Pmasnliomnmqoe
1488 3971 1489 3974 ’

337 4033 428 4080 obviam
439 4032 473 4080 ire
483 4032 581 4081 voluisse
593 4033 672 4083 Patres
687 4035 763 4085 effusis
780 4038 847 4086 ludo·
879 4051 932 4084 mor
948 4038 1087 4093 nominatum
1105 4038 1206 4099 intellige
1225 4047 1316 4102 portum
1327 4037 1392 4086 mhi·

338 4111 390 4145 rum
412 4097 549 4162 sumptibus,
570 4099 609 4162 qui
626 4103 675 4164 jam
697 4117 775 4162 graves
797 4117 846 4151 esse
877 4101 912 4148 Ca
929 4103 1059 4151 uindictam
1071 4103 1200 4155 nom.

338 4162 406 4258 toqip
408 4173 452 4274 1⁹22
451 4163 572 4276 prppinciis
580 4163 724 4280 inIpIipiebppt.
808 4233 846 4282 nlo
878 4233 914 4281 co
932 4235 937 4248 .
956 4168 1070 4280 Aimibpp
1090 4170 1201 4279 “lfl'gss
1220 4167 1380 4245 certaniinis
1306 4167 1392 4281 rabt]

333 4245 502 4368 postulamini
515 4227 841 4352 ditandammialinaiuferiit..
880 4243 1157 4366 Veilrictliriempliinbto
1175 4243 1396 4354 qanppuqupmtqi

338 4360 661 4484 &maqqfflteeqlbmo
671 4361 849 4480 qquqaitqwipltlsi
880 4364 960 4414 clvilnn
968 4372 1036 4414 strar.

571 4441 582 4473 Β
613 4443 655 4476 m
715 4443 745 4478 W
826 4446 849 4489 ff,
