3044 5194
7 2882 16 2998 l

104 553 111 566 '
148 587 151 594 ,
209 547 347 600 mosot.

209 613 242 665 A.
250 612 280 663 C.
291 615 347 666 200.

207 678 337 760 kbthtnlell:

209 759 268 794 'illm
275 758 353 796 mtto.

376 381 416 438 28
464 429 469 436 .
712 373 718 378 ’
799 371 882 437 ml
901 369 1001 436 ulvu

375 536 577 600 miserabilem
588 529 737 620 agrorum.
765 525 907 617 ¹‘'Ne'que
922 535 954 597 id
969 557 1002 600 se
1017 527 1110 616 queri,
1133 535 1216 616 quod
1225 523 1361 620 'hostilis
1375 537 1412 599 ab

375 624 488 687 ‘noste
499 625 578 708 passi
588 625 703 686 forent:
717 626 816 684 ¹⁴esse
825 623 906 684 enim
916 617 1053 704 quedam
1068 621 1137 706 belli
1144 621 1215 704 jura
1223 646 1233 700 3
1246 641 1313 704 quse
1323 636 1357 685 ut
1367 622 1412 684 la-

375 711 386 744 ‘
400 731 480 790 cere,
492 712 536 774 ita
546 711 609 794 pati
626 712 665 773 sit
676 711 732 772 las.
744 721 812 771 sata
822 709 920 788 exuri,
935 708 1012 770 dirui
1024 719 1116 787 tecta,
1128 709 1243 792 praedas
1255 709 1412 773 hominum

374 797 386 831 ‘
398 818 602 881 pecorumque
613 798 673 880 egi,
683 799 792 858 misera
800 797 908 877 magis,
920 815 1012 877 quam
1021 799 1048 836 ¹⁸
1055 796 1192 878 indigna,
1198 795 1327 881 patienti
1337 817 1412 860 esse.

374 885 385 918 ‘
400 882 547 947 ²⁰Verum
558 886 719 947 enimvero
731 883 804 945 idse
816 884 911 964 queri,
926 883 1008 964 quod
1023 883 1059 961 is,
1074 884 1125 964 qui
1137 882 1295 946 Romanos
1306 883 1410 946 alieni-

374 969 386 1004 ‘
399 992 492 1056 genas
504 983 536 1034 ct
545 972 687 1033 barbaros
698 981 798 1048 vocet,
804 971 881 1032 adeo
892 970 994 1032 omnia
1003 969 1092 1031 simul
1105 969 1208 1031 divina
1217 970 1410 1052 humanaque

373 1059 384 1091 ‘
394 1057 465 1140 jura
474 1058 625 1140 polluerit,
634 1067 669 1118 ut
678 1057 777 1140 priore
789 1053 986 1140 populatione
995 1053 1064 1118 cum
1076 1056 1199 1118 insemis
1211 1051 1292 1135 Diis,
1302 1077 1409 1120 secuu-
1512 1079 1513 1114 1

373 1143 439 1206 ‘da
460 1164 529 1206 cum
551 1144 666 1225 superis
680 1144 793 1204 bellum
815 1143 964 1205 nefarium
984 1142 1129 1225 gesserit:
1153 1144 1258 1204 omnia
1272 1143 1410 1226 sepulcra

372 1229 651 1310 ‘monumentaque
664 1229 765 1292 diruta
786 1251 851 1292 esse
863 1231 893 1290 in
909 1229 1017 1291 linibus
1032 1230 1104 1307 suis,
1127 1230 1264 1292 omnium
1279 1231 1410 1294 nudatos
1511 1231 1513 1266 l

372 1317 383 1350 ‘
397 1335 513 1396 munes,
522 1317 634 1379 nullius
645 1337 715 1378 ossa
729 1331 810 1379 terra
823 1317 905 1405 togis
919 1317 1045 1400 delubra
1055 1317 1109 1378 sibi
1123 1316 1226 1394 fuisse,
1237 1338 1303 1399 quae
1314 1337 1410 1400 quon·
1512 1327 1513 1344 ³

372 1404 382 1436 ‘
397 1404 469 1466 dam
480 1408 506 1450 ¹⁷
513 1404 649 1486 pagatim
659 1403 832 1465 habitantes
841 1403 872 1464 in
882 1403 979 1486 parvis
989 1403 1047 1465 illis
1056 1404 1187 1465 castellis
1195 1403 1329 1486 vicisque
1337 1425 1409 1467 eon-
1512 1405 1513 1484 j

373 1491 383 1523 ‘
398 1501 525 1569 secrata,
536 1510 575 1552 ne
587 1491 619 1558 in
629 1511 720 1552 unam
731 1491 833 1552 urbem
846 1489 970 1576 quidem
981 1490 1145 1556 contributi
1158 1488 1288 1572 majores
1300 1492 1346 1553 sui
1356 1491 1409 1554 de·

373 1576 478 1638 ‘serta
495 1577 682 1659 reliquerint.
697 1577 777 1638 circa
791 1595 829 1638 ea
842 1576 945 1639 omnia
960 1577 1075 1662 templa
1089 1575 1262 1660 Philippum
1281 1578 1409 1641 infestos
1512 1633 1513 1638 ,

372 1663 383 1696 ⁴
398 1662 618 1726 circumtulisse
629 1663 734 1745 ignes,
747 1664 893 1727 semiusta
901 1675 933 1726 et
941 1673 1084 1726 tmneuta
1094 1663 1236 1725 simulcra
1245 1661 1349 1726 Dellm
1361 1665 1408 1726 in·
1512 1719 1513 1736 ,

339 1819 344 1828 ,
372 1749 444 1812 ‘ter
453 1747 621 1833 prostratos
626 1749 730 1834 jacere
739 1761 840 1834 postes
850 1745 1041 1834 templorum.
1064 1749 1192 1821 Qualem
1201 1760 1314 1813 terram
1323 1750 1408 1814 Atti·
1512 1747 1513 1806 l

302 1835 308 1846 '
372 1835 384 1869 ‘
398 1857 466 1898 cam
478 1838 594 1914 lecerit,
604 1847 781 1900 exornatam
791 1836 943 1924 quondam
959 1837 1206 1920 opulentamque,
1221 1837 1316 1900 talem
1327 1858 1409 1918 cum,
1513 1867 1514 1924 q

375 1923 385 1956 ‘
400 1923 425 1984 si
437 1921 538 2000 liceat,
543 1921 702 2003 AEtoliam,
707 1922 915 2010 Graeciamque
924 1941 1045 1986 omnem
1058 1923 1219 1986 facturum.
1230 1922 1324 1986 Urbis
1333 1945 1409 2007 quo-
1513 1979 1514 1992 r

371 2009 456 2092 ‘que
472 2031 531 2072 sure
543 2011 671 2073 similem
690 2007 917 2074 deformitatem
932 2009 1064 2072 futuram
1080 2010 1182 2089 nisse,
1202 2011 1259 2072 nisi
1276 2009 1407 2074 Romani

371 2096 660 2160 ‘²⁸subvenisssnt‘.
681 2097 790 2160 eodem
810 2098 891 2159 enim
912 2098 1023 2159 scelere
1044 2098 1149 2159 urbem
1165 2097 1300 2160 colentes
1314 2096 1408 2177 Deos,

370 2183 382 2214 ‘
395 2182 612 2266 praesidemque
626 2185 703 2246 arcis
715 2182 886 2247 Minervam
901 2185 1049 2270 petitam:
1066 2183 1174 2246 eodem
1189 2182 1332 2247 Eleusine
1348 2184 1406 2247 Cc·
1513 2209 1514 2220 ¹

370 2269 382 2302 ‘
396 2270 468 2331 reris
491 2271 649 2360 templum,
672 2271 780 2334 eodem
796 2269 898 2334 Piroeei
909 2271 1017 2334 Jovem
1033 2269 1284 2351 Minervamque3
1300 2271 1354 2334 sed
1369 2272 1406 2334 ab
1513 2285 1514 2288 ’

370 2355 381 2388 ‘
396 2377 499 2419 eorum
512 2378 573 2420 non
585 2359 708 2441 templis
724 2359 827 2436 modo,
838 2358 997 2420 sedetiam
1009 2357 1158 2420 moenibus
1169 2359 1198 2418 vi
1215 2369 1307 2444 atque
1318 2359 1407 2420 armis

371 2442 382 2474 ‘
397 2444 557 2525 repulsum,
567 2446 598 2505 in
608 2465 646 2505 ea
655 2443 788 2521 delubra,
800 2464 866 2525 quae
877 2445 941 2507 sola
951 2444 1095 2526 religione
1104 2453 1171 2506 tuta
1180 2443 1407 2528 fuerint,saesis·

372 2528 383 2561 ‘
397 2549 439 2590 se.
461 2527 567 2616 ltaque
579 2551 611 2592 sc
622 2551 709 2594 orare
722 2541 813 2611 atque
825 2531 982 2594 obsecrare
989 2529 1121 2609 AEtolos,
1133 2541 1178 2609 ut,
1189 2531 1407 2594 misertiAthe·

340 2613 344 2618 ’
370 2615 381 2647 ‘
397 2615 558 2694 niensium,
569 2614 767 2678 ducibusDiis
776 2617 998 2697 inmortalibus,
1007 2617 1118 2682 deinde
1129 2616 1285 2696 Romanis,
1294 2617 1345 2700 qui
1357 2639 1406 2680 se·

201 2820 282 2882 legari
295 2819 344 2871 lto·

201 2889 264 2936 mani
274 2887 355 2939 oresio.

370 2700 381 2733 ‘
396 2702 529 2764 cundum
540 2701 623 2765 Deos
638 2703 800 2787 plurimum
815 2693 941 2786 possint,
956 2703 1069 2766 bellurn
1085 2701 1287 2786 susciperent?
1514 2741 1515 2774 r

412 2785 530 2851 XXXI.
542 2787 622 2852 'l'um
634 2789 790 2852 Romanus
804 2790 937 2874 legatus:
954 2787 1082 2853 ‘Totam
1096 2791 1241 2854 orationis
1254 2811 1329 2872 mete
1343 2791 1405 2854 for·
1514 2819 1515 2830 2

369 2873 475 2937 ‘mam
483 2873 668 2938 Macedones
678 2875 1139 2959 primum,deindeAtbenienses
1149 2875 1406 2942 mutaruntNam
1435 2923 1441 2930 -

367 2961 382 3016 ‘.
393 2971 425 3024 ct
433 2958 631 3042 Macedones,
643 2982 735 3045 quurn
746 2964 783 3025 ad
794 2965 1020 3046 conquerendas
1031 2962 1164 3047 Philippi
1176 2962 1300 3046 injurias
1312 2966 1343 3026 in
1358 2976 1407 3028 tot

367 3049 378 3082 ⁴
393 3049 491 3112 socias
502 3049 590 3112 nobis
599 3050 687 3112 urbes
695 3049 854 3128 venissem,
860 3049 941 3114 ultro
951 3051 1123 3114 accusando
1129 3049 1294 3129 Romanos,
1300 3051 1404 3113 defen-

275 3189 278 3198 .
367 3131 1404 3220 ‘sionemut'aocusation'epotioremhaberem,effecerunt:etAthe-

366 3225 377 3258 ‘
392 3225 510 3286 nienscs
521 3224 553 3286 in
565 3222 648 3286 Deos
660 3243 784 3306 superos
799 3223 970 3308 inferosque
982 3223 1114 3310 nefanda
1135 3233 1225 3308 atque
1241 3223 1407 3287 inhumana

364 3309 505 3373 ‘seelera
514 3309 579 3393 ejus
601 3310 770 3390 referendo,
793 3309 866 3392 quid
887 3310 962 3374 mihi
985 3311 1189 3393 auteuiquam
1211 3310 1405 3393 reliquerunt,
1490 3315 1492 3322 ’

364 3395 375 3428 ⁴
389 3397 471 3477 quod
480 3396 614 3480 objicere
625 3397 704 3458 ultra
715 3396 847 3480 possim?
863 3393 980 3460 Eadem
995 3396 1152 3475 ¹⁹Cianos,
1161 3393 1404 3482 Abydenos,AE-

364 3479 1405 3574 fneos‚Maronitas,'llrasios⁸,Parios,Ssmios,larissenses,⁸⁰Mes·
1514 3561 1515 3570 ἵ

480 3635 483 3640 ,
555 3588 677 3640 ‘minent
687 3589 760 3643 Grou.
965 3579 1131 3642 rauendel.
1142 3573 1210 3642 Cres.

394 3677 417 3711 ⁹⁴
433 3677 644 3743 Em....quaedam
656 3681 706 3730 lolli
714 3681 784 3746 juro]
807 3681 864 3730 Esse
937 3681 959 3715 θ
975 3679 1135 3744 Summe]
1172 3681 1324 3731 Gronovimoe
1355 3683 1405 3732 edi-

363 3744 465 3806 qudsm
477 3744 530 3793 belll
540 3744 592 3809 jure
607 3746 679 3808 licite,
690 3762 742 3809 quas
752 3757 778 3795 ut
789 3747 864 3796 beers
903 3745 977 3796 tiones
992 3747 1103 3796 oasim.
1142 3745 1187 3796 Seu
1208 3747 1307 3796 affirmat
1326 3747 1406 3798 Hur-

363 3824 454 3872 ssquum
464 3810 503 3870 sis,
520 3811 540 3859 si
550 3811 628 3876 possis,
640 3812 674 3860 irs
688 3827 713 3861 cr
721 3813 778 3877 pati,
790 3813 810 3862 si
820 3827 863 3861 ns·
903 3811 955 3861 nius
971 3811 1066 3875 scriptos
1082 3823 1176 3880 mvelt.
1193 3814 1267 3862 sdbos
1280 3813 1303 3861 iel
1316 3813 1405 3864 hebere

362 3891 424 3924 cesse
434 3875 472 3925 sit.
902 3878 962 3940 quod
981 3877 1099 3926 edidimus.
1138 3877 1296 3942 Adnipulstur
1314 3877 1406 3931 Victor.

393 3941 420 4002 θ’,
431 3939 542 4008 Indigna]
557 3941 639 4002 Talin'
649 3953 676 3990 ut
686 3941 861 4005 indignationem
902 3943 954 3992 uod.
979 3955 1013 4002 er,
1034 3951 1096 3994 tens
1112 3941 1160 3992 Jsc.
1176 3943 1301 4002 Gronosio,
1320 3943 1404 3994 Thm-

358 4008 445 4070 jusrsm
457 4009 756 4074 morcrcpossintpsrlemi.
825 4057 829 4066 ,
901 4023 973 4058 aeus.

392 4071 415 4108 ⁹⁶
433 4074 513 4124 Verum
533 4074 649 4138 subnecto]
679 4073 767 4124 Victor.
788 4085 815 4123 ut
836 4087 861 4125 et
932 4073 955 4112 ὓ
971 4073 1060 4138 Chaos]
1080 4073 1116 4124 Ex
1132 4075 1188 4124 urbs
1206 4074 1250 4124 Clo
1268 4075 1293 4124 ia
1311 4069 1403 4141 nimy-

361 4153 421 4186 uuus
437 4153 450 4188 e
468 4140 619 4190 Grouosienis
636 4139 722 4190 emitur
739 4137 769 4186 rb
784 4155 861 4188 serum
899 4137 946 4188 nis.
977 4139 1115 4188 Decorum
1125 4141 1216 4190 excidio
1232 4142 1308 4190 mults
1324 4142 1403 4204 queri-

361 4202 392 4252 Et
404 4203 460 4253 ebrit
471 4221 535 4258 saue.
898 4215 937 4252 nu
949 4202 1030 4268 Polyb.
1042 4203 1059 4252 1.
1070 4216 1114 4254 xv.
1146 4205 1210 4254 Olim
1226 4221 1294 4270 preve
1311 4205 1404 4268 legeba-

393 4269 414 4308 n
432 4267 534 4334 Pogonus
558 4271 769 4326 latitantes....iu
791 4285 860 4318 urum
898 4267 1020 4318 ruscum
1048 4269 1154 4329 Sigonius
1165 4271 1302 4322 emendavit.

359 4333 435 4382 arbon
451 4334 578 4397 contributi]
597 4335 687 4384 Notum
705 4348 739 4384 est
759 4334 858 4386 Atheni·
930 4334 955 4368 ³⁰
970 4333 1082 4382 Maeonios
1096 4333 1149 4383 lise
1163 4334 1294 4413 adelch]
1308 4335 1402 4388 Mens.

360 4413 426 4448 enses
448 4399 520 4462 primo
535 4398 643 4512 dirpprws
664 4401 687 4450 iu
708 4401 775 4449 ossib
796 4401 859 4464 pegia
897 4398 946 4450 aios
965 4414 994 4447 cx
1010 4399 1057 4448 hec
1074 4399 1221 4462 ipssllchair
1236 4401 1299 4450 vobis
1317 4402 1401 4454 ricius.

359 4464 487 4524 habitum
505 4463 568 4522 sc,'l
591 4479 754 4524 amoturum,
770 4465 858 4517 miletis
897 4465 1011 4515 Messenii
1023 4474 1078 4512 tuuc
1095 4467 1204 4530 temporis
1218 4465 1242 4513 iu
1254 4465 1402 4518 Acbaeorum

359 4529 635 4592 pagis,inummurb‘rm
647 4531 766 4586 courum.
896 4529 1060 4598 rempubb'csm
1071 4531 1193 4582 contributi
1204 4543 1278 4582 eraut.
