3068 5186
384 361 445 418 35⁸
689 347 704 396 τ’
805 353 890 414 ‘rm
908 355 1008 416 Llllll
1036 381 1037 384 ¹

220 518 296 574 tter
305 523 369 574 sn.
385 513 518 596 undique
541 512 787 596 configebantur:
818 522 860 594 et,
875 533 970 594 quum
982 511 1130 574 eominus
1151 522 1308 588 venerant,
1323 511 1437 594 gladiis

221 588 363 640 ‘bc-¹²⁹·
388 621 408 661 a
428 601 567 662 velitibus
590 599 827 662 trucidabantur.
886 595 947 660 Hie
975 599 1061 660 miles
1086 599 1267 681 tripedalem
1294 619 1436 682 parmam

389 687 493 764 babet,
517 697 549 748 et
576 687 608 748 in
638 686 747 749 dextra
770 685 885 764 hastas,
915 685 1022 767 quibus
1047 686 1165 746 eminus
1195 687 1299 746 utitur.
1330 686 1434 768 gladio

306 805 307 808 ¹
388 771 583 856 Hispaniensi
605 783 655 834 est
675 772 803 834 cinctus.
828 773 960 856 quodsi
985 772 1062 854 pede
1088 773 1211 835 conlato
1232 773 1433 856 pugnandum

386 871 446 936 est,
460 859 613 924 translatis
637 860 668 920 in
693 859 795 920 lteram
811 859 918 935 hastis,
930 859 1054 939 stringit
1069 859 1214 940 gladium.
1272 857 1366 920 Pauci
1381 880 1432 920 su-

387 957 530 1028 pererant
553 944 620 1027 jans
645 943 813 1008 Gallorum.
843 945 906 1025 qui,
935 955 1096 1027 postquam
1123 947 1161 1024 ab
1191 945 1247 1006 levi
1277 959 1433 1008 armatura

388 1045 544 1114 superatos
560 1031 756 1108 tenderunt,
777 1042 811 1092 et
836 1033 949 1093 instare
971 1031 1124 1112 legionum
1139 1033 1238 1114 signs,
1253 1032 1352 1093 effusa
1362 1033 1434 1116 fuga

220 1116 299 1165 Effias
309 1119 364 1182 5¹3²
387 1129 489 1180 eastra
503 1129 655 1200 repetunt,
668 1118 788 1202 pavoris
803 1128 835 1179 et
848 1117 993 1180 tumultus
1008 1116 1074 1198 jam
1090 1118 1197 1200 plena:
1227 1119 1255 1158 ⁸¹
1266 1129 1303 1180 ut
1318 1119 1431 1186 ubile-

219 1193 366 1295 ξζῖηρθ·
387 1206 485 1284 minae,
507 1205 662 1288 puerique,
684 1217 716 1266 et
738 1205 798 1265 alia
818 1205 934 1266 inbellis
952 1205 1042 1266 turba
1055 1205 1207 1288 permixta
1220 1217 1312 1354 essqt'.
1364 1205 1429 1268 llo-

387 1312 491 1352 manos
504 1293 635 1354 victores
647 1291 761 1374 deserti
775 1290 848 1373 luga
862 1291 995 1352 bostium
1012 1303 1193 1372 acceperunt
1208 1303 1293 1353 tnmu
1309 1293 1328 1352 i.

437 1377 542 1441 XXll.
573 1375 637 1439 Sub
666 1378 746 1440 idem
783 1389 902 1460 ternpus
933 1375 969 1437 1..
999 1375 1133 1448 Manlius
1164 1391 1195 1440 et
1224 1377 1261 1438 G.
1292 1377 1430 1457 Helvius,
1532 1443 1533 1446 ,

385 1485 489 1546 quum,
516 1464 616 1548 quoad
638 1465 718 1526 dam
742 1464 834 1525 colles
857 1463 970 1547 obliqui
996 1463 1155 1542 dederunt,
1184 1463 1428 1544 escendissenss,

385 1564 546 1634 postquam
569 1551 610 1613 ad
630 1552 711 1614 iuria
730 1561 855 1612 ventum
877 1565 935 1628 est,
951 1550 1060 1612 flexere
1081 1551 1139 1611 iter
1157 1551 1189 1612 in
1203 1561 1325 1634 partem
1341 1573 1429 1613 mon-

264 1671 271 1678 ·
382 1639 436 1716 tis,
458 1659 523 1720 quse
545 1659 606 1726 unp
620 1638 752 1698 babebat
773 1639 846 1715 iter3
876 1649 909 1699 et
923 1637 1008 1716 sequi
1022 1635 1154 1698 consulis
1170 1657 1292 1720 agmen,
1307 1638 1429 1700 modico

296 1750 299 1758 ·
382 1737 512 1808 uterque
541 1725 710 1801 intervallo,
739 1723 822 1785 velut
850 1743 889 1784 ex
917 1721 1100 1805 composito,
1129 1737 1309 1806 coeperunt:
1348 1725 1428 1806 quod

384 1812 483 1892 primo
497 1812 646 1894 optimum
662 1810 746 1875 factu
763 1810 878 1887 fuisset,
893 1811 925 1872 in
946 1809 977 1870 id
998 1810 1178 1872 necessitate
1200 1811 1267 1892 ipsa
1290 1811 1428 1894 compul-

383 1898 420 1959 si.
469 1895 611 1959 Subsidia
624 1898 705 1958 enim
728 1897 760 1961 in
782 1897 893 1958 talibus
915 1895 1124 1978 iniquitatibus
1139 1897 1276 1958 locorum
1293 1899 1427 1960 maximo

381 2005 461 2067 saepe
484 1985 550 2045 usui
571 1984 714 2046 suerunt:
746 1995 791 2061 ut,
813 1983 919 2066 primis
943 1983 1021 2044 forte
1045 1983 1224 2058 deturbatis,
1246 1985 1372 2046 secundi
1394 1995 1426 2046 et

381 2081 490 2151 tegant
511 2071 625 2153 pulsos,
642 2083 675 2132 et
698 2070 807 2151 integri
829 2090 962 2151 pugnam
984 2069 1148 2150 excipiant.
1201 2063 1424 2153 Consulspost·

383 2156 538 2238 quemad
558 2157 702 2234 tumulos,
723 2157 762 2217 ab
782 2157 838 2217 levi
861 2165 1016 2216 armatura
1029 2167 1148 2236 captos,
1165 2156 1264 2238 prima
1281 2158 1366 2238 signs
1379 2158 1424 2218 le·

380 2243 508 2325 gionmn
538 2253 746 2326 pervenerunt,
776 2243 923 2325 respirare
958 2251 990 2304 et
1021 2241 1236 2322 conquiescere
1265 2243 1427 2326 paullisper

384 2329 512 2391 militent
531 2327 639 2411 jubet3
669 2329 759 2390 simul
781 2339 877 2389 strata
898 2347 953 2410 per
976 2327 1109 2389 tumulos
1124 2347 1254 2409 corpora
1268 2327 1425 2392 Gallorum

383 2427 533 2478 ostentat:
563 2416 612 2492 Et,
635 2416 752 2496 ‘quum
774 2415 847 2476 levis
871 2427 1026 2478 armatura
1045 2414 1109 2476 tale
1130 2415 1269 2496 pmelium
1288 2417 1427 2498 ediderit,

380 2501 483 2581 ‘quid
505 2503 544 2562 ab
568 2503 746 2582 legionibus,
767 2501 842 2582 quid
864 2501 903 2562 ab
926 2499 1017 2582 justis
1041 2501 1142 2578 armis,
1158 2502 1232 2584 quid
1252 2503 1291 2563 ab
1305 2504 1427 2582 animis,

379 2587 638 2649 “fortissimorum
669 2587 800 2649 militum
826 2587 1018 2669 exspectari?
1055 2587 1164 2650 Castra
1191 2588 1247 2648 illis
1276 2590 1433 2672 capienda

379 2673 484 2750 ‘essa
507 2674 538 2734 in
561 2695 628 2754 quae
651 2674 825 2756 compulsus
848 2675 891 2734 ab·
908 2673 965 2736 levi
986 2685 1141 2735 annatura
1155 2675 1245 2735 bostis
1267 2673 1429 2757 trepidet?

384 2757 555 2820 Praecedere
571 2772 674 2822 tamen
693 2759 781 2842 jubet
794 2760 891 2820 levem
906 2771 1106 2821 armaturam:
1134 2781 1205 2841 qua,
1217 2781 1307 2841 quum
1324 2773 1426 2824 staret

380 2866 505 2926 agmen,
527 2846 704 2928 colligendis
727 2867 782 2930 per
804 2847 937 2907 tumulos
957 2847 1039 2924 telis,
1062 2849 1130 2907 ⁸⁸ut
1150 2847 1268 2908 missilia
1291 2848 1425 2910 subdea-
1466 2911 1476 2934 ¹

383 2944 462 3010 rent,
474 2933 556 2994 haud
570 2953 662 3014 aegris
678 2933 709 2994 id
725 2932 824 3014 ipsum
839 2943 958 3014 tempus
973 2945 1193 2994 consumserat.
1235 2933 1304 2996 Jam
1316 2935 1426 2996 eastris

380 3018 689 3102 adpropinquabant:
721 3031 753 3081 et
774 3017 866 3096 Galli,
881 3041 919 3080 ne
933 3039 1041 3100 parum
1059 3041 1092 3080 ae
1107 3022 1295 3082 munimenta
1308 3041 1365 3082 sua
1379 3034 1426 3083 te·

383 3118 501 3185 gerent,
526 3105 633 3168 armati
662 3126 719 3188 pro
741 3105 821 3168 vallo
846 3105 1057 3168 constiterant.
1082 3105 1182 3168 obruti
1209 3107 1320 3168 deinde
1344 3109 1427 3170 omni

380 3211 492 3272 genere
507 3193 647 3269 telorum,
662 3211 766 3272 quum,
779 3213 841 3272 quo
855 3192 955 3274 pluras
977 3213 1013 3252 ao
1033 3192 1186 3256 densiores
1201 3205 1299 3271 erant,
1315 3215 1354 3255 eo
1369 3195 1426 3256 mi·

275 3323 277 3328 ,
383 3298 439 3339 nus
462 3279 530 3339 vani
552 3278 718 3360 quidquam
740 3277 934 3343 intercideret
948 3279 1013 3354 teli,
1035 3279 1114 3340 intra
1133 3279 1244 3341 vallum
1268 3291 1425 3343 momento

384 3367 529 3446 temporis
552 3365 785 3448 compelluntur,
811 3359 992 3427 stationibus
1006 3369 1137 3428 'tantum
1161 3363 1256 3426 firmis
1283 3367 1322 3428 ad
1347 3368 1426 3451 ipsos

384 3451 484 3514 aditus
504 3447 659 3534 portarum
686 3450 811 3514 relictis.
866 3449 903 3516 Iu
926 3451 1165 3528 multitudinem,
1184 3453 1372 3536 compulsam
1395 3455 1425 3516 in

382 3548 495 3614 casua,
510 3538 554 3598 vis
576 3537 683 3619 iugens
706 3537 864 3602 nussilium
885 3537 1013 3600 telorum
1029 3537 1269 3620 conjiciebatur:
1299 3553 1344 3616 et,
1363 3540 1428 3602 val·

383 3623 482 3684 uereri
506 3622 628 3702 multos,
644 3623 771 3701 clamor,
788 3625 956 3706 permixtas
978 3625 1136 3686 mulierum
1159 3637 1251 3706 atque
1266 3645 1429 3708 puerorum

382 3709 561 3792 ploratibus,
577 3709 776 3792 significabat.
830 3707 866 3771 ln
881 3731 946 3787 eos,
962 3711 1014 3793 qui
1036 3723 1139 3792 portas
1159 3711 1345 3776 stationibus
1366 3713 1427 3776 auis

382 3795 564 3874 clauseram
588 3797 741 3877 legionum
765 3796 957 3879 antesignani
980 3796 1044 3878 pila
1065 3795 1271 3878 conjecerunt.
1298 3799 1330 3862 bi
1357 3819 1431 3862 vera

383 3901 445 3943 non
460 3882 705 3962 vulnerabantur,
719 3886 783 3962 sed,
801 3883 1047 3946 transverberatis
1069 3884 1172 3976 scutis,
1192 3884 1327 3968 plerique
1350 3885 1431 3947 inter

383 3969 416 4030 se
430 3970 562 4034 conserti
577 3969 747 4036 herebant:
779 3989 837 4034 nec
852 3969 965 4038 diutins
983 3969 1122 4052 inpetum
1139 3970 1348 4034 Romanorum
1363 3977 1431 4034 sna·

381 4054 548 4120 tinuerunt.

673 4231 674 4236 1
740 4203 1069 4254 'madh-summm.
1169 4195 1173 4216 ¹

378 4353 503 4468 ζέω
519 4355 567 4418 adt]
602 4355 682 4416 osma
702 4358 728 4406 in
750 4358 787 4415 lis,
804 4373 889 4424 nempe
920 4357 1017 4474 wi
1032 4369 1094 4412 sust
1111 4359 1267 4440 mimiliumin
1283 4375 1371 4412 nuum
1382 4375 1435 4416 etr·
1492 4427 1495 4438 ¹

413 4481 613 4533 nummu
633 4473 767 4550 offam]
795 4487 887 4536 usas·
929 4497 938 4511 ’-
976 4459 1008 4490 ”
