<?xml version="1.0" encoding="UTF-8"?>
<!DOCTYPE html PUBLIC "-//W3C//DTD XHTML 1.0 Transitional//EN"
    "http://www.w3.org/TR/xhtml1/DTD/xhtml1-transitional.dtd">
<html xmlns="http://www.w3.org/1999/xhtml" xml:lang="en" lang="en">
 <head>
  <title>
</title>
<meta http-equiv="Content-Type" content="text/html;charset=utf-8" />
  <meta name='ocr-system' content='tesseract 3.04.00' />
  <meta name='ocr-capabilities' content='ocr_page ocr_carea ocr_par ocr_line ocrx_word'/>
</head>
<body>
  <div class='ocr_page' id='page_1' title='image "./tliviipatavinih00grongoog_0446.png"; bbox 0 0 3026 5164; ppageno 0'>
   <div class='ocr_carea' id='block_1_1' title="bbox 358 306 1211 370">
    <p class='ocr_par' dir='ltr' id='par_1_1' title="bbox 358 306 1211 370">
     <span class='ocr_line' id='line_1_1' title="bbox 358 306 1211 370; baseline 0.005 -4"><span class='ocrx_word' id='word_1_1' title='bbox 358 314 416 366; x_wconf 86' lang='grc'>436</span> <span class='ocrx_word' id='word_1_2' title='bbox 733 315 735 322; x_wconf 90' lang='grc'><strong>’</strong></span> <span class='ocrx_word' id='word_1_3' title='bbox 782 307 865 366; x_wconf 84' lang='grc' dir='ltr'>ΤΙΤΙ</span> <span class='ocrx_word' id='word_1_4' title='bbox 885 306 987 366; x_wconf 88' lang='lat' dir='ltr'>LlVIl</span> <span class='ocrx_word' id='word_1_5' title='bbox 1205 341 1211 370; x_wconf 80' lang='lat' dir='ltr'>t</span> 
     </span>
    </p>
   </div>
   <div class='ocr_carea' id='block_1_2' title="bbox 172 448 1512 3580">
    <p class='ocr_par' dir='ltr' id='par_1_2' title="bbox 172 448 1412 1761">
     <span class='ocr_line' id='line_1_2' title="bbox 194 448 1409 568; baseline -0.002 -42"><span class='ocrx_word' id='word_1_6' title='bbox 194 448 267 567; x_wconf 49' lang='lat' dir='ltr'>{bg</span> <span class='ocrx_word' id='word_1_7' title='bbox 280 454 338 568; x_wconf 59' lang='lat'><strong>{24⁸-</strong></span> <span class='ocrx_word' id='word_1_8' title='bbox 361 484 435 548; x_wconf 83' lang='lat' dir='ltr'>que:</span> <span class='ocrx_word' id='word_1_9' title='bbox 452 463 625 547; x_wconf 72' lang='lat' dir='ltr'>‘quoniam</span> <span class='ocrx_word' id='word_1_10' title='bbox 634 463 770 546; x_wconf 82' lang='lat' dir='ltr'>praetoris</span> <span class='ocrx_word' id='word_1_11' title='bbox 780 457 963 544; x_wconf 83' lang='lat' dir='ltr'>subrogandi</span> <span class='ocrx_word' id='word_1_12' title='bbox 976 463 1103 526; x_wconf 86' lang='lat' dir='ltr'>comitia</span> <span class='ocrx_word' id='word_1_13' title='bbox 1112 483 1151 525; x_wconf 89' lang='lat' dir='ltr'>ne</span> <span class='ocrx_word' id='word_1_14' title='bbox 1160 462 1409 546; x_wconf 83' lang='lat' dir='ltr'>legibusfrerent,</span> 
     </span>
     <span class='ocr_line' id='line_1_3' title="bbox 218 544 1409 635; baseline -0.003 -20"><span class='ocrx_word' id='word_1_15' title='bbox 218 552 225 568; x_wconf 78' lang='lat'>⁸</span> <span class='ocrx_word' id='word_1_16' title='bbox 257 551 264 568; x_wconf 79' lang='lat'>⁸</span> <span class='ocrx_word' id='word_1_17' title='bbox 328 544 335 566; x_wconf 80' lang='lat'>⁸</span> <span class='ocrx_word' id='word_1_18' title='bbox 361 551 553 635; x_wconf 85' lang='lat' dir='ltr'>‘pertinacia</span> <span class='ocrx_word' id='word_1_19' title='bbox 563 550 602 622; x_wconf 88' lang='lat' dir='ltr'>Q.</span> <span class='ocrx_word' id='word_1_20' title='bbox 613 549 714 612; x_wconf 85' lang='lat' dir='ltr'>Flacci</span> <span class='ocrx_word' id='word_1_21' title='bbox 730 559 762 612; x_wconf 90' lang='lat' dir='ltr'>et</span> <span class='ocrx_word' id='word_1_22' title='bbox 772 571 865 633; x_wconf 87' lang='lat' dir='ltr'>prava</span> <span class='ocrx_word' id='word_1_23' title='bbox 876 550 977 613; x_wconf 88' lang='lat' dir='ltr'>studia</span> <span class='ocrx_word' id='word_1_24' title='bbox 988 551 1146 613; x_wconf 90' lang='lat' dir='ltr'>hominum</span> <span class='ocrx_word' id='word_1_25' title='bbox 1158 551 1346 633; x_wconf 90' lang='lat' dir='ltr'>inpedirent,</span> <span class='ocrx_word' id='word_1_26' title='bbox 1360 571 1409 611; x_wconf 87' lang='lat' dir='ltr'>se·</span> 
     </span>
     <span class='ocr_line' id='line_1_4' title="bbox 361 635 1409 721; baseline -0.003 -20"><span class='ocrx_word' id='word_1_27' title='bbox 361 640 372 672; x_wconf 82' lang='lat'><strong><em>⁴</em></strong></span> <span class='ocrx_word' id='word_1_28' title='bbox 386 649 491 701; x_wconf 89' lang='lat' dir='ltr'>natum</span> <span class='ocrx_word' id='word_1_29' title='bbox 503 659 636 715; x_wconf 87' lang='lat' dir='ltr'>censere,</span> <span class='ocrx_word' id='word_1_30' title='bbox 651 639 724 700; x_wconf 86' lang='lat' dir='ltr'>satis</span> <span class='ocrx_word' id='word_1_31' title='bbox 739 651 900 721; x_wconf 79' lang='lat' dir='ltr'>pratorum</span> <span class='ocrx_word' id='word_1_32' title='bbox 916 659 1001 700; x_wconf 88' lang='lat' dir='ltr'>esse:</span> <span class='ocrx_word' id='word_1_33' title='bbox 1025 635 1058 700; x_wconf 88' lang='lat' dir='ltr'>P.</span> <span class='ocrx_word' id='word_1_34' title='bbox 1070 637 1229 700; x_wconf 88' lang='lat' dir='ltr'>Comelius</span> <span class='ocrx_word' id='word_1_35' title='bbox 1245 649 1409 716; x_wconf 86' lang='lat' dir='ltr'>utramque</span> 
     </span>
     <span class='ocr_line' id='line_1_5' title="bbox 362 720 1411 806; baseline -0.004 -18"><span class='ocrx_word' id='word_1_36' title='bbox 362 727 372 760; x_wconf 88' lang='lat'>‘</span> <span class='ocrx_word' id='word_1_37' title='bbox 387 727 417 788; x_wconf 93' lang='lat' dir='ltr'>in</span> <span class='ocrx_word' id='word_1_38' title='bbox 432 726 506 787; x_wconf 89' lang='lat' dir='ltr'>urbe</span> <span class='ocrx_word' id='word_1_39' title='bbox 517 723 758 806; x_wconf 87' lang='lat' dir='ltr'>jurisdictionem</span> <span class='ocrx_word' id='word_1_40' title='bbox 770 724 904 803; x_wconf 86' lang='lat' dir='ltr'>haberet,</span> <span class='ocrx_word' id='word_1_41' title='bbox 918 727 947 796; x_wconf 79' lang='lat'>,⁴⁸</span> <span class='ocrx_word' id='word_1_42' title='bbox 956 724 1151 806; x_wconf 80' lang='lat' dir='ltr'>Apollinique</span> <span class='ocrx_word' id='word_1_43' title='bbox 1167 725 1256 787; x_wconf 93' lang='lat' dir='ltr'>ludos</span> <span class='ocrx_word' id='word_1_44' title='bbox 1272 720 1411 785; x_wconf 67' lang='lat' dir='ltr'>faceret!</span> 
     </span>
     <span class='ocr_line' id='line_1_6' title="bbox 197 809 1411 894; baseline -0.003 -20"><span class='ocrx_word' id='word_1_45' title='bbox 197 815 333 866; x_wconf 67' lang='lat' dir='ltr'>themio·</span> <span class='ocrx_word' id='word_1_46' title='bbox 403 810 469 874; x_wconf 81' lang='lat' dir='ltr'>XL</span> <span class='ocrx_word' id='word_1_47' title='bbox 492 809 550 873; x_wconf 90' lang='lat' dir='ltr'>His</span> <span class='ocrx_word' id='word_1_48' title='bbox 572 811 703 873; x_wconf 90' lang='lat' dir='ltr'>comitiis</span> <span class='ocrx_word' id='word_1_49' title='bbox 733 810 895 894; x_wconf 90' lang='lat' dir='ltr'>prudentia</span> <span class='ocrx_word' id='word_1_50' title='bbox 921 823 953 873; x_wconf 90' lang='lat' dir='ltr'>et</span> <span class='ocrx_word' id='word_1_51' title='bbox 974 812 1085 873; x_wconf 89' lang='lat' dir='ltr'>virtute</span> <span class='ocrx_word' id='word_1_52' title='bbox 1114 827 1238 873; x_wconf 90' lang='lat' dir='ltr'>senatus</span> <span class='ocrx_word' id='word_1_53' title='bbox 1269 809 1411 885; x_wconf 85' lang='lat' dir='ltr'>sublatis,</span> 
     </span>
     <span class='ocr_line' id='line_1_7' title="bbox 197 883 1410 995; baseline -0.002 -35"><span class='ocrx_word' id='word_1_54' title='bbox 197 883 279 995; x_wconf 46' lang='grc' dir='ltr'>π’</span> <span class='ocrx_word' id='word_1_55' title='bbox 291 894 347 930; x_wconf 67' lang='lat'><strong>⁰²¹¹·</strong></span> <span class='ocrx_word' id='word_1_56' title='bbox 363 897 423 960; x_wconf 85' lang='lat' dir='ltr'>alia</span> <span class='ocrx_word' id='word_1_57' title='bbox 437 896 560 980; x_wconf 88' lang='lat' dir='ltr'>majoris</span> <span class='ocrx_word' id='word_1_58' title='bbox 575 898 763 976; x_wconf 79' lang='lat' dir='ltr'>certaminis,</span> <span class='ocrx_word' id='word_1_59' title='bbox 785 919 845 980; x_wconf 91' lang='lat' dir='ltr'>quo</span> <span class='ocrx_word' id='word_1_60' title='bbox 867 910 898 959; x_wconf 93' lang='lat' dir='ltr'>et</span> <span class='ocrx_word' id='word_1_61' title='bbox 912 895 1028 980; x_wconf 87' lang='lat' dir='ltr'>majore</span> <span class='ocrx_word' id='word_1_62' title='bbox 1043 898 1081 959; x_wconf 88' lang='lat' dir='ltr'>dc</span> <span class='ocrx_word' id='word_1_63' title='bbox 1099 918 1141 976; x_wconf 90' lang='lat' dir='ltr'>re,</span> <span class='ocrx_word' id='word_1_64' title='bbox 1164 911 1197 959; x_wconf 92' lang='lat' dir='ltr'>et</span> <span class='ocrx_word' id='word_1_65' title='bbox 1211 897 1294 960; x_wconf 85' lang='lat' dir='ltr'>inter</span> <span class='ocrx_word' id='word_1_66' title='bbox 1309 896 1410 978; x_wconf 82' lang='lat' dir='ltr'>plures</span> 
     </span>
     <span class='ocr_line' id='line_1_8' title="bbox 251 983 1410 1069; baseline -0.004 -21"><span class='ocrx_word' id='word_1_67' title='bbox 251 983 257 998; x_wconf 86' lang='lat'>&#39;</span> <span class='ocrx_word' id='word_1_68' title='bbox 361 985 606 1069; x_wconf 88' lang='lat' dir='ltr'>potentioresque</span> <span class='ocrx_word' id='word_1_69' title='bbox 626 985 716 1064; x_wconf 88' lang='lat' dir='ltr'>viros,</span> <span class='ocrx_word' id='word_1_70' title='bbox 741 997 813 1047; x_wconf 90' lang='lat' dir='ltr'>sunt</span> <span class='ocrx_word' id='word_1_71' title='bbox 834 995 950 1064; x_wconf 70' lang='lat' dir='ltr'>exorta.</span> <span class='ocrx_word' id='word_1_72' title='bbox 993 983 1160 1068; x_wconf 86' lang='lat' dir='ltr'>¹Censuram</span> <span class='ocrx_word' id='word_1_73' title='bbox 1184 1005 1309 1046; x_wconf 87' lang='lat' dir='ltr'>summa</span> <span class='ocrx_word' id='word_1_74' title='bbox 1334 1003 1410 1044; x_wconf 89' lang='lat' dir='ltr'>con-</span> 
     </span>
     <span class='ocr_line' id='line_1_9' title="bbox 172 1069 1411 1154; baseline -0.005 -18"><span class='ocrx_word' id='word_1_75' title='bbox 172 1113 175 1121; x_wconf 40' lang='grc' dir='ltr'><strong>ι</strong></span> <span class='ocrx_word' id='word_1_76' title='bbox 279 1115 280 1118; x_wconf 57' lang='lat'><em>=</em></span> <span class='ocrx_word' id='word_1_77' title='bbox 363 1071 500 1136; x_wconf 87' lang='lat' dir='ltr'><strong>tentione</strong></span> <span class='ocrx_word' id='word_1_78' title='bbox 525 1074 671 1154; x_wconf 89' lang='lat' dir='ltr'>petebant</span> <span class='ocrx_word' id='word_1_79' title='bbox 692 1069 729 1134; x_wconf 97' lang='lat' dir='ltr'>L.</span> <span class='ocrx_word' id='word_1_80' title='bbox 744 1070 882 1132; x_wconf 90' lang='lat' dir='ltr'>Valerius</span> <span class='ocrx_word' id='word_1_81' title='bbox 907 1069 1044 1149; x_wconf 80' lang='lat' dir='ltr'><strong>Flaccus,</strong></span> <span class='ocrx_word' id='word_1_82' title='bbox 1069 1069 1102 1135; x_wconf 88' lang='lat' dir='ltr'>P.</span> <span class='ocrx_word' id='word_1_83' title='bbox 1128 1083 1160 1132; x_wconf 90' lang='lat' dir='ltr'>et</span> <span class='ocrx_word' id='word_1_84' title='bbox 1183 1070 1218 1133; x_wconf 89' lang='lat' dir='ltr'>L.</span> <span class='ocrx_word' id='word_1_85' title='bbox 1235 1069 1411 1153; x_wconf 85' lang='lat' dir='ltr'>Scipiones,</span> 
     </span>
     <span class='ocr_line' id='line_1_10' title="bbox 363 1155 1410 1240; baseline -0.005 -18"><span class='ocrx_word' id='word_1_86' title='bbox 363 1157 421 1222; x_wconf 85' lang='lat' dir='ltr'>Cn.</span> <span class='ocrx_word' id='word_1_87' title='bbox 448 1157 581 1220; x_wconf 85' lang='lat' dir='ltr'>Manlius</span> <span class='ocrx_word' id='word_1_88' title='bbox 602 1155 709 1237; x_wconf 89' lang='lat' dir='ltr'>Vulso,</span> <span class='ocrx_word' id='word_1_89' title='bbox 734 1156 770 1220; x_wconf 87' lang='lat' dir='ltr'>L.</span> <span class='ocrx_word' id='word_1_90' title='bbox 793 1157 899 1219; x_wconf 89' lang='lat' dir='ltr'>Furius</span> <span class='ocrx_word' id='word_1_91' title='bbox 930 1155 1092 1240; x_wconf 89' lang='lat' dir='ltr'>Purpureo,</span> <span class='ocrx_word' id='word_1_92' title='bbox 1124 1159 1263 1240; x_wconf 82' lang='lat' dir='ltr'>patricii:</span> <span class='ocrx_word' id='word_1_93' title='bbox 1296 1157 1410 1240; x_wconf 85' lang='lat' dir='ltr'>plebeii</span> 
     </span>
     <span class='ocr_line' id='line_1_11' title="bbox 364 1241 1412 1324; baseline -0.003 -17"><span class='ocrx_word' id='word_1_94' title='bbox 364 1257 476 1324; x_wconf 88' lang='lat' dir='ltr'>autem,</span> <span class='ocrx_word' id='word_1_95' title='bbox 503 1244 551 1306; x_wconf 90' lang='lat' dir='ltr'>M.</span> <span class='ocrx_word' id='word_1_96' title='bbox 579 1243 700 1307; x_wconf 91' lang='lat' dir='ltr'>Porcius</span> <span class='ocrx_word' id='word_1_97' title='bbox 723 1243 812 1324; x_wconf 87' lang='lat' dir='ltr'>Cato,</span> <span class='ocrx_word' id='word_1_98' title='bbox 839 1243 886 1305; x_wconf 89' lang='lat' dir='ltr'>M.</span> <span class='ocrx_word' id='word_1_99' title='bbox 911 1243 1031 1306; x_wconf 85' lang='lat' dir='ltr'>Fulvius</span> <span class='ocrx_word' id='word_1_100' title='bbox 1058 1243 1207 1323; x_wconf 81' lang='lat' dir='ltr'><strong>Nobilior,</strong></span> <span class='ocrx_word' id='word_1_101' title='bbox 1228 1241 1280 1306; x_wconf 85' lang='lat' dir='ltr'>Ti.</span> <span class='ocrx_word' id='word_1_102' title='bbox 1303 1257 1336 1306; x_wconf 91' lang='lat' dir='ltr'>et</span> <span class='ocrx_word' id='word_1_103' title='bbox 1364 1241 1412 1304; x_wconf 88' lang='lat' dir='ltr'>M.</span> 
     </span>
     <span class='ocr_line' id='line_1_12' title="bbox 363 1329 1411 1415; baseline -0.003 -22"><span class='ocrx_word' id='word_1_104' title='bbox 363 1330 547 1415; x_wconf 85' lang='lat' dir='ltr'>Sempronii,</span> <span class='ocrx_word' id='word_1_105' title='bbox 571 1330 693 1415; x_wconf 86' lang='lat' dir='ltr'>Longus</span> <span class='ocrx_word' id='word_1_106' title='bbox 715 1345 748 1394; x_wconf 91' lang='lat' dir='ltr'>et</span> <span class='ocrx_word' id='word_1_107' title='bbox 768 1329 951 1393; x_wconf 79' lang='lat' dir='ltr'><strong>Tuditanus.</strong></span> <span class='ocrx_word' id='word_1_108' title='bbox 973 1331 1027 1392; x_wconf 90' lang='lat' dir='ltr'>sed</span> <span class='ocrx_word' id='word_1_109' title='bbox 1048 1352 1153 1393; x_wconf 90' lang='lat' dir='ltr'>omnes</span> <span class='ocrx_word' id='word_1_110' title='bbox 1173 1332 1322 1414; x_wconf 87' lang='lat' dir='ltr'>patricios</span> <span class='ocrx_word' id='word_1_111' title='bbox 1345 1331 1411 1412; x_wconf 88' lang='lat' dir='ltr'>ple-</span> 
     </span>
     <span class='ocr_line' id='line_1_13' title="bbox 363 1416 1410 1501; baseline -0.002 -21"><span class='ocrx_word' id='word_1_112' title='bbox 363 1419 506 1501; x_wconf 89' lang='lat' dir='ltr'>beiosque</span> <span class='ocrx_word' id='word_1_113' title='bbox 533 1418 785 1500; x_wconf 84' lang='lat' dir='ltr'>nobilissimarum</span> <span class='ocrx_word' id='word_1_114' title='bbox 815 1417 997 1479; x_wconf 82' lang='lat' dir='ltr'>familiarum</span> <span class='ocrx_word' id='word_1_115' title='bbox 1022 1416 1071 1480; x_wconf 92' lang='lat' dir='ltr'>M.</span> <span class='ocrx_word' id='word_1_116' title='bbox 1091 1417 1211 1479; x_wconf 89' lang='lat' dir='ltr'>Porcius</span> <span class='ocrx_word' id='word_1_117' title='bbox 1234 1419 1330 1498; x_wconf 87' lang='lat' dir='ltr'>longe</span> <span class='ocrx_word' id='word_1_118' title='bbox 1354 1437 1410 1478; x_wconf 87' lang='lat' dir='ltr'>an-</span> 
     </span>
     <span class='ocr_line' id='line_1_14' title="bbox 362 1503 1410 1586; baseline -0.004 -19"><span class='ocrx_word' id='word_1_119' title='bbox 362 1505 469 1568; x_wconf 89' lang='lat' dir='ltr'>teibat.</span> <span class='ocrx_word' id='word_1_120' title='bbox 514 1503 549 1566; x_wconf 94' lang='lat' dir='ltr'>ln</span> <span class='ocrx_word' id='word_1_121' title='bbox 576 1506 634 1573; x_wconf 87' lang='lat' dir='ltr'>hoc</span> <span class='ocrx_word' id='word_1_122' title='bbox 660 1506 723 1566; x_wconf 91' lang='lat' dir='ltr'>viro</span> <span class='ocrx_word' id='word_1_123' title='bbox 748 1515 836 1566; x_wconf 91' lang='lat' dir='ltr'>tanta</span> <span class='ocrx_word' id='word_1_124' title='bbox 861 1505 905 1566; x_wconf 87' lang='lat' dir='ltr'>vis</span> <span class='ocrx_word' id='word_1_125' title='bbox 932 1505 1025 1566; x_wconf 88' lang='lat' dir='ltr'>animi</span> <span class='ocrx_word' id='word_1_126' title='bbox 1056 1505 1229 1586; x_wconf 80' lang='lat' dir='ltr'>ingeniique</span> <span class='ocrx_word' id='word_1_127' title='bbox 1260 1505 1331 1582; x_wconf 85' lang='lat' dir='ltr'>fuit,</span> <span class='ocrx_word' id='word_1_128' title='bbox 1364 1516 1410 1580; x_wconf 85' lang='lat' dir='ltr'>ut,</span> 
     </span>
     <span class='ocr_line' id='line_1_15' title="bbox 362 1590 1410 1675; baseline -0.002 -21"><span class='ocrx_word' id='word_1_129' title='bbox 362 1611 551 1674; x_wconf 89' lang='lat' dir='ltr'>quocumque</span> <span class='ocrx_word' id='word_1_130' title='bbox 580 1592 649 1654; x_wconf 93' lang='lat' dir='ltr'>loco</span> <span class='ocrx_word' id='word_1_131' title='bbox 677 1604 767 1655; x_wconf 85' lang='lat' dir='ltr'>natus</span> <span class='ocrx_word' id='word_1_132' title='bbox 793 1603 883 1669; x_wconf 86' lang='lat' dir='ltr'>esset,</span> <span class='ocrx_word' id='word_1_133' title='bbox 911 1591 1063 1653; x_wconf 79' lang='lat' dir='ltr'>fortunam</span> <span class='ocrx_word' id='word_1_134' title='bbox 1093 1592 1149 1653; x_wconf 89' lang='lat' dir='ltr'>sibi</span> <span class='ocrx_word' id='word_1_135' title='bbox 1176 1593 1241 1675; x_wconf 90' lang='lat' dir='ltr'>ipse</span> <span class='ocrx_word' id='word_1_136' title='bbox 1271 1590 1410 1652; x_wconf 80' lang='lat' dir='ltr'>facturus</span> 
     </span>
     <span class='ocr_line' id='line_1_16' title="bbox 362 1677 1410 1761; baseline -0.003 -20"><span class='ocrx_word' id='word_1_137' title='bbox 362 1679 454 1741; x_wconf 79' lang='lat' dir='ltr'>luisse</span> <span class='ocrx_word' id='word_1_138' title='bbox 479 1679 636 1741; x_wconf 87' lang='lat' dir='ltr'>videretur.</span> <span class='ocrx_word' id='word_1_139' title='bbox 679 1677 773 1740; x_wconf 87' lang='lat' dir='ltr'>Nulla</span> <span class='ocrx_word' id='word_1_140' title='bbox 796 1700 853 1756; x_wconf 91' lang='lat' dir='ltr'>ars,</span> <span class='ocrx_word' id='word_1_141' title='bbox 875 1699 972 1760; x_wconf 91' lang='lat' dir='ltr'>neque</span> <span class='ocrx_word' id='word_1_142' title='bbox 995 1679 1128 1759; x_wconf 75' lang='lat' dir='ltr'>privatae,</span> <span class='ocrx_word' id='word_1_143' title='bbox 1155 1699 1254 1761; x_wconf 89' lang='lat' dir='ltr'>neque</span> <span class='ocrx_word' id='word_1_144' title='bbox 1278 1677 1410 1760; x_wconf 75' lang='lat' dir='ltr'>publiere</span> 
     </span>
    </p>

    <p class='ocr_par' dir='ltr' id='par_1_3' title="bbox 362 1761 1512 2976">
     <span class='ocr_line' id='line_1_17' title="bbox 363 1761 1512 1848; baseline -0.001 -22"><span class='ocrx_word' id='word_1_145' title='bbox 363 1766 406 1827; x_wconf 88' lang='lat' dir='ltr'>rei</span> <span class='ocrx_word' id='word_1_146' title='bbox 421 1765 571 1847; x_wconf 75' lang='lat' dir='ltr'>gerenda,</span> <span class='ocrx_word' id='word_1_147' title='bbox 593 1766 620 1826; x_wconf 91' lang='lat' dir='ltr'>ei</span> <span class='ocrx_word' id='word_1_148' title='bbox 637 1765 742 1848; x_wconf 75' lang='lat' dir='ltr'>deluit.</span> <span class='ocrx_word' id='word_1_149' title='bbox 786 1761 927 1827; x_wconf 89' lang='lat' dir='ltr'>Urbanas</span> <span class='ocrx_word' id='word_1_150' title='bbox 942 1765 1129 1845; x_wconf 87' lang='lat' dir='ltr'>rusticasque</span> <span class='ocrx_word' id='word_1_151' title='bbox 1150 1787 1197 1827; x_wconf 91' lang='lat' dir='ltr'>res</span> <span class='ocrx_word' id='word_1_152' title='bbox 1213 1766 1329 1847; x_wconf 78' lang='lat' dir='ltr'>pariter</span> <span class='ocrx_word' id='word_1_153' title='bbox 1343 1764 1410 1826; x_wconf 86' lang='lat' dir='ltr'>cal·</span> <span class='ocrx_word' id='word_1_154' title='bbox 1509 1821 1512 1838; x_wconf 40' lang='lat'><strong>⁴</strong></span> 
     </span>
     <span class='ocr_line' id='line_1_18' title="bbox 364 1850 1408 1934; baseline -0.002 -21"><span class='ocrx_word' id='word_1_155' title='bbox 364 1852 457 1916; x_wconf 90' lang='lat' dir='ltr'>lebat.</span> <span class='ocrx_word' id='word_1_156' title='bbox 500 1851 551 1914; x_wconf 88' lang='lat' dir='ltr'>Ad</span> <span class='ocrx_word' id='word_1_157' title='bbox 574 1873 707 1914; x_wconf 87' lang='lat' dir='ltr'>summos</span> <span class='ocrx_word' id='word_1_158' title='bbox 730 1852 859 1913; x_wconf 79' lang='lat' dir='ltr'><strong>honores</strong></span> <span class='ocrx_word' id='word_1_159' title='bbox 883 1851 958 1914; x_wconf 92' lang='lat' dir='ltr'>alios</span> <span class='ocrx_word' id='word_1_160' title='bbox 980 1851 1109 1913; x_wconf 88' lang='lat' dir='ltr'>scientia</span> <span class='ocrx_word' id='word_1_161' title='bbox 1126 1850 1213 1934; x_wconf 87' lang='lat' dir='ltr'>juris,</span> <span class='ocrx_word' id='word_1_162' title='bbox 1240 1852 1319 1913; x_wconf 89' lang='lat' dir='ltr'>alios</span> <span class='ocrx_word' id='word_1_163' title='bbox 1341 1851 1408 1912; x_wconf 90' lang='lat' dir='ltr'>elo-</span> 
     </span>
     <span class='ocr_line' id='line_1_19' title="bbox 364 1938 1407 2020; baseline -0.002 -20"><span class='ocrx_word' id='word_1_164' title='bbox 364 1940 499 2020; x_wconf 81' lang='lat' dir='ltr'>quentia,</span> <span class='ocrx_word' id='word_1_165' title='bbox 521 1939 595 2000; x_wconf 86' lang='lat' dir='ltr'>alio&#39;s</span> <span class='ocrx_word' id='word_1_166' title='bbox 619 1939 716 2020; x_wconf 84' lang='lat' dir='ltr'>gloria</span> <span class='ocrx_word' id='word_1_167' title='bbox 737 1939 876 2001; x_wconf 89' lang='lat' dir='ltr'>militaris</span> <span class='ocrx_word' id='word_1_168' title='bbox 899 1938 1044 2020; x_wconf 83' lang='lat' dir='ltr'>provexit.</span> <span class='ocrx_word' id='word_1_169' title='bbox 1067 1938 1136 2000; x_wconf 92' lang='lat' dir='ltr'>huic</span> <span class='ocrx_word' id='word_1_170' title='bbox 1155 1938 1298 2000; x_wconf 83' lang='lat' dir='ltr'>versatile</span> <span class='ocrx_word' id='word_1_171' title='bbox 1320 1939 1407 2020; x_wconf 64' lang='lat' dir='ltr'>ingess</span> 
     </span>
     <span class='ocr_line' id='line_1_20' title="bbox 364 2024 1405 2108; baseline -0.002 -21"><span class='ocrx_word' id='word_1_172' title='bbox 364 2027 447 2088; x_wconf 93' lang='lat' dir='ltr'>nium</span> <span class='ocrx_word' id='word_1_173' title='bbox 463 2027 506 2088; x_wconf 90' lang='lat' dir='ltr'>sic</span> <span class='ocrx_word' id='word_1_174' title='bbox 521 2027 633 2108; x_wconf 83' lang='lat' dir='ltr'>pariter</span> <span class='ocrx_word' id='word_1_175' title='bbox 657 2026 696 2087; x_wconf 91' lang='lat' dir='ltr'>ad</span> <span class='ocrx_word' id='word_1_176' title='bbox 713 2026 816 2088; x_wconf 88' lang='lat' dir='ltr'>omnia</span> <span class='ocrx_word' id='word_1_177' title='bbox 836 2024 901 2102; x_wconf 85' lang='lat' dir='ltr'>fuit,</span> <span class='ocrx_word' id='word_1_178' title='bbox 924 2038 958 2086; x_wconf 91' lang='lat' dir='ltr'>ut</span> <span class='ocrx_word' id='word_1_179' title='bbox 977 2039 1083 2087; x_wconf 86' lang='lat' dir='ltr'>natum</span> <span class='ocrx_word' id='word_1_180' title='bbox 1108 2026 1147 2088; x_wconf 87' lang='lat' dir='ltr'>ad</span> <span class='ocrx_word' id='word_1_181' title='bbox 1162 2027 1194 2087; x_wconf 93' lang='lat' dir='ltr'>id</span> <span class='ocrx_word' id='word_1_182' title='bbox 1208 2045 1304 2087; x_wconf 90' lang='lat' dir='ltr'>unum</span> <span class='ocrx_word' id='word_1_183' title='bbox 1320 2026 1405 2086; x_wconf 87' lang='lat' dir='ltr'>dice-</span> 
     </span>
     <span class='ocr_line' id='line_1_21' title="bbox 364 2110 1405 2194; baseline -0.001 -21"><span class='ocrx_word' id='word_1_184' title='bbox 364 2133 422 2191; x_wconf 87' lang='lat' dir='ltr'>res,</span> <span class='ocrx_word' id='word_1_185' title='bbox 444 2113 656 2193; x_wconf 90' lang='lat' dir='ltr'>quodcumque</span> <span class='ocrx_word' id='word_1_186' title='bbox 679 2125 792 2194; x_wconf 85' lang='lat' dir='ltr'>egeret</span> <span class='ocrx_word' id='word_1_187' title='bbox 837 2110 871 2172; x_wconf 95' lang='lat' dir='ltr'>ln</span> <span class='ocrx_word' id='word_1_188' title='bbox 891 2111 976 2174; x_wconf 78' lang='lat' dir='ltr'>‘bello</span> <span class='ocrx_word' id='word_1_189' title='bbox 995 2130 1085 2173; x_wconf 92' lang='lat' dir='ltr'>manu</span> <span class='ocrx_word' id='word_1_190' title='bbox 1109 2111 1305 2188; x_wconf 84' lang='lat' dir='ltr'>fortissimus,</span> <span class='ocrx_word' id='word_1_191' title='bbox 1325 2112 1405 2172; x_wconf 91' lang='lat' dir='ltr'>mul·</span> 
     </span>
     <span class='ocr_line' id='line_1_22' title="bbox 362 2198 1405 2284; baseline -0.001 -24"><span class='ocrx_word' id='word_1_192' title='bbox 362 2199 461 2284; x_wconf 90' lang='lat' dir='ltr'>tisque</span> <span class='ocrx_word' id='word_1_193' title='bbox 476 2199 642 2281; x_wconf 85' lang='lat' dir='ltr'>insignibus</span> <span class='ocrx_word' id='word_1_194' title='bbox 664 2199 895 2282; x_wconf 79' lang='lat' dir='ltr'>clarus-pugnis</span> <span class='ocrx_word' id='word_1_195' title='bbox 911 2198 1002 2276; x_wconf 86' lang='lat' dir='ltr'>idern,</span> <span class='ocrx_word' id='word_1_196' title='bbox 1025 2211 1186 2282; x_wconf 87' lang='lat' dir='ltr'>postquam</span> <span class='ocrx_word' id='word_1_197' title='bbox 1211 2199 1252 2260; x_wconf 90' lang='lat' dir='ltr'>ad</span> <span class='ocrx_word' id='word_1_198' title='bbox 1276 2219 1405 2282; x_wconf 84' lang='lat' dir='ltr'>magnos</span> 
     </span>
     <span class='ocr_line' id='line_1_23' title="bbox 363 2285 1406 2370; baseline -0.001 -23"><span class='ocrx_word' id='word_1_199' title='bbox 363 2286 493 2348; x_wconf 83' lang='lat' dir='ltr'><strong>honores</strong></span> <span class='ocrx_word' id='word_1_200' title='bbox 507 2287 653 2370; x_wconf 88' lang='lat' dir='ltr'>pervenit,</span> <span class='ocrx_word' id='word_1_201' title='bbox 677 2305 809 2347; x_wconf 90' lang='lat' dir='ltr'>summus</span> <span class='ocrx_word' id='word_1_202' title='bbox 833 2286 1016 2367; x_wconf 87' lang='lat' dir='ltr'>imperator:</span> <span class='ocrx_word' id='word_1_203' title='bbox 1041 2286 1121 2347; x_wconf 89' lang='lat' dir='ltr'>idem</span> <span class='ocrx_word' id='word_1_204' title='bbox 1145 2287 1176 2346; x_wconf 95' lang='lat' dir='ltr'>in</span> <span class='ocrx_word' id='word_1_205' title='bbox 1199 2307 1287 2369; x_wconf 90' lang='lat' dir='ltr'>pace,</span> <span class='ocrx_word' id='word_1_206' title='bbox 1311 2285 1336 2346; x_wconf 89' lang='lat' dir='ltr'>si</span> <span class='ocrx_word' id='word_1_207' title='bbox 1353 2285 1406 2367; x_wconf 81' lang='lat' dir='ltr'>jus</span> 
     </span>
     <span class='ocr_line' id='line_1_24' title="bbox 363 2372 1406 2456; baseline 0 -23"><span class='ocrx_word' id='word_1_208' title='bbox 363 2373 544 2451; x_wconf 81' lang='lat' dir='ltr'>consuleres,</span> <span class='ocrx_word' id='word_1_209' title='bbox 571 2373 785 2456; x_wconf 79' lang='lat' dir='ltr'>peritissimus3</span> <span class='ocrx_word' id='word_1_210' title='bbox 817 2373 842 2434; x_wconf 92' lang='lat' dir='ltr'>si</span> <span class='ocrx_word' id='word_1_211' title='bbox 869 2393 975 2434; x_wconf 86' lang='lat' dir='ltr'>caussa</span> <span class='ocrx_word' id='word_1_212' title='bbox 1001 2372 1116 2434; x_wconf 88' lang='lat' dir='ltr'>oranda</span> <span class='ocrx_word' id='word_1_213' title='bbox 1139 2385 1229 2450; x_wconf 82' lang='lat' dir='ltr'>esset,</span> <span class='ocrx_word' id='word_1_214' title='bbox 1259 2374 1406 2453; x_wconf 86' lang='lat' dir='ltr'>eloquen-</span> 
     </span>
     <span class='ocr_line' id='line_1_25' title="bbox 363 2457 1405 2544; baseline -0.001 -24"><span class='ocrx_word' id='word_1_215' title='bbox 363 2457 506 2520; x_wconf 87' lang='lat' dir='ltr'>tissimus.</span> <span class='ocrx_word' id='word_1_216' title='bbox 529 2480 584 2521; x_wconf 92' lang='lat' dir='ltr'>nec</span> <span class='ocrx_word' id='word_1_217' title='bbox 610 2460 634 2521; x_wconf 91' lang='lat' dir='ltr'>is</span> <span class='ocrx_word' id='word_1_218' title='bbox 654 2472 785 2537; x_wconf 88' lang='lat' dir='ltr'>tantum,</span> <span class='ocrx_word' id='word_1_219' title='bbox 808 2457 891 2539; x_wconf 86' lang='lat' dir='ltr'>cujus</span> <span class='ocrx_word' id='word_1_220' title='bbox 914 2459 1015 2544; x_wconf 83' lang='lat' dir='ltr'>lingua</span> <span class='ocrx_word' id='word_1_221' title='bbox 1030 2459 1098 2521; x_wconf 91' lang='lat' dir='ltr'>vivo</span> <span class='ocrx_word' id='word_1_222' title='bbox 1121 2480 1159 2521; x_wconf 94' lang='lat' dir='ltr'>eo</span> <span class='ocrx_word' id='word_1_223' title='bbox 1172 2459 1312 2540; x_wconf 83' lang='lat' dir='ltr'>viguerit,</span> <span class='ocrx_word' id='word_1_224' title='bbox 1335 2479 1405 2519; x_wconf 92' lang='lat' dir='ltr'>mo-</span> 
     </span>
     <span class='ocr_line' id='line_1_26' title="bbox 363 2545 1403 2628; baseline 0.001 -23"><span class='ocrx_word' id='word_1_225' title='bbox 363 2557 542 2608; x_wconf 86' lang='lat' dir='ltr'>numentum</span> <span class='ocrx_word' id='word_1_226' title='bbox 573 2545 751 2628; x_wconf 86' lang='lat' dir='ltr'>eloquentiae</span> <span class='ocrx_word' id='word_1_227' title='bbox 779 2545 894 2606; x_wconf 89' lang='lat' dir='ltr'>nullum</span> <span class='ocrx_word' id='word_1_228' title='bbox 921 2557 1040 2608; x_wconf 84' lang='lat' dir='ltr'>exstet:</span> <span class='ocrx_word' id='word_1_229' title='bbox 1077 2545 1150 2608; x_wconf 78' lang='lat' dir='ltr'>vivit</span> <span class='ocrx_word' id='word_1_230' title='bbox 1179 2546 1271 2606; x_wconf 91' lang='lat' dir='ltr'>immo</span> <span class='ocrx_word' id='word_1_231' title='bbox 1300 2545 1403 2626; x_wconf 85' lang='lat' dir='ltr'>viget-</span> 
     </span>
     <span class='ocr_line' id='line_1_27' title="bbox 363 2631 1399 2714; baseline 0.001 -22"><span class='ocrx_word' id='word_1_232' title='bbox 363 2651 421 2713; x_wconf 88' lang='lat' dir='ltr'>que</span> <span class='ocrx_word' id='word_1_233' title='bbox 448 2631 622 2712; x_wconf 87' lang='lat' dir='ltr'>eloquentia</span> <span class='ocrx_word' id='word_1_234' title='bbox 643 2631 718 2714; x_wconf 89' lang='lat' dir='ltr'>ejus‚</span> <span class='ocrx_word' id='word_1_235' title='bbox 746 2643 864 2694; x_wconf 81' lang='lat' dir='ltr'>sacrata</span> <span class='ocrx_word' id='word_1_236' title='bbox 882 2631 1008 2714; x_wconf 87' lang='lat' dir='ltr'>scriptis</span> <span class='ocrx_word' id='word_1_237' title='bbox 1031 2633 1130 2694; x_wconf 91' lang='lat' dir='ltr'>omnis</span> <span class='ocrx_word' id='word_1_238' title='bbox 1151 2631 1271 2713; x_wconf 82' lang='lat' dir='ltr'>generis.</span> <span class='ocrx_word' id='word_1_239' title='bbox 1315 2631 1399 2693; x_wconf 80' lang='lat' dir='ltr'>Ora-</span> 
     </span>
     <span class='ocr_line' id='line_1_28' title="bbox 362 2717 1401 2802; baseline 0 -22"><span class='ocrx_word' id='word_1_240' title='bbox 362 2717 462 2780; x_wconf 86' lang='lat' dir='ltr'>tiones</span> <span class='ocrx_word' id='word_1_241' title='bbox 484 2727 515 2779; x_wconf 89' lang='lat' dir='ltr'>et</span> <span class='ocrx_word' id='word_1_242' title='bbox 536 2739 590 2802; x_wconf 91' lang='lat' dir='ltr'>pro</span> <span class='ocrx_word' id='word_1_243' title='bbox 611 2740 644 2781; x_wconf 92' lang='lat' dir='ltr'>se</span> <span class='ocrx_word' id='word_1_244' title='bbox 666 2719 778 2797; x_wconf 87' lang='lat' dir='ltr'>multae,</span> <span class='ocrx_word' id='word_1_245' title='bbox 799 2731 832 2780; x_wconf 89' lang='lat' dir='ltr'>et</span> <span class='ocrx_word' id='word_1_246' title='bbox 851 2739 908 2801; x_wconf 91' lang='lat' dir='ltr'>pro</span> <span class='ocrx_word' id='word_1_247' title='bbox 929 2719 1005 2797; x_wconf 88' lang='lat' dir='ltr'>aliis,</span> <span class='ocrx_word' id='word_1_248' title='bbox 1027 2719 1112 2780; x_wconf 90' lang='lat' dir='ltr'>etin</span> <span class='ocrx_word' id='word_1_249' title='bbox 1135 2719 1212 2780; x_wconf 88' lang='lat' dir='ltr'>alios.</span> <span class='ocrx_word' id='word_1_250' title='bbox 1237 2739 1307 2778; x_wconf 89' lang='lat' dir='ltr'>nam</span> <span class='ocrx_word' id='word_1_251' title='bbox 1330 2739 1401 2780; x_wconf 91' lang='lat' dir='ltr'>non</span> 
     </span>
     <span class='ocr_line' id='line_1_29' title="bbox 363 2803 1402 2892; baseline 0.001 -28"><span class='ocrx_word' id='word_1_252' title='bbox 363 2804 460 2866; x_wconf 88' lang='lat' dir='ltr'>solum</span> <span class='ocrx_word' id='word_1_253' title='bbox 477 2806 660 2882; x_wconf 88' lang='lat' dir='ltr'>accusando,</span> <span class='ocrx_word' id='word_1_254' title='bbox 682 2805 736 2866; x_wconf 87' lang='lat' dir='ltr'>sed</span> <span class='ocrx_word' id='word_1_255' title='bbox 757 2803 849 2892; x_wconf 86' lang='lat' dir='ltr'>etiam</span> <span class='ocrx_word' id='word_1_256' title='bbox 863 2825 995 2888; x_wconf 80' lang='lat' dir='ltr'>¹causam</span> <span class='ocrx_word' id='word_1_257' title='bbox 1017 2805 1157 2883; x_wconf 88' lang='lat' dir='ltr'>dicendo,</span> <span class='ocrx_word' id='word_1_258' title='bbox 1177 2804 1312 2886; x_wconf 79' lang='lat' dir='ltr'>fatigavit</span> <span class='ocrx_word' id='word_1_259' title='bbox 1332 2805 1402 2865; x_wconf 91' lang='lat' dir='ltr'>ini-</span> 
     </span>
     <span class='ocr_line' id='line_1_30' title="bbox 362 2889 1404 2976; baseline 0.002 -25"><span class='ocrx_word' id='word_1_260' title='bbox 362 2890 470 2952; x_wconf 88' lang='lat' dir='ltr'>micos.</span> <span class='ocrx_word' id='word_1_261' title='bbox 513 2895 539 2932; x_wconf 78' lang='lat'>⁴⁹</span> <span class='ocrx_word' id='word_1_262' title='bbox 549 2889 725 2953; x_wconf 85' lang='lat' dir='ltr'>Simultates</span> <span class='ocrx_word' id='word_1_263' title='bbox 744 2892 839 2953; x_wconf 92' lang='lat' dir='ltr'>nimio</span> <span class='ocrx_word' id='word_1_264' title='bbox 867 2892 967 2976; x_wconf 87' lang='lat' dir='ltr'>plures</span> <span class='ocrx_word' id='word_1_265' title='bbox 989 2902 1021 2953; x_wconf 94' lang='lat' dir='ltr'>et</span> <span class='ocrx_word' id='word_1_266' title='bbox 1042 2905 1344 2976; x_wconf 23' lang='lat' dir='ltr'>exercueruntteum</span> <span class='ocrx_word' id='word_1_267' title='bbox 1367 2905 1404 2954; x_wconf 87' lang='lat' dir='ltr'>et</span> 
     </span>
    </p>

    <p class='ocr_par' dir='ltr' id='par_1_4' title="bbox 364 2976 1470 3061">
     <span class='ocr_line' id='line_1_31' title="bbox 364 2976 1470 3061; baseline 0.001 -23"><span class='ocrx_word' id='word_1_268' title='bbox 364 2976 428 3059; x_wconf 87' lang='lat' dir='ltr'>ipsc</span> <span class='ocrx_word' id='word_1_269' title='bbox 453 2979 588 3040; x_wconf 86' lang='lat' dir='ltr'>exercuit</span> <span class='ocrx_word' id='word_1_270' title='bbox 614 2999 675 3040; x_wconf 86' lang='lat' dir='ltr'>eus.</span> <span class='ocrx_word' id='word_1_271' title='bbox 700 2997 757 3040; x_wconf 89' lang='lat' dir='ltr'>nee</span> <span class='ocrx_word' id='word_1_272' title='bbox 780 2977 869 3040; x_wconf 84' lang='lat' dir='ltr'>facile</span> <span class='ocrx_word' id='word_1_273' title='bbox 895 2976 1016 3057; x_wconf 86' lang='lat' dir='ltr'>dixeris,</span> <span class='ocrx_word' id='word_1_274' title='bbox 1042 2989 1142 3040; x_wconf 91' lang='lat' dir='ltr'>utrum</span> <span class='ocrx_word' id='word_1_275' title='bbox 1164 2979 1261 3060; x_wconf 86' lang='lat' dir='ltr'>magis</span> <span class='ocrx_word' id='word_1_276' title='bbox 1282 2999 1403 3061; x_wconf 88' lang='lat' dir='ltr'>presse-</span> <span class='ocrx_word' id='word_1_277' title='bbox 1466 2994 1470 3000; x_wconf 85' lang='lat'>&#39;</span> 
     </span>
    </p>

    <p class='ocr_par' dir='ltr' id='par_1_5' title="bbox 293 3053 1404 3233">
     <span class='ocr_line' id='line_1_32' title="bbox 293 3053 1404 3149; baseline 0 -24"><span class='ocrx_word' id='word_1_278' title='bbox 293 3071 296 3078; x_wconf 85' lang='lat'>&#39;</span> <span class='ocrx_word' id='word_1_279' title='bbox 364 3063 404 3126; x_wconf 86' lang='lat' dir='ltr'>rit</span> <span class='ocrx_word' id='word_1_280' title='bbox 432 3084 500 3126; x_wconf 90' lang='lat' dir='ltr'>eum</span> <span class='ocrx_word' id='word_1_281' title='bbox 530 3065 698 3144; x_wconf 82' lang='lat' dir='ltr'>nobilitae,··</span> <span class='ocrx_word' id='word_1_282' title='bbox 713 3085 751 3126; x_wconf 88' lang='lat' dir='ltr'>an</span> <span class='ocrx_word' id='word_1_283' title='bbox 778 3065 829 3127; x_wconf 90' lang='lat' dir='ltr'>ille</span> <span class='ocrx_word' id='word_1_284' title='bbox 857 3065 1017 3146; x_wconf 81' lang='lat' dir='ltr'>agitaverit</span> <span class='ocrx_word' id='word_1_285' title='bbox 1045 3065 1249 3149; x_wconf 84' lang='lat' dir='ltr'>nobilitatem.</span> <span class='ocrx_word' id='word_1_286' title='bbox 1291 3053 1404 3146; x_wconf 85' lang='lat' dir='ltr'>Asperi</span> 
     </span>
     <span class='ocr_line' id='line_1_33' title="bbox 362 3144 1403 3233; baseline 0.001 -22"><span class='ocrx_word' id='word_1_287' title='bbox 362 3151 468 3232; x_wconf 89' lang='lat' dir='ltr'>procul</span> <span class='ocrx_word' id='word_1_288' title='bbox 495 3152 587 3214; x_wconf 90' lang='lat' dir='ltr'>dubio</span> <span class='ocrx_word' id='word_1_289' title='bbox 614 3151 716 3229; x_wconf 91' lang='lat' dir='ltr'>animi,</span> <span class='ocrx_word' id='word_1_290' title='bbox 746 3163 777 3212; x_wconf 91' lang='lat' dir='ltr'>et</span> <span class='ocrx_word' id='word_1_291' title='bbox 799 3152 907 3233; x_wconf 81' lang='lat' dir='ltr'>linguae</span> <span class='ocrx_word' id='word_1_292' title='bbox 924 3144 1054 3229; x_wconf 70' lang='lat' dir='ltr'>acerbae,</span> <span class='ocrx_word' id='word_1_293' title='bbox 1083 3164 1116 3215; x_wconf 88' lang='lat' dir='ltr'>et</span> <span class='ocrx_word' id='word_1_294' title='bbox 1141 3151 1294 3212; x_wconf 84' lang='lat' dir='ltr'>inmodice</span> <span class='ocrx_word' id='word_1_295' title='bbox 1325 3151 1403 3213; x_wconf 90' lang='lat' dir='ltr'>libe-</span> 
     </span>
    </p>

    <p class='ocr_par' dir='ltr' id='par_1_6' title="bbox 344 3237 1490 3406">
     <span class='ocr_line' id='line_1_34' title="bbox 364 3237 1490 3321; baseline 0.003 -24"><span class='ocrx_word' id='word_1_296' title='bbox 364 3257 403 3298; x_wconf 83' lang='lat' dir='ltr'>rae</span> <span class='ocrx_word' id='word_1_297' title='bbox 433 3237 509 3300; x_wconf 88' lang='lat' dir='ltr'>fuit:</span> <span class='ocrx_word' id='word_1_298' title='bbox 540 3238 594 3300; x_wconf 90' lang='lat' dir='ltr'>sed</span> <span class='ocrx_word' id='word_1_299' title='bbox 622 3237 726 3301; x_wconf 90' lang='lat' dir='ltr'>invicti</span> <span class='ocrx_word' id='word_1_300' title='bbox 754 3259 772 3298; x_wconf 87' lang='lat' dir='ltr'>a</span> <span class='ocrx_word' id='word_1_301' title='bbox 797 3237 1011 3321; x_wconf 87' lang='lat' dir='ltr'>cupiditatibus</span> <span class='ocrx_word' id='word_1_302' title='bbox 1037 3238 1140 3314; x_wconf 89' lang='lat' dir='ltr'>animi,</span> <span class='ocrx_word' id='word_1_303' title='bbox 1166 3237 1329 3319; x_wconf 83' lang='lat' dir='ltr'>etrigidae</span> <span class='ocrx_word' id='word_1_304' title='bbox 1357 3239 1405 3299; x_wconf 92' lang='lat' dir='ltr'>in·</span> <span class='ocrx_word' id='word_1_305' title='bbox 1486 3313 1490 3320; x_wconf 26' lang='grc' dir='ltr'>ι</span> 
     </span>
     <span class='ocr_line' id='line_1_35' title="bbox 344 3323 1405 3406; baseline 0.002 -22"><span class='ocrx_word' id='word_1_306' title='bbox 344 3325 531 3400; x_wconf 80' lang='lat' dir='ltr'>-nooentiae3</span> <span class='ocrx_word' id='word_1_307' title='bbox 554 3336 723 3386; x_wconf 86' lang='lat' dir='ltr'>contemtor</span> <span class='ocrx_word' id='word_1_308' title='bbox 738 3325 852 3406; x_wconf 83' lang='lat' dir='ltr'>gratiae,</span> <span class='ocrx_word' id='word_1_309' title='bbox 877 3325 1058 3386; x_wconf 84' lang='lat' dir='ltr'>divitiarum.</span> <span class='ocrx_word' id='word_1_310' title='bbox 1103 3323 1138 3386; x_wconf 94' lang='lat' dir='ltr'>ln</span> <span class='ocrx_word' id='word_1_311' title='bbox 1153 3324 1351 3406; x_wconf 85' lang='lat' dir='ltr'>parsimonia,</span> <span class='ocrx_word' id='word_1_312' title='bbox 1373 3325 1405 3386; x_wconf 92' lang='lat' dir='ltr'>in</span> 
     </span>
    </p>

    <p class='ocr_par' dir='ltr' id='par_1_7' title="bbox 361 3410 1512 3494">
     <span class='ocr_line' id='line_1_36' title="bbox 361 3410 1512 3494; baseline -0.002 -24"><span class='ocrx_word' id='word_1_313' title='bbox 361 3410 512 3491; x_wconf 85' lang='lat' dir='ltr'>patientia</span> <span class='ocrx_word' id='word_1_314' title='bbox 530 3411 650 3489; x_wconf 82' lang='lat' dir='ltr'>laboris,</span> <span class='ocrx_word' id='word_1_315' title='bbox 675 3411 835 3494; x_wconf 64' lang='lat' dir='ltr'>periculil,</span> <span class='ocrx_word' id='word_1_316' title='bbox 858 3410 945 3472; x_wconf 83' lang='lat' dir='ltr'>ferrei</span> <span class='ocrx_word' id='word_1_317' title='bbox 961 3431 1055 3494; x_wconf 88' lang='lat' dir='ltr'>prope</span> <span class='ocrx_word' id='word_1_318' title='bbox 1070 3411 1206 3493; x_wconf 89' lang='lat' dir='ltr'>corporis</span> <span class='ocrx_word' id='word_1_319' title='bbox 1225 3411 1404 3492; x_wconf 88' lang='lat' dir='ltr'>animique;</span> <span class='ocrx_word' id='word_1_320' title='bbox 1511 3447 1512 3468; x_wconf 59' lang='grc' dir='ltr'><strong>ι</strong></span> 
     </span>
    </p>

    <p class='ocr_par' dir='ltr' id='par_1_8' title="bbox 363 3497 1512 3580">
     <span class='ocr_line' id='line_1_37' title="bbox 363 3497 1512 3580; baseline -0.001 -21"><span class='ocrx_word' id='word_1_321' title='bbox 363 3515 453 3578; x_wconf 91' lang='lat' dir='ltr'>quem</span> <span class='ocrx_word' id='word_1_322' title='bbox 468 3518 507 3560; x_wconf 89' lang='lat' dir='ltr'>ne</span> <span class='ocrx_word' id='word_1_323' title='bbox 522 3509 661 3562; x_wconf 88' lang='lat' dir='ltr'>senectus</span> <span class='ocrx_word' id='word_1_324' title='bbox 677 3499 809 3580; x_wconf 91' lang='lat' dir='ltr'>quidem,</span> <span class='ocrx_word' id='word_1_325' title='bbox 823 3515 888 3580; x_wconf 87' lang='lat' dir='ltr'>quae</span> <span class='ocrx_word' id='word_1_326' title='bbox 903 3498 991 3560; x_wconf 89' lang='lat' dir='ltr'>solvit</span> <span class='ocrx_word' id='word_1_327' title='bbox 1006 3498 1118 3579; x_wconf 86' lang='lat' dir='ltr'>omnia,</span> <span class='ocrx_word' id='word_1_328' title='bbox 1141 3497 1276 3580; x_wconf 85' lang='lat' dir='ltr'>fregerit.</span> <span class='ocrx_word' id='word_1_329' title='bbox 1300 3497 1404 3569; x_wconf 80' lang='lat' dir='ltr'>&#39;‘⁰Qui</span> <span class='ocrx_word' id='word_1_330' title='bbox 1511 3553 1512 3558; x_wconf 73' lang='grc'>,</span> 
     </span>
    </p>
   </div>
   <div class='ocr_carea' id='block_1_3' title="bbox 674 3641 1042 3729">
    <p class='ocr_par' dir='ltr' id='par_1_9' title="bbox 674 3641 1042 3729">
     <span class='ocr_line' id='line_1_38' title="bbox 674 3641 1042 3729; baseline -0.003 -16"><span class='ocrx_word' id='word_1_331' title='bbox 674 3641 677 3646; x_wconf 32' lang='lat'><em>¹</em></span> <span class='ocrx_word' id='word_1_332' title='bbox 725 3661 878 3729; x_wconf 58' lang='lat' dir='ltr'>*malcolinus</span> <span class='ocrx_word' id='word_1_333' title='bbox 888 3662 961 3714; x_wconf 70' lang='lat' dir='ltr'>Genu.</span> <span class='ocrx_word' id='word_1_334' title='bbox 972 3664 1042 3714; x_wconf 79' lang='lat' dir='ltr'>Creu.</span> 
     </span>
    </p>
   </div>
   <div class='ocr_carea' id='block_1_4' title="bbox 304 3811 1409 4466">
    <p class='ocr_par' dir='ltr' id='par_1_10' title="bbox 356 3811 1409 4320">
     <span class='ocr_line' id='line_1_39' title="bbox 396 3811 1407 3878; baseline 0.004 -19"><span class='ocrx_word' id='word_1_335' title='bbox 396 3811 419 3846; x_wconf 75' lang='lat'>⁴⁸</span> <span class='ocrx_word' id='word_1_336' title='bbox 436 3812 571 3875; x_wconf 74' lang='lat' dir='ltr'>Apollinique</span> <span class='ocrx_word' id='word_1_337' title='bbox 592 3813 653 3861; x_wconf 77' lang='lat' dir='ltr'>ludos</span> <span class='ocrx_word' id='word_1_338' title='bbox 667 3813 767 3878; x_wconf 74' lang='lat' dir='ltr'>¹furerat]</span> <span class='ocrx_word' id='word_1_339' title='bbox 791 3815 867 3862; x_wconf 79' lang='lat' dir='ltr'>Lndoe</span> <span class='ocrx_word' id='word_1_340' title='bbox 897 3816 969 3863; x_wconf 74' lang='lat' dir='ltr'>fuctus</span> <span class='ocrx_word' id='word_1_341' title='bbox 988 3827 1031 3864; x_wconf 79' lang='lat' dir='ltr'>ert.</span> <span class='ocrx_word' id='word_1_342' title='bbox 1064 3813 1134 3862; x_wconf 77' lang='lat' dir='ltr'>Unde</span> <span class='ocrx_word' id='word_1_343' title='bbox 1151 3828 1221 3878; x_wconf 81' lang='lat' dir='ltr'>quum</span> <span class='ocrx_word' id='word_1_344' title='bbox 1234 3824 1331 3863; x_wconf 65' lang='lat' dir='ltr'>constet</span> <span class='ocrx_word' id='word_1_345' title='bbox 1349 3829 1407 3863; x_wconf 82' lang='lat' dir='ltr'>errrn</span> 
     </span>
     <span class='ocr_line' id='line_1_40' title="bbox 365 3877 1409 3942; baseline 0.002 -16"><span class='ocrx_word' id='word_1_346' title='bbox 365 3877 866 3942; x_wconf 73' lang='lat' dir='ltr'>ApollinrrcrptaetorurbmuslrciebetNid.</span> <span class='ocrx_word' id='word_1_347' title='bbox 898 3893 1012 3928; x_wconf 88' lang='lat' dir='ltr'>mortuum</span> <span class='ocrx_word' id='word_1_348' title='bbox 1027 3880 1098 3930; x_wconf 76' lang='lat' dir='ltr'>lubae</span> <span class='ocrx_word' id='word_1_349' title='bbox 1115 3880 1146 3928; x_wconf 86' lang='lat'>1..</span> <span class='ocrx_word' id='word_1_350' title='bbox 1160 3879 1253 3928; x_wconf 73' lang='lat' dir='ltr'>Meroic</span> <span class='ocrx_word' id='word_1_351' title='bbox 1266 3881 1409 3936; x_wconf 74' lang='lat' dir='ltr'>Censorino.</span> 
     </span>
     <span class='ocr_line' id='line_1_41' title="bbox 365 3945 1408 4073; baseline 0.005 -19"><span class='ocrx_word' id='word_1_352' title='bbox 365 3945 646 4056; x_wconf 44' lang='lat' dir='ltr'>mill-lidribbliicniiriib</span> <span class='ocrx_word' id='word_1_353' title='bbox 664 4009 747 4073; x_wconf 74' lang='lat' dir='ltr'>plures]</span> <span class='ocrx_word' id='word_1_354' title='bbox 768 4009 857 4058; x_wconf 86' lang='lat' dir='ltr'>inimici</span> <span class='ocrx_word' id='word_1_355' title='bbox 898 3945 1054 4058; x_wconf 54' lang='lat' dir='ltr'>Muiiiiiabidlli</span> <span class='ocrx_word' id='word_1_356' title='bbox 1073 3945 1222 4058; x_wconf 44' lang='lat' dir='ltr'>(immabi</span> <span class='ocrx_word' id='word_1_357' title='bbox 1241 3945 1408 4059; x_wconf 51' lang='lat' dir='ltr'>ffio&#39;it‘efg</span> 
     </span>
     <span class='ocr_line' id='line_1_42' title="bbox 365 4025 1405 4150; baseline 0.004 -30"><span class='ocrx_word' id='word_1_358' title='bbox 365 4089 422 4137; x_wconf 83' lang='lat' dir='ltr'>quos</span> <span class='ocrx_word' id='word_1_359' title='bbox 445 4073 570 4136; x_wconf 82' lang='lat' dir='ltr'>permultos</span> <span class='ocrx_word' id='word_1_360' title='bbox 597 4071 686 4150; x_wconf 77' lang='lat' dir='ltr'>habuit,</span> <span class='ocrx_word' id='word_1_361' title='bbox 712 4043 867 4125; x_wconf 76' lang='lat' dir='ltr'>exercueroni</span> <span class='ocrx_word' id='word_1_362' title='bbox 897 4091 968 4123; x_wconf 76' lang='lat' dir='ltr'>annos</span> <span class='ocrx_word' id='word_1_363' title='bbox 992 4047 1083 4124; x_wconf 72' lang='lat' dir='ltr'>unnim</span> <span class='ocrx_word' id='word_1_364' title='bbox 1098 4025 1207 4138; x_wconf 48' lang='lat' dir='ltr'>‘deinque</span> <span class='ocrx_word' id='word_1_365' title='bbox 1229 4088 1254 4123; x_wconf 79' lang='lat' dir='ltr'>et</span> <span class='ocrx_word' id='word_1_366' title='bbox 1276 4077 1405 4138; x_wconf 73' lang='lat' dir='ltr'>octoginta.</span> 
     </span>
     <span class='ocr_line' id='line_1_43' title="bbox 356 4141 1406 4210; baseline 0.006 -26"><span class='ocrx_word' id='word_1_367' title='bbox 356 4154 430 4210; x_wconf 66' lang='lat' dir='ltr'>⁸oqm,</span> <span class='ocrx_word' id='word_1_368' title='bbox 447 4151 471 4186; x_wconf 87' lang='lat' dir='ltr'>et</span> <span class='ocrx_word' id='word_1_369' title='bbox 487 4141 534 4204; x_wconf 79' lang='lat' dir='ltr'>ipse</span> <span class='ocrx_word' id='word_1_370' title='bbox 551 4155 590 4186; x_wconf 77' lang='lat' dir='ltr'>eor</span> <span class='ocrx_word' id='word_1_371' title='bbox 608 4141 702 4187; x_wconf 74' lang='lat' dir='ltr'>vicissim</span> <span class='ocrx_word' id='word_1_372' title='bbox 720 4141 822 4190; x_wconf 77' lang='lat' dir='ltr'>exercuit</span> <span class='ocrx_word' id='word_1_373' title='bbox 838 4157 865 4189; x_wconf 79' lang='lat' dir='ltr'>ac</span> <span class='ocrx_word' id='word_1_374' title='bbox 898 4141 943 4188; x_wconf 84' lang='lat' dir='ltr'>Sed</span> <span class='ocrx_word' id='word_1_375' title='bbox 963 4142 1070 4190; x_wconf 85' lang='lat' dir='ltr'>nimirum</span> <span class='ocrx_word' id='word_1_376' title='bbox 1093 4141 1173 4189; x_wconf 79' lang='lat' dir='ltr'>Livius</span> <span class='ocrx_word' id='word_1_377' title='bbox 1198 4141 1249 4188; x_wconf 69' lang='lat' dir='ltr'>eliis</span> <span class='ocrx_word' id='word_1_378' title='bbox 1269 4141 1406 4190; x_wconf 70' lang='lat' dir='ltr'>mucoribus</span> 
     </span>
     <span class='ocr_line' id='line_1_44' title="bbox 366 4203 1409 4320; baseline 0.007 -7"><span class='ocrx_word' id='word_1_379' title='bbox 366 4203 483 4320; x_wconf 58' lang='lat' dir='ltr'>mllnllitl</span> <span class='ocrx_word' id='word_1_380' title='bbox 507 4277 587 4316; x_wconf 65' lang='lat' dir='ltr'>ertum</span> <span class='ocrx_word' id='word_1_381' title='bbox 615 4281 637 4318; x_wconf 79' lang='lat' dir='ltr'>et</span> <span class='ocrx_word' id='word_1_382' title='bbox 656 4277 702 4318; x_wconf 82' lang='lat' dir='ltr'>octo</span> <span class='ocrx_word' id='word_1_383' title='bbox 717 4272 805 4318; x_wconf 72' lang='lat' dir='ltr'>sobnam</span> <span class='ocrx_word' id='word_1_384' title='bbox 825 4287 866 4318; x_wconf 80' lang='lat' dir='ltr'>on·</span> <span class='ocrx_word' id='word_1_385' title='bbox 890 4219 1005 4319; x_wconf 51' lang='lat' dir='ltr'>ursqqu</span> <span class='ocrx_word' id='word_1_386' title='bbox 1027 4205 1184 4320; x_wconf 59' lang='lat' dir='ltr'>edium-iiiii:</span> <span class='ocrx_word' id='word_1_387' title='bbox 1194 4207 1409 4320; x_wconf 40' lang='lat' dir='ltr'>&amp;efflanti-izc-</span> 
     </span>
    </p>

    <p class='ocr_par' dir='ltr' id='par_1_11' title="bbox 304 4286 1408 4466">
     <span class='ocr_line' id='line_1_45' title="bbox 304 4286 1408 4400; baseline 0.01 -26"><span class='ocrx_word' id='word_1_388' title='bbox 304 4366 309 4374; x_wconf 96' lang='lat'><strong>.</strong></span> <span class='ocrx_word' id='word_1_389' title='bbox 366 4347 420 4379; x_wconf 79' lang='lat' dir='ltr'>num</span> <span class='ocrx_word' id='word_1_390' title='bbox 433 4332 511 4397; x_wconf 70' lang='lat' dir='ltr'>ogerus]</span> <span class='ocrx_word' id='word_1_391' title='bbox 532 4333 567 4380; x_wconf 80' lang='lat' dir='ltr'>Ex</span> <span class='ocrx_word' id='word_1_392' title='bbox 584 4334 633 4383; x_wconf 80' lang='lat' dir='ltr'>cic.</span> <span class='ocrx_word' id='word_1_393' title='bbox 650 4327 674 4382; x_wconf 86' lang='lat' dir='ltr'>in</span> <span class='ocrx_word' id='word_1_394' title='bbox 691 4286 752 4382; x_wconf 72' lang='lat' dir='ltr'>tint.</span> <span class='ocrx_word' id='word_1_395' title='bbox 771 4336 799 4383; x_wconf 88' lang='lat' dir='ltr'>de</span> <span class='ocrx_word' id='word_1_396' title='bbox 811 4335 865 4383; x_wconf 85' lang='lat' dir='ltr'>Seu.</span> <span class='ocrx_word' id='word_1_397' title='bbox 885 4287 959 4384; x_wconf 71' lang='lat' dir='ltr'>‹liirm</span> <span class='ocrx_word' id='word_1_398' title='bbox 980 4287 1224 4394; x_wconf 66' lang='lat' dir='ltr'>Gble’rcousevii,</span> <span class='ocrx_word' id='word_1_399' title='bbox 1248 4336 1288 4400; x_wconf 86' lang='lat' dir='ltr'>qui</span> <span class='ocrx_word' id='word_1_400' title='bbox 1309 4337 1408 4385; x_wconf 79' lang='lat' dir='ltr'>ultimus</span> 
     </span>
     <span class='ocr_line' id='line_1_46' title="bbox 366 4397 1407 4466; baseline 0.009 -23"><span class='ocrx_word' id='word_1_401' title='bbox 366 4411 390 4445; x_wconf 91' lang='lat' dir='ltr'>n.</span> <span class='ocrx_word' id='word_1_402' title='bbox 405 4397 441 4444; x_wconf 85' lang='lat'>1⁰.</span> <span class='ocrx_word' id='word_1_403' title='bbox 457 4397 650 4449; x_wconf 67' lang='lat' dir='ltr'>&amp;resonuerat</span> <span class='ocrx_word' id='word_1_404' title='bbox 661 4413 783 4448; x_wconf 78' lang='lat' dir='ltr'>urrnoante</span> <span class='ocrx_word' id='word_1_405' title='bbox 798 4417 865 4464; x_wconf 71' lang='lat' dir='ltr'>quum</span> <span class='ocrx_word' id='word_1_406' title='bbox 898 4405 948 4466; x_wconf 76' lang='lat' dir='ltr'>ejus</span> <span class='ocrx_word' id='word_1_407' title='bbox 963 4403 1017 4451; x_wconf 75' lang='lat' dir='ltr'>vitos</span> <span class='ocrx_word' id='word_1_408' title='bbox 1031 4403 1086 4465; x_wconf 79' lang='lat' dir='ltr'>suit,</span> <span class='ocrx_word' id='word_1_409' title='bbox 1103 4403 1276 4463; x_wconf 51' lang='lat' dir='ltr'>rurae-inum</span> <span class='ocrx_word' id='word_1_410' title='bbox 1297 4417 1407 4452; x_wconf 73' lang='lat' dir='ltr'>nument</span> 
     </span>
    </p>
   </div>
   <div class='ocr_carea' id='block_1_5' title="bbox 367 4458 1408 4534">
    <p class='ocr_par' dir='ltr' id='par_1_12' title="bbox 367 4458 1408 4534">
     <span class='ocr_line' id='line_1_47' title="bbox 367 4458 1408 4534; baseline 0.01 -26"><span class='ocrx_word' id='word_1_411' title='bbox 367 4458 401 4515; x_wconf 81' lang='lat' dir='ltr'>Q.</span> <span class='ocrx_word' id='word_1_412' title='bbox 419 4459 503 4510; x_wconf 68' lang='lat' dir='ltr'>Fabius</span> <span class='ocrx_word' id='word_1_413' title='bbox 524 4461 641 4517; x_wconf 60' lang='lat' dir='ltr'>nunno·</span> <span class='ocrx_word' id='word_1_414' title='bbox 667 4463 746 4514; x_wconf 71' lang='lat' dir='ltr'>mul</span> <span class='ocrx_word' id='word_1_415' title='bbox 766 4467 865 4532; x_wconf 77' lang='lat' dir='ltr'>primum</span> <span class='ocrx_word' id='word_1_416' title='bbox 899 4467 982 4518; x_wconf 67' lang='lat' dir='ltr'>nutus</span> <span class='ocrx_word' id='word_1_417' title='bbox 1014 4467 1077 4519; x_wconf 84' lang='lat' dir='ltr'>Toto</span> <span class='ocrx_word' id='word_1_418' title='bbox 1100 4479 1154 4532; x_wconf 61' lang='lat' dir='ltr'>utne</span> <span class='ocrx_word' id='word_1_419' title='bbox 1171 4467 1334 4534; x_wconf 70' lang='lat' dir='ltr'>quinquertio</span> <span class='ocrx_word' id='word_1_420' title='bbox 1359 4468 1408 4518; x_wconf 61' lang='grc' dir='ltr'>ἃ·</span> 
     </span>
    </p>
   </div>
   <div class='ocr_carea' id='block_1_6' title="bbox 0 0 1522 5164">
    <p class='ocr_par' dir='ltr' id='par_1_13' title="bbox 0 0 1522 5164">
     <span class='ocr_line' id='line_1_48' title="bbox 0 0 1522 5164; baseline 0 0"><span class='ocrx_word' id='word_1_421' title='bbox 0 0 1522 5164; x_wconf 95' lang='lat' dir='ltr'> </span> 
     </span>
    </p>
   </div>
  </div>
 </body>
</html>
