3080 5196
345 378 405 434 aar
758 319 966 434 mmnmn
1037 397 1040 404 ,

178 545 214 600 u.
224 546 256 597 c.
265 549 329 599 aas,
347 528 490 592 adsersus
504 527 662 592 Romanos
676 527 797 590 locutus
812 536 903 604 esset,
930 545 980 587 eo·
991 543 1059 607 spes
1075 522 1181 607 gratia
1195 521 1296 606 major
1311 523 1394 603 erat)
1417 523 1424 536 '

178 619 213 672 t·
222 611 253 664 0·
263 615 318 667 ¹9³·
347 615 424 678 alius
449 617 621 698 superbiam
644 614 866 702 postulatorpm
893 614 1060 692 increpare,
1093 621 1252 694 tamquam
1277 607 1394 672 Nabidi

343 703 437 780 victo,
452 703 496 764 sic
510 701 676 777 Antiocho,
692 700 827 760 maximo
840 697 921 760 Asia
935 717 1054 780 regum,
1068 697 1281 780 inponentium
1300 697 1394 778 leges.

346 787 358 822 ‘
372 807 557 870 quamquam
563 785 682 856 Nabidi
698 782 801 847 'tamen
811 784 1052 847 dominationem
1064 784 1094 844 in
1105 783 1236 865 patriam
1248 797 1349 860 suam,
1361 793 1395 843 et

345 873 503 956 ‘patriam
519 873 778 950 lacedemonem,
801 871 967 933 remissam.
1010 869 1204 932 “Antiocho
1222 870 1248 930 si
1260 867 1395 952 Srnyrua

344 959 356 994 ‘
371 972 403 1022 et
417 958 603 1043 lampsacus
618 960 766 1042 imperata
776 958 902 1036 faciant,
918 957 1078 1039 indignum
1092 953 1209 1020 videri!
1222 955 1286 1032 alii,
1301 955 1395 1035 ‘par-

344 1046 421 1107 ‘vas
432 1057 464 1108 ct
482 1047 534 1108 vix
554 1046 642 1107 dictu
654 1045 762 1127 dignas
777 1044 848 1106 belli
864 1063 986 1105 caussas
1000 1053 1090 1105 tanto
1105 1042 1170 1124 regi
1185 1061 1237 1103 eos
1251 1040 1395 1102 civitates

343 1131 444 1193 ‘esse
460 1133 514 1194 sed
527 1132 647 1193 initium
657 1151 777 1212 semper
793 1135 821 1170 ⁵⁸
832 1151 851 1191 a
864 1130 963 1213 parvis
975 1128 1091 1210 injusta
1104 1125 1277 1210 imperandi
1287 1125 1394 1187 lierirss

343 1215 425 1278 ‘nisi
441 1217 611 1296 crederent,
627 1216 742 1293 Persas,
763 1235 856 1297 quum
876 1235 988 1297 aquam
1003 1225 1176 1296 terramque
1191 1215 1231 1275 ab
1246 1211 1394 1274 Lacedae·

342 1304 354 1338 ‘
368 1304 478 1365 moniis
493 1305 657 1386 petierunt,
672 1307 700 1343 θ’
711 1303 801 1382 gleba
815 1311 902 1363 terra
915 1312 949 1363 et
963 1303 1074 1362 haustu
1087 1320 1172 1381 aque
1181 1299 1312 1381 egnisse.
1337 1296 1395 1359 Per

341 1389 498 1452 ‘similem
510 1387 711 1468 tentationem
734 1390 760 1433 ⁵⁷
771 1386 917 1449 Romanis
940 1387 978 1448 de
1000 1386 1117 1447 'duabus
1138 1385 1314 1447 civitatibus
1329 1384 1393 1466 agi.

341 1475 396 1513 ‘⁶⁸
407 1487 441 1539 et
455 1476 530 1536 alias
545 1475 695 1552 civitates,
717 1473 806 1535 simul
821 1475 897 1534 duas
912 1471 1021 1554 jugum
1036 1471 1157 1534 exuisse
1180 1471 1336 1547 vidissent,
1352 1468 1394 1530 ad

341 1561 559 1624 ‘liberatorem
576 1561 721 1643 populum
737 1558 918 1620 defecturas.
963 1555 996 1618 Si
1018 1577 1081 1624 non
1104 1557 1229 1618 libertas
1245 1557 1393 1617 seruitute

341 1647 466 1729 ‘potior
480 1649 532 1726 sit,
548 1657 650 1708 tamen
665 1645 749 1708 omni
771 1645 912 1728 presenti
928 1654 1009 1706 statu
1031 1663 1117 1726 spem
1131 1644 1242 1724 cuique
1257 1639 1392 1704 novandi
1420 1645 1424 1652 '

342 1733 416 1794 ‘res
432 1755 500 1794 suas
515 1734 704 1795 blandiorem
719 1730 805 1794 esse.³

383 1817 501 1881 XVlll.
522 1818 698 1893 Alexander
726 1817 869 1880 Acumen
899 1817 932 1878 in
962 1815 1117 1880 consilio¹¹
1147 1827 1225 1893 erat,
1244 1812 1392 1904 fflhilippi

342 1905 496 1986 quondam
512 1905 638 1984 amicus,
664 1925 760 1987 nuper
774 1904 882 1966 relicto
897 1923 934 1964 eo
953 1913 1074 1965 secutus
1089 1901 1314 1985 opulentiorem
1340 1921 1388 1961 re-

342 1991 424 2072 giam
446 1991 614 2068 Aritiochi3
642 2001 684 2068 et,
708 1999 864 2070 tamquam
892 1990 1007 2071 peritus
1021 1987 1157 2065 Gracia,
1181 2007 1238 2049 nec
1264 1987 1391 2068 ignarus

341 2075 563 2155 Romanorum,
578 2077 610 2138 in
625 2097 695 2138 eum
709 2076 839 2158 gradum
854 2076 995 2138 amicitia
1009 2075 1101 2156 regis,
1117 2084 1151 2135 ut
1165 2073 1301 2135 consiliis
1310 2093 1389 2154 quo-

342 2183 401 2244 que
413 2164 530 2224 arcanis
539 2163 710 2241 interesset,
720 2174 863 2246 acceptus
874 2173 950 2224 erat.
985 2159 1025 2239 ls,
1034 2173 1193 2241 tamquam
1203 2179 1277 2237 non,
1289 2169 1390 2221 utrum

341 2248 517 2311 bellandum
530 2261 619 2328 esset,
640 2271 698 2311 nec
709 2271 758 2327 nc,
777 2249 995 2324 consulerettu,
1010 2247 1064 2308 sed
1079 2247 1130 2307 ubi
1149 2258 1182 2308 et
1196 2263 1258 2327 qua
1272 2245 1393 2307 ratione

340 2335 454 2396 bellurn
465 2345 630 2417 gereretur,
647 2333 838 2396 ‘Victoriam
855 2355 887 2396 se
905 2334 988 2396 haud
1000 2333 1125 2395 dubiam
1135 2352 1307 2415 proponere
1321 2331 1392 2392 ani-

343 2419 431 2482 ‘mo’
455 2421 645 2498 adfirmabat,
660 2421 704 2480 ‘si
722 2423 753 2481 in
769 2419 923 2502 Europam
935 2420 1092 2482 transisset
1112 2437 1177 2495 rex,
1192 2416 1270 2481 etin
1287 2417 1393 2498 aliqua
1423 2423 1427 2430 '

342 2505 355 2539 ‘
369 2503 491 2567 Graeciae
503 2518 589 2587 parte
602 2507 704 2579 sedem
715 2506 795 2566 bello
805 2507 946 2588 cepisset.
972 2504 992 2566 J
995 2525 1045 2566 am
1055 2505 1185 2587 primum
1194 2501 1330 2581 AEtolos‚
1339 2503 1393 2584 qui

342 2591 354 2625 ‘
368 2591 544 2652 umbilicum
556 2589 678 2652 Gracia
690 2591 868 2668 incolerent,
883 2592 915 2652 in
926 2592 1017 2652 armis
1029 2611 1099 2652 eum
1115 2589 1319 2668 inventurum,
1332 2609 1392 2651 an·
1484 2630 1490 2638 -

342 2676 354 2709 ‘
368 2677 543 2756 tesignanos
559 2676 600 2737 ad
612 2677 906 2758 asperrimaquaeque
915 2677 986 2740 belli
998 2694 1134 2759 paratos,
1153 2674 1191 2736 ln
1206 2676 1323 2737 duobus
1336 2696 1393 2737 ve·

342 2762 354 2794 ‘
368 2762 415 2822 lut
423 2763 562 2824 cornibus
574 2760 706 2840 Graeciae,
719 2761 821 2824 Nubin
832 2783 851 2824 a
864 2749 1073 2845 Pelopdnneso
1086 2763 1304 2824 concitaturum
1316 2781 1392 2823 onr-

341 2847 355 2881 ‘
368 2848 420 2909 nia
434 2859 621 2930 repetentem
635 2848 814 2929 Argivorum
826 2849 943 2926 urbem,
959 2857 1149 2930 repetentem
1164 2847 1327 2908 maritimas
1339 2847 1392 2906 ci-

342 2934 498 2995 ‘vitatesz
523 2935 630 3015 quibus
645 2955 714 2995 eum
736 2934 896 3017 depulsum
912 2933 1043 2996 Romani
1057 2932 1282 2996 lacedaemonis
1291 2932 1393 2993 muris

343 3019 558 3082 ‘inclusissent
564 3043 574 3098 3
596 3019 811 3082 aMacedonia
830 3020 1014 3102 Philippum,
1030 3021 1083 3081 ubi
1098 3019 1229 3102 primurn
1244 3017 1389 3079 bellicum

345 3105 355 3139 ‘
370 3106 438 3167 cani
452 3107 596 3183 audisset,
607 3118 873 3188 armacapturum.
917 3104 1016 3168 Nosse
1026 3126 1058 3166 se
1073 3106 1194 3188 spiritus
1206 3103 1282 3185 ejus,
1298 3123 1393 3166 nosse

343 3191 521 3254 ‘animuinr
538 3193 625 3270 scire,
637 3193 767 3255 serarum
779 3193 883 3270 modo,
904 3212 970 3273 quae
986 3191 1127 3253 claustris
1137 3201 1191 3252 aut
1198 3190 1329 3252 vinculis
1344 3201 1390 3252 te·

343 3277 355 3312 ‘
368 3290 509 3357 neantur,
518 3279 657 3360 ingentes
664 3279 730 3360 jam
740 3278 792 3340 diu
803 3279 863 3340 iras
878 3297 947 3340 eum
960 3278 991 3340 in
1000 3287 1125 3361 pectore
1136 3278 1266 3339 volsere.
1281 3277 1393 3338 memi-
1428 3311 1434 3319 ·

343 3363 355 3396 ‘
368 3365 449 3426 nisse
461 3365 555 3428 etiam
570 3387 614 3444 se,
626 3366 744 3446 quoties
754 3365 786 3425 in
795 3365 876 3426 bello
884 3365 1001 3446 precari
1012 3383 1117 3426 omnes
1123 3361 1208 3425 Deos
1219 3363 1330 3425 solitus
1341 3361 1390 3440 sit,
1426 3381 1430 3404 ³

343 3450 355 3482 ‘
369 3449 595 3512 utAntiochum
604 3452 661 3512 sibi
671 3451 779 3512 darent
785 3448 1060 3531 adjutoremcujus
1066 3450 1129 3510 voti
1136 3450 1161 3510 si
1170 3469 1300 3530 compos
1309 3468 1390 3510 nunc

343 3535 354 3567 ‘
368 3535 433 3612 fiat,
442 3536 557 3621 nullam
566 3556 684 3598 moram
696 3536 863 3599 rebellandi
875 3535 1036 3598 facturum.
1072 3533 1208 3598 Tantum
1221 3555 1284 3597 non
1296 3553 1388 3596 cunc·

343 3620 357 3654 ‘
370 3620 510 3698 tendum,
525 3641 624 3702 neque
639 3622 819 3685 cessandum
831 3643 908 3684 esse.
923 3622 956 3684 in
977 3642 1015 3683 eo
1029 3621 1113 3684 enim
1124 3621 1285 3682 victoriam
1299 3620 1388 3698 serti,

375 3752 388 3788 ⁸
402 3760 483 3808 suuper
490 3747 574 3808 perjus
584 3747 668 3807 irritatu
677 3744 882 3809 impetrandifiari:
892 3745 966 3796 Gron.
1075 3739 1088 3774 ¹¹
1104 3745 1195 3794 concilio
1206 3747 1280 3794 Gron.
1292 3743 1363 3794 Cres.

375 3859 398 3894 ⁵⁴
413 3859 519 3909 Antiocho
534 3862 552 3908 si
570 3896 576 3910 .
592 3895 599 3910 .
614 3863 737 3924 .impcrsta
745 3855 850 3926 facient]
912 3857 934 3894 Μ
951 3857 1020 3908 Girba
1031 3866 1125 3908 terrast
1135 3855 1300 3921 haustusque]
1320 3855 1393 3905 Haud

344 3922 608 3988 Sirintiochopsresnt.
881 3921 976 3972 fortene
997 3925 1191 3976 accommodatum
1213 3923 1241 3971 sd
1261 3931 1313 3972 re‘m
1347 3937 1392 3969 rae-

376 3989 434 4038 Η
455 3993 527 4052 paruis
548 3993 632 4054 injusto
651 3988 784 4053 imperandi]
812 3987 850 4038 Sic
881 4001 974 4042 sentem
984 3989 1125 4055 exemplum.
1140 4019 1142 4026 ,
1160 3988 1241 4038 Quum
1259 3988 1323 4037 euim
1332 3937 1390 4037 l’eu·

344 4053 464 4104 Rubenius
486 4071 500 4103 e
524 4055 657 4120 conjecturs
680 4056 852 4114 emendaverat,
883 4070 915 4102 soe
926 4069 1007 4117 squam
1018 4067 1043 4104 et
1058 4066 1144 4104 terram
1159 4063 1276 4118 peterem,
1291 4050 1391 4103 nonsibi

348 4137 419 4182 quum
440 4121 502 4184 prius
522 4123 638 4182 legeretur
655 4137 696 4183 per
706 4123 749 4180 jus
770 4121 853 4180 injusto
885 4120 972 4170 editum
984 4121 1082 4184 speruit
1101 4121 1129 4167 sd
1148 4118 1257 4169 ulteriora
1268 4129 1394 4182 praeme-

347 4188 486 4246 r'mpetruudi.
534 4187 638 4235 firmant
669 4183 854 4234 emendationem
886 4185 954 4233 beot:
976 4187 1016 4235 sed
1032 4185 1140 4234 solebant
1158 4184 1225 4247 plsne
1243 4197 1269 4232 ss
1288 4183 1394 4232 dominus

348 4250 395 4296 duo
416 4249 486 4298 MSS·
510 4252 614 4316 Dnjsrio,
628 4252 675 4298 duo
695 4248 800 4298 Heernio
818 4249 856 4296 in·
886 4250 988 4310 agnosci,
1011 4261 1038 4299 ut
1055 4260 1146 4299 moster
1164 4249 1291 4306 tumultis
1311 4246 1395 4313 pssu‘m

348 4316 431 4376 specii,
450 4330 502 4363 cum
521 4329 598 4366 nostro
618 4315 708 4365 Victor.
728 4315 772 4362 nisi
794 4313 856 4377 qued
887 4315 1003 4364 Herodoti
1011 4315 1077 4364 locis.

349 4379 459 4442 peniculo
477 4397 492 4427 o
506 4396 553 4429 nen
569 4383 594 4430 in
611 4381 717 4429 omnibus
734 4381 855 4442 reperitur,
917 4379 939 4418 ⁵⁷
952 4379 1078 4434 Rmuesis.
1088 4412 1095 4429 .
1104 4377 1154 4444 ogi]
1164 4377 1226 4442 Lege
1236 4393 1291 4430 cum
1302 4376 1401 4430 ὓπο-

348 4444 390 4492 sed
408 4445 432 4492 in
449 4444 536 4496 duobis
553 4459 644 4498 uatum
659 4463 673 4498 e
690 4445 791 4510 quinque
802 4459 853 4496 mc.
886 4443 932 4500 sio.
942 4461 957 4492 o
969 4444 1082 4494 huonis.

347 4510 453 4565 mue,
917 4509 940 4575 P!
957 4507 1063 4576 Μὶν]
1073 4508 1198 4564 Millemu
1206 4506 1323 4566 rus-usu.
