3026 5164
420 353 790 449 craxamuxtr'r.
1073 391 1132 451 aas

87 539 263 607 ulteriorem
279 541 456 604 deferendae.
499 539 616 604 Milites
628 541 704 624 jussi
731 543 770 604 ad
793 541 879 624 signa
903 543 1011 604 redire.
1028 525 1134 606 caussa
1146 559 1180 608 tt.
1191 559 1221 610 c.
1234 544 1295 612 sat.
1505 549 1508 690 q

88 629 276 711 ignominiae,
291 630 335 691 uti
362 637 504 690 semestre
519 629 702 711 stipendium
726 630 757 690 in
774 650 842 690 eutn
870 649 982 690 annum
1003 639 1083 691 esset
1106 629 1134 690 ei
1148 626 1287 678 A.c.180.

89 715 215 796 legioni,
231 715 405 776 decretum:
430 716 479 796 qui
493 714 579 777 miles
596 717 635 776 ad
649 716 816 776 exercitum
832 735 894 776 non
910 715 1047 794 redisset,
1064 733 1135 776 eum

91 803 192 884 ipsum
209 801 348 882 bonaque
365 800 427 884 ejus
444 801 571 863 uendere
588 800 692 862 consul
703 800 818 882 jussus.

135 885 235 948 XLII.
256 885 373 948 Eodem
400 907 480 948 arrno
505 884 541 948 L.
556 885 719 964 Duronius,
735 887 786 968 qui
809 900 919 970 praetor
942 907 1023 949 anno
1045 895 1138 970 supc-

92 973 171 1036 riore
201 993 240 1035 eu
265 970 386 1057 Illyrico
412 993 481 1035 cum
505 973 612 1034 decem
638 973 762 1035 navibus
777 971 971 1035 Brundisium
997 975 1138 1051 redierat,

93 1059 178 1138 inde,
194 1060 224 1120 in
240 1069 330 1142 portu
353 1059 465 1121 relictis
480 1059 616 1138 natibus,
631 1080 723 1144 quum
745 1061 878 1121 venisset
900 1059 1042 1138 Romam,
1058 1060 1138 1121 inter

95 1145 291 1227 exponendas
315 1165 372 1222 res,
399 1146 538 1225 quesibi
562 1146 714 1226 gessisset,
745 1146 829 1206 baud
854 1146 945 1207 dubie
973 1147 1005 1207 in
1034 1165 1139 1226 regern

94 1231 264 1314 lllyriorum
280 1228 424 1292 Gentium
447 1231 598 1293 latrocinii
614 1233 712 1293 omnis
734 1232 879 1293 maritimi
895 1251 1032 1293 caussam
1054 1251 1139 1292 aver·

93 1318 144 1380 tit.
166 1317 176 1352 ‘
192 1338 231 1378 ex
246 1337 339 1398 regno
356 1316 421 1398 ejus
436 1337 541 1379 omnes
557 1338 646 1379 naves
662 1339 739 1397 esse,
751 1338 816 1399 quae
832 1318 931 1400 superi
946 1317 1038 1378 maris
1053 1335 1139 1388 oram

92 1402 322 1485 ‘depopulatae
339 1415 450 1465 essent.
468 1403 505 1464 de
532 1404 579 1464 bis
594 1405 682 1466 rebus
708 1415 768 1466 ae¹¹¹
795 1404 913 1484 legatos
937 1403 1066 1480 misisse,
1082 1423 1140 1464 nec

95 1489 319 1550 ‘conveniendi
346 1491 425 1570 regis
448 1499 630 1572 potestatem
653 1488 789 1552 factam?
834 1487 988 1550 Venerant
1008 1488 1140 1550 Romam

95 1576 189 1657 legati
206 1595 224 1635 a
237 1573 360 1654 Gentio,
376 1575 439 1656 qui,
454 1578 537 1658 ‘quo
552 1587 690 1657 tempore
701 1575 834 1638 Romani
847 1575 1045 1637 conveniendi
1061 1574 1140 1654 regis
1195 1592 1213 1610 ·

92 1663 107 1696 ‘
123 1681 230 1723 caussa
243 1662 407 1739 venissent,
422 1681 533 1742 aegrum
549 1661 627 1723 forte
640 1682 709 1724 euna
724 1663 755 1722 in
770 1661 885 1723 ultimis
899 1661 1033 1744 partibus
1049 1659 1142 1722 fuisse

91 1749 108 1782 ⁴
122 1745 218 1829 regni’
235 1747 380 1808 dicerent.
412 1747 423 1782 ‘
439 1745 545 1809 Petere
571 1745 715 1810 Gentium
732 1749 770 1809 ab
786 1758 904 1824 senatu,
925 1769 963 1808 ne
984 1745 1143 1808 crederent

94 1831 262 1896 ‘confictis
279 1834 453 1894 criminibus
475 1833 505 1894 in
522 1855 565 1911 se,
580 1853 645 1916 quae
660 1833 775 1896 inimici
792 1829 994 1896 detulissent!
1038 1831 1143 1892 Ades

95 1918 253 1984 Duronius
281 1917 404 2001 adjecit,
425 1919 530 1982 multis
554 1920 667 1982 civibus
692 1919 838 1982 Romanis
864 1929 896 1982 et
920 1919 1010 1980 sociis
1037 1916 1141 1980 Latini

95 2007 230 2068 nominis
246 2004 369 2088 injurias
385 2005 482 2067 factas
497 2007 528 2067 in
544 2025 639 2087 regno
654 2005 737 2087 ejus;
761 2018 793 2069 et
807 2007 888 2068 cives
908 2003 1065 2067 Romanos
1081 2003 1142 2065 dici

90 2091 236 2177 Corcyrae
262 2092 394 2154 retineri.
437 2090 498 2152 Eos
524 2111 630 2153 ornnes
656 2092 787 2155 Romam
803 2092 912 2154 adduci
933 2091 1069 2174 placuit:
1105 2085 1144 2152 C.

91 2178 261 2241 Claudium
273 2189 433 2261 praetorem
445 2197 629 2258 cognoscere
643 2203 651 2239 r
667 2200 765 2261 neque
777 2191 847 2241 ante
859 2176 972 2240 Gentio
984 2177 1047 2258 regi
1057 2176 1142 2256 lege·

90 2266 172 2328 tisve
190 2263 449 2348 ejusresponsum
465 2264 561 2326 reddi.
606 2262 689 2326 luter
715 2266 826 2327 multos
842 2265 928 2343 alios,
949 2283 1024 2346 quos
1047 2261 1143 2346 pesti·

95 2352 197 2414 lentie
219 2350 283 2432 ejus
309 2351 380 2411 anni
397 2351 554 2428 absumsit,
580 2351 753 2414 sacerdotes
773 2371 892 2432 quoque
918 2350 1035 2431 aliquot
1059 2369 1142 2410 mor·
1155 2363 1290 2414 &curaer

94 2438 144 2500 tui
174 2449 255 2498 sunt.
300 2433 336 2497 1..
359 2433 497 2496 Valerius
521 2435 648 2499 Flaccus
675 2438 814 2519 pontifex
838 2448 976 2499 mortuus
1003 2446 1072 2497 est:
1109 2434 1143 2496 in
1156 2432 1278 2506 ¹¹¹⁰st¹¹ifi

99 2522 165 2605 ejus
191 2520 292 2584 locum
319 2522 473 2583 subfectus
499 2531 544 2583 est
571 2521 609 2592 Q.
634 2521 744 2585 Fabius
769 2522 882 2585 Labeo.
935 2521 969 2585 P.
996 2519 1143 2600 Manlius,
1153 2495 1285 2610 ”ll‘mJ

101 2610 153 2690 qui
175 2627 273 2690 nuper
288 2629 327 2669 ex
341 2608 482 2669 ulteriore
505 2605 655 2692 Hispania
670 2611 813 2690 redierat,
837 2611 865 2650 ⁴³
879 2607 1015 2671 triumvir
1029 2607 1120 2691 epulo
1133 2629 1142 2669 a
1243 2601 1249 2611 ’
1292 2608 1297 2616 “

95 2695 141 2765 Ὀ.
168 2691 291 2755 Fulvius
316 2691 363 2755 M.
387 2691 422 2754 F.
447 2693 479 2754 in
503 2693 604 2756 locum
631 2695 695 2778 ejus
722 2695 858 2758 triumvir
880 2705 1054 2778 cooptatus,
1078 2705 1144 2755 tum
1221 2720 1224 2727 ·

100 2785 334 2862 “pretextatus
359 2788 433 2840 erat.
476 2776 524 2841 De
540 2801 611 2863 rege
628 2783 764 2844 sacrifico
788 2781 974 2844 subficiendo
987 2781 1020 2841 in
1042 2779 1144 2841 locum
1158 2786 1283 2840 cmtenao

102 2865 160 2928 Cn.
175 2865 309 2927 Contelii
335 2862 501 2927 Dolabella
524 2870 682 2930 contentio
698 2869 776 2929 inter
803 2867 838 2928 C.
856 2865 1014 2928 Servilium
1040 2857 1296 2970 ponti-ww·

99 2953 193 3015 ficem
208 2951 374 3011 maximum
400 2949 458 3011 fuit
481 2960 513 3011 et
535 2949 572 3012 L.
588 2950 763 3015 Cornelium
789 2950 982 3014 Dolabellam
1008 2950 1146 3012 duumvi·
1219 2934 1243 2970 ⁰⁸

101 3058 169 3100 nrm
185 3036 344 3113 navalem3
376 3055 478 3116 quem,
493 3047 528 3098 ut
547 3036 749 3119 inauguraret,
765 3038 905 3120 pontifex
926 3040 952 3084 ⁴⁷
964 3037 1148 3118 magistratu

100 3145 169 3186 sese
190 3122 331 3184 abdicare
351 3120 490 3202 jubebat.
514 3125 724 3206 recusantique
751 3124 781 3186 id
809 3124 907 3186 facere
930 3124 970 3185 ob
993 3143 1062 3186 eam
1082 3141 1148 3185 rem

103 3209 202 3273 multa
216 3207 374 3270 duumviro
398 3206 482 3269 dicta
497 3227 516 3268 a
529 3209 673 3290 pontifice
685 3234 696 3288 3
727 3210 825 3292 deque
848 3231 895 3289 ea,
921 3229 1014 3290 quum
1038 3230 1148 3291 provo-

96 3305 214 3373 casset,
239 3303 387 3355 certatum
414 3293 454 3354 sd
481 3295 636 3377 populum.
664 3316 756 3380 quum
782 3297 882 3381 plures
906 3293 973 3377 jam
1003 3297 1029 3334 ⁴⁸
1042 3297 1149 3376 tribus,

100 3381 185 3444 intro
211 3393 336 3458 vocatae,
367 3379 450 3442 dicto
479 3399 545 3441 esse
575 3382 748 3445 audientem
777 3381 914 3467 pontifici
946 3382 1149 3462 duumvirum,

95 3465 265 3548 juberent,
299 3465 485 3550 multamque
511 3468 637 3546 remitti,
652 3469 678 3530 si
699 3461 879 3551 magistratu
902 3489 934 3530 se
957 3468 1150 3548 abdicasset3

103 3557 132 3594 ⁴⁹
142 3553 283 3616 ultimum
299 3552 338 3614 de
352 3552 442 3630 caelo,
469 3553 551 3633 quod
566 3556 694 3618 comitia
714 3557 860 3634 turbaret,
883 3554 1055 3619 intervenit.
1077 3553 1152 3620 reli-

488 3659 507 3686 Ν
517 3668 538 3702 aa
549 3653 597 3702 del.
614 3653 687 3706 Gran.
699 3655 767 3706 Cret.

135 3733 157 3767 ⁴⁵
176 3730 373 3794 Triuumirepulo]
392 3731 506 3782 tidmot
526 3735 563 3786 15.
582 3735 611 3784 trl
641 3735 726 3800 aliquid
744 3737 801 3800 quad
816 3738 904 3786 comitia
922 3737 1028 3786 adera.
1063 3736 1151 3790 Eodem

97 3797 145 3849 bb.
157 3810 255 3846 xxxttr.
267 3815 288 3846 c.
299 3799 340 3846 tt.
351 3813 426 3862 rupte.
641 3803 690 3850 fere
706 3804 777 3850 modo
793 3803 810 3852 1.
826 3815 844 3851 t.
863 3819 885 3852 c.
905 3804 946 3854 47.
966 3801 1110 3866 exposuimus
1125 3804 1154 3852 ab

136 3861 159 3896 ⁴⁶
182 3863 197 3891 ⁴
217 3861 371 3926 Pretertatar]
403 3863 465 3913 Puer
486 3863 610 3914 adantum
642 3869 708 3928 stirpe
725 3869 812 3924 altiora,
831 3881 927 3932 nempe,
954 3867 984 3916 ab
1005 3869 1075 3931 stirpe
1101 3879 1153 3915 tart·

99 3939 180 3988 togam
248 3939 421 3988 erumperent.
644 3948 711 3995 quam
739 3931 814 3995 aliquo
840 3931 950 3996 principio
975 3931 1065 3990 ultimo,
1090 3933 1153 3984 unde

137 3993 160 4031 ⁴⁷
212 3995 322 4057 αὲἰπταειι
341 4008 383 4041 aeta
399 3991 612 4056 abdicarejulttlat]
642 4012 709 4046 onus
733 3997 871 4061 Tarquinius
898 4007 973 4046 totam
994 3998 1084 4046 deinde,
1100 3997 1152 4047 Set.

107 4057 490 4122 odanempenonticebnregem
498 4073 611 4108 merorum
642 4061 718 4110 Tullii
736 4064 806 4112 vitam
823 4063 950 4123 exagitavit.
984 4060 1053 4116 Quod
1072 4073 1151 4112 tutent

100 4123 179 4172 ullum
190 4123 344 4183 magistratum
354 4137 442 4184 gerere.
643 4127 727 4176 dicitur
737 4127 775 4177 bie
785 4127 937 4176 intervenisse
953 4125 983 4175 de
994 4126 1062 4186 eoelo,
1077 4129 1101 4176 id
1112 4127 1149 4176 rel

140 4188 163 4222 ⁴⁸
181 4187 259 4236 Tribus
278 4189 337 4236 intro
356 4186 445 4255 vacate]
470 4187 565 4239 voerta
586 4189 611 4238 itt
642 4192 719 4254 fulgur
737 4193 792 4252 fuit,
812 4193 849 4240 rel
871 4193 964 4240 tonitru
1005 4192 1065 4242 dove
1087 4195 1150 4244 eninr

103 4252 176 4307 arte,
185 4261 212 4298 ut
222 4253 308 4301 ferrent
318 4252 428 4313 suffragia.
642 4268 748 4320 tonante,
759 4259 796 4308 rel
812 4257 951 4318 fulgurante,
965 4259 1057 4308 comitia
1070 4259 1150 4308 haberi

139 4317 161 4354 ⁴⁹
185 4315 293 4365 Ultimum
312 4319 340 4366 de
357 4315 419 4379 ecla]
444 4317 551 4368 Ultimum
573 4319 612 4368 hic
643 4323 782 4373 refaceret.
814 4323 925 4372 Ceterum
943 4339 990 4374 naa
1012 4325 1151 4390 upsmarffla

101 4381 253 4442 innitamur
275 4383 361 4432 dimum
384 4398 425 4446 per
440 4385 611 4449 appositionem.
644 4387 1151 4452 attSigoniiconjectura,loeoraiultt'mam

106 4443 228 4495 intervertit
254 4449 280 4495 da
300 4449 352 4496 coelo
367 4458 475 4510 tauquam
497 4451 610 4514 tatinum,
641 4454 783 4502 emendantia
809 4455 895 4502 uitium.
938 4453 977 4504 Sic
1003 4454 1055 4504 vitio
1081 4455 1150 4506 matti

102 4519 216 4578 tanquam
236 4511 330 4566 ultimus
350 4513 421 4566 totius
447 4515 611 4581 negatinis,
641 4518 783 4584 magistratus
792 4519 979 4590 medicantur.
