3026 5164
395 367 473 426 LlB.
493 367 640 428 XXXIX.
662 367 743 428 CAP.
764 368 831 427 XV.
1083 375 1139 430 411

97 525 200 586 lemne
215 545 336 586 carnten
352 525 546 606 precationis,
568 526 649 607 quod
665 525 791 608 praefari,
807 524 981 608 priusquam
998 526 1144 609 pilpulam
1159 532 1192 582 U·
1203 534 1234 588 ,0.
1244 533 1304 590 556:
1376 500 1380 514 ⁸

97 613 313 696 adloquantur,
328 612 524 693 magistratus
540 612 652 690 solent,
668 613 832 694 peregisset
847 613 963 691 consul,
978 613 1023 676 ita
1034 615 1143 696 cespite
1158 599 1189 650 A.
1199 599 1227 648 ς·
1239 597 1293 648 ¹⁸⁶·

96 699 109 732 ‘
125 698 208 762 Nulli
219 719 364 780 umquam
373 699 525 776 concioni,
537 699 681 778 Quirites,
692 703 771 760 nont
782 701 880 762 solum
891 711 974 783 apta,
986 701 1145 763 sedetiam
1159 695 1242 774 ⁰¹¹2&
1254 695 1311 742 1³oe-

98 786 110 820 ‘
126 786 303 864 necessaria,
319 786 383 848 lraec
398 786 541 848 solemnis
556 784 692 850 Deorum
707 789 915 870 comprecatio
926 787 999 864 fuit3
1016 807 1082 871 qua
1092 760 1302 876 rosffiffi

97 874 110 907 ‘
127 873 314 951 admoneret,
330 874 387 935 hos
402 893 468 934 esse
480 872 573 951 Deos,
595 893 670 954 quos
685 873 795 952 colere,
809 874 956 952 venerari,
971 875 1147 957 precarique
1159 891 1257 942 nunu

98 960 111 993 ‘
128 959 257 1042 majores
272 961 363 1022 uestri
379 960 595 1022 instituissent:
620 979 682 1023 non
695 961 773 1038 illos,
790 961 841 1042 qui
858 963 957 1043 pravis
973 974 1004 1024 et
1015 963 1148 1024 externis

98 1047 109 1080 ‘
127 1047 324 1128 religionibus
334 1057 440 1129 captas
450 1057 579 1123 mentes,
588 1048 671 1110 velut
680 1046 835 1110 irrrialibus
848 1049 990 1127 stimulis,
1005 1049 1045 1110 ad
1055 1059 1148 1112 omne

98 1134 110 1168 ‘
126 1135 223 1196 scelus
238 1146 272 1198 et
287 1134 326 1196 ad
341 1155 464 1196 omnem
480 1134 636 1196 libidinem
652 1150 788 1216 agerent.
824 1133 986 1216 Equidem,
1001 1141 1059 1198 n'ec
1075 1135 1148 1218 quid

99 1222 110 1254 ‘
126 1231 259 1300 taceam,
284 1242 340 1284 nec
356 1233 503 1303 quatenus
519 1221 693 1304 proloquar,
716 1222 852 1284 invenio:
887 1223 912 1284 si
927 1222 1042 1304 allquid
1058 1223 1147 1305 igno·

98 1309 111 1360 ‘·
125 1309 241 1386 rabitis,
263 1329 302 1370 ne
324 1307 423 1372 locum
441 1308 639 1390 neglegentias
656 1308 724 1370 dem
733 1331 743 1385 ς
767 1310 791 1370 si
807 1310 912 1372 omnia
927 1309 1093 1388 nudarero,
1108 1330 1149 1372 ne

98 1395 110 1428 ‘
126 1395 255 1458 nimium
271 1397 392 1458 terroris
407 1395 574 1458 obtundam
588 1396 684 1473 vobis,
711 1417 827 1457 vereor.
855 1394 1004 1477 quidquid
1031 1396 1148 1474 dixero,

98 1481 110 1514 ⁴
127 1484 238 1560 minus,
253 1501 344 1564 quam
361 1502 417 1564 pro
433 1482 593 1545 atrocitate
609 1495 641 1544 et
655 1482 866 1562 magnitudine
882 1483 936 1559 rei,
959 1482 1075 1546 dictum
1089 1483 1149 1544 aci·

100 1570 111 1603 ‘
129 1581 197 1632 tote
211 1589 286 1632 esse.
308 1581 343 1632 ut
358 1570 398 1632 ad
413 1569 581 1632 carendum
597 1569 671 1631 satis
687 1570 738 1647 sit,
761 1567 882 1632 dabitur
896 1589 990 1651 opera
1011 1589 1031 1632 a
1052 1569 1151 1632 nobis.

100 1656 111 1688 ‘
127 1655 337 1719 Bacchanalia
345 1669 414 1720 tota
420 1655 487 1738 jam
500 1657 616 1738 pridem
629 1654 731 1734 ltalia,
740 1667 771 1718 et
783 1676 863 1718 nunc
875 1676 930 1738 per
941 1657 1045 1718 urbem
1057 1657 1151 1718 etiarn

17 1767 21 1774 ·
101 1743 113 1776 ‘
129 1744 233 1806 multis
248 1744 324 1806 locis
340 1765 417 1822 esse,
432 1763 493 1805 non
511 1743 593 1804 fama
607 1743 700 1804 modo
713 1744 867 1825 accepisse
878 1765 943 1820 uos,
957 1742 1013 1804 sed
1024 1743 1151 1825 crepiti·

102 1831 113 1863 ‘
130 1833 188 1893 bus
203 1832 295 1892 etiam
310 1829 534 1911 ululatibusque
550 1831 717 1908 noctuinis,
732 1831 967 1913 quipersonant
982 1841 1048 1892 tota
1066 1830 1154 1905 urbe,¹

102 1918 112 1950 ‘
130 1931 247 1980 certum
260 1919 358 1980 habeo
366 1941 375 1996 3
392 1931 538 1996 ceterum,
554 1937 619 1998 qua
632 1937 670 1979 ea
684 1937 730 1978 res
745 1918 796 1994 sit,
810 1917 961 1999 ignorare.
976 1917 1052 1978 alios
1066 1915 1154 1978 Deo*

103 2005 199 2068 ‘tutu
225 2006 355 2087 aliquem
382 2005 508 2081 cultum,
534 2005 609 2066 alios
636 2025 812 2066 concessum
829 2005 933 2066 ludum
950 2016 981 2066 et
997 2003 1151 2066 lasciviam

103 2091 113 2124 ‘
129 2103 197 2154 esse
209 2093 343 2170 credere,
354 2103 396 2169 et,
409 2091 628 2173 qualecumque
639 2093 690 2170 sit,
706 2091 745 2153 ad
755 2113 868 2174 paucos
878 2093 1037 2174 pertinere.
1060 2090 1151 2162 Quod

102 2179 112 2211 ‘
129 2179 170 2242 ad
186 2179 411 2242 multitudinem
427 2199 531 2240 corum
548 2179 676 2255 adtinet,
692 2178 716 2239 si
733 2179 850 2256 dixero,
872 2179 969 2240 multa
983 2178 1079 2240 millia
1095 2179 1151 2240 bo-

103 2265 115 2298 ‘
132 2267 248 2328 minum
259 2287 335 2342 esse,
350 2267 432 2328 illico
444 2286 568 2328 necesse
581 2278 637 2342 est,
652 2266 881 2344 exterreamini3
906 2266 963 2327 nisi
973 2263 1151 2348 adjunxero,

104 2353 115 2384 ‘
132 2353 184 2435 qui
197 2354 361 2435 qualesque
373 2353 444 2415 sint.
469 2351 602 2414 Primum
615 2353 706 2434 igitur
718 2351 878 2416 mulierum
890 2373 1003 2434 magna
1014 2373 1083 2435 pars
1094 2363 1152 2429 est,

104 2438 114 2472 ‘
131 2450 166 2503 et
181 2443 206 2503 is
221 2440 289 2502 fons
304 2440 376 2502 mali
392 2439 517 2521 hujusce
532 2439 605 2502 fuit:
629 2439 741 2502 deinde
753 2439 899 2502 simillimi
912 2439 1031 2502 feminis
1043 2459 1153 2516 mares,

104 2527 114 2559 ‘
131 2527 262 2611 stuprati
277 2539 310 2590 et
324 2537 582 2609 constupratores,
597 2530 621 2566 ⁸¹
631 2526 756 2588 fanatici
771 2526 893 2608 vigilem
916 2527 998 2604 vino,
1017 2525 1151 2607 strepiti-

104 2615 114 2647 ‘
132 2616 201 2691 bus,
222 2614 467 2694 'clamoribusque
482 2615 636 2676 nocturnis
652 2613 793 2676 adtoniti.
837 2611 945 2676 Nullas
960 2613 1061 2674 adbuc
1075 2613 1154 2675 vires

104 2701 115 2734 ‘
131 2699 313 2783 conjuratio,
328 2712 461 2762 ceterum
476 2701 696 2764 incrementum
713 2701 820 2781 ingens
831 2701 939 2762 virium
952 2701 1054 2776 habet,
1070 2697 1154 2780 quod

104 2789 164 2850 ‘in
190 2789 254 2851 dies
281 2789 379 2870 plures
404 2788 493 2852 fiunt.
538 2785 674 2868 Majores
691 2789 791 2866 vestri,
817 2808 922 2850 nevos
938 2787 1072 2868 quidem,
1094 2785 1153 2848 nisi

104 2877 261 2957 ‘,⁶’qoum
277 2889 341 2954 aut,
355 2875 465 2937 uexillo
477 2874 508 2936 in
524 2896 593 2936 arce
610 2875 721 2956 posito,
736 2875 930 2936 comitiorum
943 2893 1051 2936 caussa
1065 2894 1154 2936 exer-

106 2963 117 2995 ‘
134 2963 214 3026 citus
229 2961 359 3026 eductus
372 2972 461 3040 esset,
478 2965 504 3000 ⁰³
516 2971 567 3024 aut
584 2961 664 3043 plebi
676 2961 840 3023 concilium
852 2961 965 3023 tribuni
977 2960 1155 3038 edixissent,

461 3064 522 3110 'tum
530 3079 574 3110 run
586 3061 660 3110 Gran.
671 3059 739 3110 Cres.
750 3061 809 3125 Rup.

105 3145 182 3196 menie
204 3146 345 3204 colebantur,
362 3157 417 3210 puta
432 3145 522 3203 lovem,
540 3143 615 3191 luno·
647 3143 715 3190 tous
734 3159 760 3189 ee
778 3143 890 3202 irrepruulro
910 3139 986 3188 arm
1006 3139 1157 3196 admiratur.

106 3228 172 3268 nem,
190 3212 330 3269 Minervam,
346 3225 393 3260 etc.
412 3222 477 3276 petet
487 3227 514 3258 ex
527 3211 553 3258 iis
564 3227 615 3272 quae
646 3207 820 3268 Ianiculumque
829 3214 966 3267 occuparent,
976 3213 1101 3252 statuerunt
1110 3220 1155 3252 mu

106 3279 286 3336 sequunturbic
299 3278 435 3325 irroratione
447 3276 575 3324 consulum.
647 3287 717 3320 omues
733 3273 799 3319 rtmrrl
817 3273 850 3320 ira
869 3275 894 3318 in
911 3267 1037 3334 apli-ugit:
1062 3269 1099 3314 ted
1121 3272 1154 3318 itu

139 3341 160 3376 ⁶¹
175 3341 277 3392 Farratici
288 3339 616 3407 agimnegtmuusanuuct,
646 3353 692 3385 rem
711 3339 770 3386 iuter
786 3351 807 3384 ee
832 3337 923 3397 partiri,
939 3341 975 3392 nt,
994 3336 1047 3380 dum
1067 3333 1108 3380 atti
1129 3338 1154 3384 ia

106 3411 199 3471 sigiliis,
219 3411 302 3460 utu..
319 3410 418 3456 attoniti.
434 3408 616 3454 *Attonitoeen
649 3401 757 3466 tuffiugiu
782 3405 850 3458 irent,
879 3401 921 3448 clii
946 3401 1027 3448 annoti
1056 3400 1155 3448 unum

105 3482 157 3522 tem
166 3489 255 3539 expone
264 3476 292 3522 de
301 3474 439 3536 possessione
449 3472 617 3521 mentisdetur-
649 3477 738 3531 agerem
755 3469 779 3515 in
795 3467 908 3516 laniculo.
942 3463 1011 3512 Hunc
1028 3467 1098 3528 igitur
1120 3466 1152 3512 lo-

106 3535 616 3603 betos,trnquampropiorefulmineadflatos.
650 3549 701 3580 cum
738 3533 891 3587 crustuliebonn
925 3531 1030 3592 quandlu
1066 3529 1153 3578 comitia

140 3602 270 3658 florum.
289 3637 296 3653 .
313 3637 320 3652 .
337 3606 414 3652 uerillo
434 3607 464 3650 in'
480 3618 530 3650 uree
549 3603 615 3662 potito
646 3599 766 3646 uurureur:
786 3611 854 3660 quum
874 3601 948 3644 aretem
969 3595 1068 3644 arendo
1089 3603 1153 3642 eraut

105 3671 245 3717 comitiorum
266 3685 333 3718 ortua
349 3671 455 3716 ermitut
472 3669 564 3716 eductus
580 3681 613 3713 ee·
646 3665 741 3720 comitia,
760 3663 862 3712 satillum
886 3680 901 3710 a
926 3658 1031 3708 Jonicrrlo
1057 3675 1151 3708 remote·

106 3735 151 3796 set]
178 3735 349 3783 Describuntur
366 3734 457 3782 comitia
478 3733 614 3781 centuriata.
646 3729 720 3785 batur,
746 3730 880 3789 custodesque
910 3725 1055 3776 discedebant.
1100 3722 1151 3773 Non

108 3793 138 3845 ln
152 3799 178 3846 iis
190 3801 307 3848 dicebatur
317 3803 422 3847 exerciirn
438 3797 552 3861 imperari,
560 3797 613 3862 quia
646 3793 721 3841 lioebut
738 3803 821 3852 certem,
848 3791 970 3839 crrnodibrn
989 3791 1017 3836 ub
1037 3789 1079 3837 illa
1100 3806 1151 3838 arte

107 3864 153 3910 rub
171 3867 247 3926 signis,
262 3879 288 3914 et
304 3865 331 3913 ils
349 3865 416 3913 armis
427 3866 543 3924 instructi,
564 3879 614 3926 qure
645 3860 738 3915 retentis,
758 3859 876 3920 pridquom
896 3857 990 3915 orupliur
1009 3869 1081 3918 egere.
1114 3855 1149 3902 Et

107 3931 268 3993 cuiqueclmi
287 3945 351 3978 erunt
369 3946 409 3994 per
429 3931 533 3977 servium
553 3928 613 3975 Tul.
645 3922 776 3970 hisDion'rs
798 3923 872 3970 uerbis
895 3932 958 3985 putet
976 3936 1049 3968 urcem
1068 3920 1092 3968 in
1107 3920 1150 3969 hoc

108 3996 166 4042 lium
187 4008 302 4046 auctorem
320 3997 475 4044 centuriarum
497 3995 614 4054 assignata,
645 4003 722 4036 nostro
735 3989 793 4038 Livii
802 3989 853 4036 loco
864 4003 912 4034 eree
925 3983 1063 4033 ianiculum.

109 4062 285 4110 conveniebant.
325 4060 424 4110 Eduntur
445 4060 526 4108 dicitur
548 4074 613 4106 exer·
679 4053 760 4103 “Mur
776 4053 833 4114 plebi
854 4049 981 4111 concilirrm]
1013 4049 1105 4113 Proprie
1125 4061 1150 4097 et

109 4127 180 4184 citus,
206 4129 259 4192 quia
287 4139 350 4174 extra
377 4128 457 4174 urbem
481 4127 504 4173 in
527 4125 614 4187 Campo
647 4119 744 4179 signate.
776 4119 800 4166 lt
819 4117 880 4166 enim
902 4117 940 4178 qui
961 4132 1005 4163 uon
1021 4119 1150 4192 Ιιιιιίυσνειυη

108 4193 198 4240 Martio
210 4194 246 4240 illa
257 4191 350 4242 comitia
361 4193 510 4240 habebantur.
545 4189 613 4236 Quod
644 4187 758 4246 apulum,
780 4185 818 4230 red
841 4179 1026 4258 purtem'popnlr
1053 4181 1150 4256 aliquam

109 4259 138 4308 ad
150 4257 257 4308 vexillum
268 4258 359 4314 attinet,
374 4273 422 4308 rem
434 4260 479 4306 boc
491 4258 557 4304 modo
575 4269 614 4302 ex·
646 4250 794 4309 udeuejubet,
810 4265 853 4296 nou
868 4247 1011 4302 caramuel
1033 4245 1151 4308 concrlurot

110 4327 175 4390 ponit
204 4323 259 4382 Dio,
283 4325 298 4370 l.
325 4334 429 4372 xuxrn.
468 4319 543 4374 Qururr
563 4320 615 4368 olim
646 4315 728 4363 edicere
741 4315 807 4362 debet.
825 4311 917 4359 'llrr'bnui
933 4323 1007 4357 autern
1023 4311 1150 4385 nequead-

107 4391 191 4440 aetldui
207 4407 220 4440 a
234 4387 340 4452 finitimis
353 4388 437 4450 populis
455 4393 546 4434 terrores
565 4383 612 4432 llon
647 4391 722 4428 rurant
740 4380 852 4441 patricios,
880 4390 947 4439 neque
967 4375 997 4421 od
1015 4390 1047 4424 eor
1067 4379 1151 4439 rpem

107 4470 166 4502 mom
186 4456 359 4511 circumstarent,
379 4454 443 4501 ceriti
465 4449 559 4500 Romani
580 4466 616 4506 ue,
647 4447 674 4494 de
690 4445 738 4494 sula
753 4460 778 4492 re
794 4450 889 4508 potrum.
922 4437 1026 4490 moult.
1043 4439 1115 4490 bxv.
1128 4455 1151 4489 c.

108 4521 162 4570 dum
180 4521 223 4584 ipsi
244 4520 330 4568 comitia
350 4521 474 4568 enuntiata
503 4515 612 4577 luberent,
644 4511 683 4562 27.
