3068 5186
387 355 466 416 ΗΒ.
478 355 654 416 xxxvnt
675 356 755 416 cAP.
770 355 840 416 LX.
1083 362 1145 420 395

92 507 270 572 ‘comeus
284 511 384 592 mags,
398 491 647 592 ramim‘quam
662 512 729 573 mu
750 510 909 590 mm,
934 511 999 574 rore
1021 513 1191 580 mss-u.
1204 526 1303 586 ote.

92 593 276 658 ‘cendum'
1155 597 1228 650 Δια
1240 599 1297 651 18⁷·

137 680 211 744 LX.
231 682 383 744 Adversus
397 703 434 745 ea
450 681 612 746 Terentius
632 696 742 765 praetor
766 684 954 766 rogationem
980 681 1145 763 Petillium,
1393 673 1394 678 ἵ

94 780 128 831 et
148 770 458 847 sensusconsutum,
482 783 513 830 et
529 769 677 850 judicium
701 769 739 831 de
753 768 790 832 L.
806 767 951 852 Scipione
964 770 1081 833 fectum
1094 791 1144 832 re-

95 855 224 932 novin
259 877 302 934 se,
326 856 357 916 ni
381 855 526 917 referetur
545 857 675 938 pecunia
688 857 719 917 in
735 857 902 938 pubiicum,
928 877 995 938 quoe
1005 856 1146 939 judicato
1209 908 1214 917 .

94 941 149 1016 sit,
175 942 253 1003 nihil
272 942 394 1020 habere,
418 943 501 1022 quod
525 941 629 1018 sociat,
654 943 712 1003 nisi
727 953 770 1004 ut
791 942 939 1024 prehendi
953 943 1144 1022 damnatum,

95 1027 179 1088 etin
195 1028 317 1090 vincula
337 1027 406 1088 duci
425 1028 544 1110 jubeat.
586 1025 713 1091 Tribuni
736 1049 829 1110 quum
853 1030 885 1090 in
907 1030 1069 1090 consilium
1093 1050 1143 1090 se-

94 1114 275 1192 cessissent,
307 1114 409 1196 paullo
440 1125 510 1196 post
537 1113 572 1175 C.
597 1113 728 1178 Fannius
754 1135 793 1176 ex
818 1136 873 1176 sus
898 1115 1144 1197 collegarumque

96 1201 242 1277 aliorum,
258 1211 363 1282 praeter
383 1199 566 1276 Gracchum,
590 1201 742 1262 sententio
763 1201 986 1283 pronunciavit,
1001 1200 1142 1284 ‘praetori

94 1287 188 1348 ‘non
213 1287 399 1362 intercedere
414 1287 562 1364 tribunos,
585 1307 644 1366 quo
661 1288 759 1348 minus
774 1307 828 1346 sua
844 1295 998 1368 potestate
1017 1284 1143 1350 utatur-⁹

94 1369 148 1433 Ti.
164 1371 324 1436 Gracchus
340 1373 384 1434 ita
395 1372 543 1434 decrevit:
567 1373 658 1442 ‘Quo
670 1373 768 1433 minus
779 1393 818 1434 ex
829 1374 917 1433 bonis
929 1371 966 1434 L.
978 1371 1141 1454 Scipionis,
1154 1386 1274 1438 Gracchis

97 1459 108 1490 ‘
123 1459 211 1538 quod
219 1458 392 1540 judicatum
402 1459 451 1536 sit,
467 1459 628 1540 redigatur,
643 1478 675 1519 se
687 1479 747 1518 non
757 1459 944 1520 intercedere
953 1459 1084 1541 pretori.
1105 1457 1141 1524 L·
1153 1452 1215 1530 ΡΜ
1225 1467 1280 1502 “¹¹¹¹

97 1545 110 1577 ‘
127 1543 306 1628 Scipionem
325 1544 388 1626 (qui
404 1566 503 1626 regem
526 1545 785 1626 opulentissimum
801 1545 881 1605 orbis
896 1556 1043 1606 terrerum
1058 1535 1161 1606 deri-¹

97 1631 216 1708 ‘cerit,
230 1632 398 1713 ,imperium
426 1632 529 1714 populi
558 1629 688 1692 Romani
716 1630 928 1712 propagaverit
960 1631 994 1692 in
1018 1631 1144 1692 ultimos

99 1717 276 1778 ‘terrarum
291 1718 377 1794 fines,
399 1737 501 1798 regem
517 1716 695 1792 Eumenem,
718 1716 866 1793 Rhodios,
888 1717 963 1778 alias
985 1727 1033 1780 tot
1054 1717 1146 1777 urbes

97 1803 212 1864 ‘Asiae
234 1803 402 1865 deiinxerit
428 1803 531 1885 populi
554 1803 683 1867 Romani
704 1802 868 1879 beneficiis,
892 1803 1038 1885 plurimos
1053 1803 1147 1864 duces

100 1889 265 1951 ‘hostium
291 1891 321 1950 in
347 1891 499 1972 triumpho
522 1889 629 1951 ductos
652 1909 772 1950 carcere
794 1888 959 1969 incluserit)
984 1910 1048 1950 non
1075 1910 1146 1972 pes-

100 1975 234 2036 ‘surum
261 1977 371 2038 ¹⁷i1tter
397 1976 497 2036 hostes
528 1975 631 2058 popuii
666 1973 797 2035 Romani
826 1972 864 2035 L.
891 1975 1088 2058 Scipiouem¹¹
1113 1975 1147 2037 in

101 2061 112 2094 ‘
128 2081 253 2123 carcere
269 2062 346 2125 etin
359 2062 486 2124 vinculis
502 2083 577 2139 esse,
594 2061 733 2141 mittique
750 2081 819 2121 eum
834 2081 867 2123 se
878 2059 1006 2142 jubere!
1041 2060 1148 2123 Tanto

103 2147 237 2210 adsensu
253 2149 389 2210 auditum
405 2160 451 2209 est
462 2148 628 2224 decretum,
645 2147 721 2218 adeo
737 2147 894 2208 dimissum
909 2145 944 2208 L.
968 2145 1147 2229 Scipionem

102 2234 165 2295 laeti
183 2235 323 2296 homines
338 2233 488 2311 viderunt,
501 2249 536 2296 ut
547 2235 597 2294 vix
612 2233 643 2294 in
659 2233 765 2293 eadem
774 2232 903 2298 ,civitate
916 2233 1065 2296 videretur
1079 2234 1146 2294 fac-

105 2332 173 2381 tum
194 2319 356 2401 judicium.
402 2318 473 2381 18Ιιι
498 2321 578 2382 bono
601 2319 711 2380 deinde
737 2317 773 2380 L.
799 2317 950 2400 Scipionis
973 2340 1147 2402 possessum

104 2406 231 2488 publice
246 2419 405 2486 quaestores
420 2421 529 2488 praetor
544 2405 635 2467 misit.
659 2425 757 2485 neque
772 2405 803 2467 in
825 2404 861 2466 iis
883 2426 947 2468 non
968 2406 1062 2468 modo
1079 2427 1149 2466 ves·

104 2492 217 2572 tigium
234 2493 327 2556 ullum
343 2494 513 2574 comparuit
529 2491 662 2575 pecunie
677 2491 774 2571 regie,
796 2492 850 2551 sed
871 2511 1061 2576 nequequam
1076 2495 1158 2552 tan-¹

105 2589 173 2640 tum
190 2579 347 2640 redactum
363 2589 419 2656 est,
435 2590 554 2660 quantae
568 2597 692 2638 summae
706 2577 866 2638 damnatus
881 2576 990 2639 fuerat.
1016 2575 1150 2639 Conlm

103 2665 237 2746 pecunia
249 2685 268 2725 a
278 2665 415 2746 cognatis
427 2665 592 2745 amicisque
604 2675 635 2723 et
649 2661 808 2723 clientibus
824 2672 871 2722 est
887 2659 924 2724 L.
934 2661 1088 2745 Scipioni}
1101 2673 1148 2740 ut,

105 2751 131 2811 si
147 2751 303 2832 acciperet
316 2771 394 2826 eum,
417 2750 596 2830 locupietior
608 2749 766 2828 ,aliquanto
781 2758 870 2824 esset,
894 2770 985 2830 quom
1000 2761 1072 2811 unte
1093 2771 1148 2810 cs-

106 2837 281 2898 lamitatem
297 2837 404 2898 fueret.
448 2834 532 2896 Nihil
548 2835 675 2916 accepit,
699 2855 763 2914 quse
779 2836 950 2896 necessarie
970 2836 1010 2897 sd
1031 2834 1150 2897 cultum

105 2934 204 3001 erant,
229 2923 397 2984 ¹⁹redemta
411 2922 438 2984 ei
462 2942 481 2982 a
503 2921 649 3004 proximis
664 2920 801 3004 cognatis
823 2931 905 2982 sunt.
949 2918 1150 3001 Verterutque

108 3007 287 3091 Scipionum
302 3009 415 3070 invidia
430 3009 461 3069 in
476 3017 643 3090 praetorem,
664 3009 692 3044 ²⁰
700 3019 732 3069 et
747 3006 908 3068 consilium
921 3006 998 3088 ejus,
1011 3021 1043 3070 et
1058 3027 1151 3068 accu-

108 3107 236 3158 setores.

328 3225 341 3251 ¹¹
355 3215 388 3266 t.
396 3216 513 3280 Scipionem
523 3217 568 3265 del.
579 3219 647 3266 erev.
679 3216 768 3264 uncinis
777 3217 859 3265 incius.
870 3215 939 3281 Eup.

143 3352 164 3389 ¹⁷
181 3349 323 3399 litteriones
337 3349 412 3410 populi
430 3346 533 3408 Romani]
561 3347 615 3396 Post
648 3348 737 3394 vendita
748 3363 796 3396 ene
807 3365 833 3397 ea
849 3349 926 3396 omnis
943 3365 997 3412 qun
1013 3347 1045 3398 L.
1062 3347 1153 3412 Scipio-

110 3417 268 3465 herverius
285 3417 344 3462 main
361 3428 430 3460 maon
448 3428 524 3460 rursus
542 3413 615 3459 inser·
648 3413 683 3459 nir
700 3425 775 3474 erant,
792 3426 818 3461 ut
829 3415 923 3477 petuma
935 3429 964 3462 ex
976 3415 1010 3462 cis
1026 3415 1152 3462 redsctsin

112 3493 159 3530 turn
173 3494 222 3528 eret
235 3479 408 3540 L.Scipionem:
431 3481 490 3540 quod
508 3494 578 3540 quum
591 3490 616 3525 et
648 3477 753 3524 oemrium
774 3479 912 3526 inferretur:
939 3480 966 3528 sd
987 3479 1050 3526 iiiam
1071 3491 1152 3528 sutem

113 3562 201 3604 seusu,
213 3557 238 3593 et
250 3547 296 3592 duo
306 3545 392 3607 scripti,
407 3543 616 3590 unussGronovio
648 3543 803 3590 rettditionem
832 3544 953 3593 occonis„
983 3543 1095 3608 prosim
1123 3543 1153 3592 1.

113 3623 260 3668 memoratis,
277 3609 335 3657 niter
352 3609 417 3656 vict.
435 3621 523 3670 noster,
547 3623 616 3672 repu·
647 3608 758 3672 Scipionis
772 3623 886 3670 cognatos,
900 3621 925 3657 st
943 3626 970 3658 es
986 3627 1038 3673 quoe
1052 3611 1153 3658 muns

112 3674 488 3732 diemreseomdumcensuimus.
648 3673 769 3720 necessarii
791 3691 847 3722 usus
875 3687 941 3723 erant
966 3675 1097 3732 redemisse,
1123 3689 1153 3722 ιο

143 3739 618 3803 ²⁸·tutm11mtpoetorquutom
644 3738 750 3802 chnurn
762 3739 891 3788 restuinus.

110 3805 262 3854 hinnit.
284 3803 618 3869 sspmsjuspomiooh
680 3803 704 3837 ⁹⁰
728 3802 971 3868 Eteonsiiirtrodus]
1007 3804 1040 3852 Et
1064 3801 1156 3866 judice

112 3869 559 3998 ”summissum
584 3945 619 3982 ,ι
650 3869 764 3982 nm
784 3885 813 3918 ‘⁰
833 3869 862 3919 ¹·
882 3869 1013 3964 s...
1031 3871 1156 3918 “m
