3038 5200
557 663 615 765 T.
654 658 828 764 LIVII
879 655 1222 762 PATAVINI

676 917 868 994 LIBER
918 913 1105 1044 xnxtV.

201 1405 343 1458 ibe-⁵⁵⁷·
413 1397 544 1466 INTER
558 1401 707 1466 beliorum
733 1419 925 1484 magnorum,
951 1411 1005 1462 aut
1026 1399 1152 1475 vixdum
1173 1396 1341 1476 finitonrm,
1364 1411 1420 1460 aut
1515 1393 1517 1404 '

201 1473 341 1590 affl&
369 1487 594 1567 inminentium,
620 1507 707 1550 curas
721 1486 892 1550 intercessit
906 1506 953 1548 res
968 1505 1062 1568 parva
1083 1482 1180 1563 dictu,
1199 1484 1255 1546 sed
1270 1504 1337 1566 quae
1352 1496 1417 1546 sm.

204 1601 351 1665 maerere
369 1575 427 1638 diis
452 1576 484 1638 in
510 1595 656 1658 magnum
680 1583 834 1636 certarnen
858 1573 1031 1636 excesserit.
1075 1569 1123 1633 M.
1138 1567 1317 1634 Fundanius
1332 1583 1365 1633 et
1378 1568 1415 1634 L.

205 1668 287 1736 Orno
367 1655 508 1725 Valerius
534 1660 647 1724 tribuni
670 1659 770 1743 plebei
796 1659 836 1721 ad
860 1657 981 1742 plebem
1007 1658 1141 1721 tulerunt
1164 1658 1203 1721 de
1217 1655 1322 1740 Oppia
1347 1657 1417 1739 lege

368 1749 443 1812 abro
505 1747 554 1810 da.
595 1745 724 1810 Tulerat
738 1767 806 1808 earn
821 1743 858 1807 C.
873 1743 991 1828 Oppius
1006 1745 1144 1806 tribunus
1159 1742 1269 1827 plebis,
1284 1741 1414 1814 1Μει-

366 1835 432 1912 bio,
476 1855 495 1897 ι.
508 1829 689 1916 Sempronio
704 1831 889 1909 consulibus,
913 1832 946 1892 in
969 1831 1072 1894 medio
1087 1829 1194 1892 ardore
1210 1827 1317 1892 Punici
1332 1828 1417 1909 betti,

366 1921 381 1954 ‘
394 1917 465 1984 ’Ne
479 1939 540 2004 qua
555 1917 663 1980 mulier
682 1919 749 2003 plus
770 1917 956 1980 semunciam
966 1927 980 1956 ⁸
994 1917 1058 1980 auri
1073 1916 1221 1980 haberet:
1244 1936 1302 1979 neu
1316 1917 1414 1978 vesti·

367 2007 379 2040 ‘
394 2016 499 2070 mento
513 2005 685 2068 versicolori
706 2015 862 2067 uteretur:
885 2024 945 2066 neu
965 2006 979 2044 ³
983 2003 1093 2086 juncto
1112 2001 1253 2066 vehiculo
1268 2002 1322 2064 ⁴in
1336 2003 1416 2066 urbe

367 2092 380 2125 ‘
392 2090 556 2176 oppidove,
565 2101 618 2154 aut
632 2091 756 2174 propios
771 2089 843 2152 inde
855 2087 938 2152 mille
949 2111 1066 2173 passus,
1076 2087 1135 2152 nisi
1146 2109 1301 2152 sacrorum
1312 2089 1415 2170 publi·

368 2177 500 2242 ‘corum
515 2193 632 2254 caussa,
647 2173 826 2240 veheretur!
870 2173 917 2238 M.
932 2189 965 2240 et
980 2175 1014 2238 P.
1023 2173 1110 2238 Junii
1119 2171 1207 2238 Bnrti
1223 2176 1334 2238 tribuni
1344 2176 1413 2260 ple·

365 2261 414 2327 bis
428 2263 528 2346 legem
543 2259 678 2346 Oppiam
697 2264 872 2340 tuebantur,
892 2282 1034 2325 neceam
1056 2283 1090 2325 se
1110 2261 1251 2344 abrogari
1269 2282 1415 2344 passuros

368 2350 502 2414 aiebant.
532 2348 583 2412 Ad
598 2350 787 2413 suadendum
803 2347 1096 2430 dissuadendumque
1111 2348 1199 2410 multi
1214 2347 1331 2410 nobiles
1340 2368 1414 2430 pro·

369 2435 487 2500 dibeat.
541 2433 728 2516 Capitolium
755 2437 845 2503 turba
866 2435 1024 2498 hominurn
1055 2435 1221 2498 faventium
1251 2435 1413 2497 adversan-

368 2521 506 2602 tiumque
532 2520 593 2602 legi
619 2520 838 2604 complebatur.
890 2519 1042 2585 Matronae
1067 2519 1152 2584 nulla
1175 2543 1231 2584 nec
1256 2519 1415 2584 '’auctori-

368 2617 447 2684 tate,
470 2626 528 2669 nec
546 2605 738 2684 verecundia,
763 2628 819 2670 nec
846 2605 1120 2690 imperiorirorum
1143 2607 1292 2671 contineri
1308 2607 1416 2670 limine

368 2703 534 2776 poterant:
559 2711 665 2756 omnes
678 2692 742 2754 vias
766 2692 848 2756 urbis
867 2693 1026 2776 aditusque
1050 2693 1082 2756 in
1106 2693 1202 2756 iorum
1216 2692 1419 2774 obsidebant,

369 2776 449 2840 viros
464 2776 682 2842 descendentes
705 2779 745 2840 ad
767 2779 865 2842 sorum
892 2791 1025 2859 orantes,
1050 2790 1094 2859 nt,
1109 2778 1229 2842 florente
1243 2777 1419 2862 republica,

370 2873 526 2928 crescente
549 2863 581 2925 in
605 2863 669 2928 dies
691 2865 811 2950 privata
824 2867 961 2930 omnium
976 2867 1108 2945 fortune,
1131 2864 1275 2928 matronis
1290 2883 1332 2946 qu
1372 2883 1416 2937 ue

369 2948 531 3031 pristinum
555 2961 696 3014 ornatum
723 2949 809 3013 reddi
833 2963 1020 3034 paterentur.
1062 2952 1237 3034 Augebatur
1261 2883 1415 3014 becobe-

740 3110 753 3137 ⁸
768 3106 877 3154 muncia
887 3105 962 3156 Gron.
974 3105 1043 3157 Crev.

404 3231 414 3266 ¹
431 3225 460 3285 Q·
471 3229 547 3290 Fabio,
558 3231 594 3282 Τι’.
601 3230 728 3294 ’δαψιαιὶιι
744 3233 877 3297 comtibus]
908 3246 948 3284 tur
958 3235 1037 3284 Lirim
1053 3235 1078 3284 in
1091 3244 1143 3286 toto
1158 3237 1206 3285 iton
1222 3237 1316 3298 ιιοςαὶο
1332 3234 1415 3284 verni

367 3295 708 3362 nemmem
719 3295 878 3364 fuir,ptmom
908 3300 1126 3366 illiujurispernm
1142 3301 1319 3350 meminim-

370 3360 877 3424 uQFnbmiboConetmitmm
939 3365 1062 3428 'Neque
1079 3369 1161 3416 nuder
1179 3367 1233 3428 piu
1252 3367 1413 3414 mundae*

372 3439 428 3476 ou
447 3425 571 3488 Urbi»,
585 3428 735 3478 emerant·
750 3427 808 3478 Τὼ.
839 3428 878 3480 tr
908 3429 941 3491 rr]
971 3429 1139 3480 Amotwimu
1163 3431 1192 3480 nd
1213 3429 1322 3480 txxur.
1343 3429 1414 3479 add.

374 3483 709 3539 transcensurum
768 3493 784 3541 ii
795 3506 877 3541 consu·
909 3495 957 3542 hoe
1094 3497 1112 3544 ir
1238 3503 1282 3543 eut

374 3554 460 3601 intiba·
469 3555 510 3602 lex
575 3555 600 3602 io
616 3556 697 3603 reterri
707 3507 797 3614 diffie,
813 3556 880 3604 dubi·
910 3497 1120 3620 minenrre'rtvaiiim,
1130 3495 1415 3624 moesiorum&

373 3619 422 3666 reri
439 3628 523 3679 potest.
579 3633 606 3666 eo
622 3620 721 3669 multum
739 3635 793 3670 nne
808 3620 881 3670 inter·
911 3623 1063 3674 viridesisss.

380 3693 435 3758 est..
463 3681 586 3742 Ceterum,
608 3685 666 3746 quod
687 3685 715 3733 sd
736 3701 786 3736 rem
805 3685 877 3750 ipsam
899 3673 908 3698 '
940 3687 1051 3737 Ueneto
1075 3687 1183 3752 nardulo]
1213 3687 1331 3738 vehiculo
1356 3688 1415 3750 qood

376 3755 487 3812 pertinet,
518 3747 681 3796 mnndum
706 3761 743 3799 est
769 3753 879 3800 metronis
911 3753 996 3800 'unctis
1010 3754 1123 3819 Jurnentir
1138 3763 1253 3815 ageretur.
1287 3754 1327 3801 Sic
1337 3753 1415 3814 Virgi-

376 3811 432 3889 oiim
443 3827 577 3862 amoenum
587 3813 665 3870 fuisse,
680 3825 824 3864 memoresto
839 3817 877 3864 Li·
906 3769 963 3877 iius,
981 3817 1044 3868 bre.
1065 3818 1251 3880 Gedranddb.
1291 3815 1417 3880 arpano

376 3892 423 3936 vro,
432 3891 500 3942 rupte
510 3878 527 3927 1.
538 3889 562 3928 v.
573 3893 596 3926 c.
606 3879 646 3927 25.
663 3887 690 3926 ut
705 3883 812 3941 commis
818 3880 879 3946 serto
909 3881 1009 3943 bipedum
1018 3899 1089 3931 cum
1097 3887 1188 3932 metitur
1196 3897 1310 3944 quorun.

373 3941 880 4008 prq'utnpueutemturrcujurvetustijurir
942 3946 954 3979 ⁴
972 3945 987 3973 ⁹
1000 3944 1030 3994 In
1045 3948 1099 3996 urbe
1113 3947 1224 4011 oppidoue]
1241 3947 1295 3996 Sive
1315 3948 1339 3994 in
1358 3946 1416 3994 orbe

375 4005 461 4055 mirum
477 4016 514 4055 est
524 4005 611 4055 nullam
621 4009 763 4058 mentionem
779 4010 836 4058 inin
855 4012 879 4059 in
911 4007 994 4068 Rome,
1010 4012 1058 4060 sive
1076 4011 1100 4060 in
1120 4027 1262 4076 quocumque
1281 4012 1364 4076 oppido
1380 4010 1416 4059 ci·

375 4069 520 4121 tribrmorurn
537 4071 677 4122 emtionibus
693 4074 750 4122 fieri.
789 4075 880 4124 Sedet
910 4074 972 4124 vium
982 4075 1147 4126 Romanorum.
1180 4077 1315 4127 Hoecenirn
1329 4077 1415 4124 lenas-

377 4137 439 4185 cero
458 4137 526 4196 infre,
546 4153 568 4188 c.
588 4139 613 4188 3.
634 4140 732 4201 engitn
759 4140 879 4188 mnodum
909 4139 943 4188 lu
971 4141 1078 4191 mulieres
1099 4143 1225 4206 umam,
1245 4157 1292 4190 ιιοιι
1316 4141 1421 4198 [atha.

376 4198 486 4250 invidiose
516 4203 691 4267 poetnlatiooem
718 4215 882 4262 matronarum,
909 4207 1032 4268 metat,
1049 4219 1076 4256 ut
1085 4207 1172 4272 patebit
1188 4205 1417 4257 exorationetribn·

377 4271 406 4312 at
417 4263 461 4312 rbi
470 4267 582 4331 carpentii
591 4267 658 4317 festio
667 4269 818 4334 penuque
829 4271 878 4318 die·
909 4284 1001 4320 norum.

375 4325 422 4376 bus
432 4329 467 4376 uti
476 4328 572 4380 liceret:
584 4333 644 4396 quod
654 4334 700 4382 illie
709 4333 802 4383 honoris
813 4351 879 4384 murt
942 4335 953 4368 ⁵
969 4336 985 4365 ⁸
995 4335 1145 4401 Auctoritate]
1160 4337 1355 4401 Propinquorum,
1363 4333 1419 4382 stio-

377 4403 459 4468 tema
475 4392 542 4455 longo
560 4407 663 4460 tempore
679 4399 756 4447 ἀιιιιιιι
776 4411 836 4456 erat.
856 4412 881 4449 et
911 4414 991 4450 rumve
1011 4416 1108 4464 quorum
1128 4403 1227 4450 consiliis
1249 4401 1344 4464 obsequi
1363 4413 1419 4446 mn·
1460 4401 1467 4410 “

376 4457 454 4526 Oppia
467 4458 560 4511 demun
569 4461 619 4523 lege
637 4462 778 4528 abrogetur.
810 4464 882 4516 Vide·
911 4465 979 4516 lieres
988 4466 1089 4519 deceret.
1122 4466 1388 4520 unaminiter.
