3026 5164
361 289 420 350 trs
571 363 574 368 ‚
704 283 984 348 ·n1n1mvu

169 449 171 454 ’
191 453 227 506 υ.
239 455 268 510 e.
277 445 343 509 ttti‘
360 439 661 527 ‘tacomsttaespes
670 443 910 527 incertae,pster,
919 443 1044 506 sednon
1053 441 1160 504 inanes
1171 449 1255 502 sunt.
1267 437 1398 504 itsenirn
1490 467 1491 480 ¹

191 525 222 572 A.
234 521 263 576 ⁰·
277 523 331 576 ¹⁸²·
359 533 370 568 ‘
384 553 417 595 se
429 555 476 594 res
491 531 599 594 habet:
618 529 785 613 periculum
796 532 864 593 vitae
872 530 1040 614 propellere
1052 550 1130 591 ame
1141 541 1242 611 potes,
1251 527 1400 610 puniendo

358 620 448 698 ‘eos,
459 619 511 702 qui
526 617 624 680 adme
636 617 878 680 interficiendum
896 618 1007 680 sermm
1029 627 1201 680 sumserunt
1214 638 1223 677 ε
1240 615 1268 676 si
1279 613 1402 676 facinori
1490 635 1491 638 ¹

357 705 369 742 ‘
381 705 814 783 eorumsuccesseritmortem
821 725 920 767 meam
928 705 1011 766 idem
1018 717 1051 768 tu
1058 703 1266 787 persequinon
1272 698 1402 784 potos!

399 791 472 856 Xll.
483 790 645 875 Postquam
658 790 779 854 dicendi
790 791 882 854 finem
901 790 1026 854 Perseus
1038 790 1122 869 fecit,
1136 787 1273 871 conjecti
1289 808 1403 865 eorum,

358 881 408 964 qui
419 879 555 957 aderant,
567 878 646 940 oculi
662 879 694 940 in
708 877 899 940 Demetrium
910 889 992 955 sunt,
1003 878 1086 940 velut
1099 876 1264 940 confestim
1281 896 1404 958 respon·

357 987 442 1030 surus
452 976 541 1029 esset.
556 968 583 1006 ³⁶
596 965 706 1028 deinde
718 965 770 1028 diu
782 965 839 1028 fuit
853 965 1007 1028 silentium
1018 976 1043 1044 ¹¹,
1057 985 1149 1047 quum
1161 963 1321 1046 perfirmm
1334 961 1404 1023 fletu

357 1055 517 1137 adpareret
525 1053 664 1116 omnibus
676 1052 758 1133 loqui
767 1073 828 1115 non
836 1072 936 1135 posse.
957 1050 1096 1114 Tandem
1104 1050 1178 1112 vicit
1186 1051 1329 1113 dolorem
1340 1049 1406 1131 ipn

356 1142 531 1218 necessitas,
548 1159 639 1222 quum
656 1139 756 1201 dicere
767 1137 939 1221 juberent0,
955 1149 1046 1220 atque
1062 1139 1106 1200 its
1120 1158 1205 1200 orsus
1219 1148 1285 1200 est:
1302 1134 1405 1198 ‘Om-

357 1229 435 1290 ‘nie
448 1248 514 1310 quae
536 1247 655 1289 reorum
676 1240 766 1288 antes
787 1225 907 1289 fueram
920 1226 1042 1303 auxilia,
1064 1235 1163 1308 pater,
1180 1221 1407 1308 preoccupavit

358 1315 369 1352 ‘
383 1327 550 1378 accusator.
584 1317 610 1361 ⁸⁷
621 1310 777 1376 Simulatis
799 1313 931 1375 lacrimis
950 1313 983 1374 in
999 1311 1122 1374 alterius
1136 1311 1307 1394 perniciem
1321 1329 1406 1370 veros

357 1402 621 1466 ‘meminerimus
636 1409 793 1483 suspectos
807 1400 864 1462 tibi
879 1399 963 1462 fecit.
978 1400 1005 1436 ³⁸
1017 1417 1110 1479 quum
1126 1399 1203 1480 ipse,
1223 1418 1264 1460 ex
1287 1417 1349 1478 quo
1364 1397 1404 1458 ab

356 1490 368 1524 ‘
376 1489 483 1552 ⁴Rome
497 1489 582 1568 redii,
608 1507 662 1570 per
676 1486 882 1550 occultatum
898 1487 959 1548 suis
974 1485 1136 1566 conloquia
1155 1485 1222 1546 dies
1236 1496 1406 1564 noctesque

357 1577 369 1612 ‘
381 1574 560 1653 insidietui3
583 1575 662 1636 ultro
686 1573 762 1635 mihi
788 1593 850 1635 non
874 1572 1061 1634 insidiatoris
1085 1571 1189 1648 modo,
1204 1571 1261 1632 sed
1276 1570 1404 1633 latronis

356 1662 534 1726 ‘manifesti
550 1673 582 1724 et
597 1659 792 1744 percussoris,
806 1659 940 1743 speciem
956 1658 1066 1721 induit.
1088 1655 1226 1719 Peniculo
1236 1679 1294 1720 suo
1305 1669 1338 1720 te
1349 1678 1403 1718 ex·

356 1751 369 1784 ‘
383 1761 487 1827 terret,
496 1759 531 1811 ut
537 1748 661 1810 innoxio
670 1747 755 1810 fratri
761 1746 1000 1829 pereumdemte
1008 1743 1325 1826 maturctpemiciem.
1333 1764 1402 1825 per·

357 1835 499 1918 ‘fugium
510 1833 567 1898 sibi
576 1855 725 1918 nusquam
736 1833 874 1916 gentium
885 1853 950 1896 esse
963 1832 1015 1912 ait,
1026 1843 1062 1894 ut
1073 1851 1132 1914 ego
1145 1851 1184 1892 ne
1195 1831 1278 1914 opud
1289 1844 1324 1893 te
1335 1831 1401 1911 qui·

355 1924 369 1957 ‘
384 1922 455 1986 dem
467 1922 632 2006 quidquem
641 1922 706 2005 spei
717 1922 839 2002 telique
853 1921 994 1984 habeam.
1016 1917 1277 1997 Circumventum,
1293 1917 1400 1995 solnm,

356 2010 368 2043 ‘
374 2009 519 2092 inopem,
530 2009 677 2072 8’ἱηνίἀὶε
684 2009 789 2090 gratie
798 2018 1013 2088 extemae,qnae
1021 2005 1399 2088 obestpotius,qusmpro-

357 2096 368 2130 ‘
383 2097 462 2176 dest,
478 2107 594 2158 onerat.
616 2095 688 2158 Jem
704 2094 779 2156 illud
789 2115 879 2176 quam
894 2093 1093 2171 accusatorie,
1102 2091 1189 2174 quod
1202 2093 1301 2154 noctis
1311 2090 1398 2172 hujus

357 2184 498 2244 “crimen
507 2183 629 2245 miscuit
642 2202 711 2244 cum
720 2190 822 2245 cetera
833 2181 1034 2244 insectatione
1045 2179 1113 2242 vitae
1122 2177 1220 2243 mete?
1238 2190 1273 2240 ut
1286 2190 1318 2241 et
1329 2178 1397 2254 hoc,

356 2271 368 2303 ‘
383 2267 464 2352 qnod
472 2269 548 2353 jam,
557 2269 645 2353 quale
657 2270 707 2348 sit,
717 2269 804 2347 scies,
824 2278 995 2350 suspectum
1010 2267 1071 2330 uio
1084 2266 1154 2329 ritae
1168 2278 1282 2328 nostre
1296 2277 1397 2328 tenore

355 2356 514 2419 ‘facerett
531 2369 564 2419 et
573 2357 771 2419 illamvsnnm
777 2354 1021 2418 criminationem
1030 2351 1396 2437 spei,voluutntis,consi·

355 2442 491 2506 ‘iiorum
499 2464 634 2506 meorum
640 2455 791 2506 nocturno
797 2438 1397 2523 hociictoetcompositosrgumentoful-

307 2541 312 2546 ·
355 2527 469 2590 ‘ciret
484 2527 581 2590 Simul
588 2542 621 2592 et
628 2529 855 2610 illudquoesivit,
863 2527 1397 2611 utrepentinaetminimepraepnrnm

355 2615 705 2693 ‘accusatiovideretun
720 2616 832 2698 quippe
848 2636 888 2677 ex
896 2616 994 2678 noctis
1012 2612 1102 2696 hujrrs
1115 2624 1194 2676 metu
1208 2625 1240 2674 et
1261 2612 1393 2696 tumultu
1427 2616 1430 2626 “

356 2700 368 2733 ‘
383 2703 541 2784 repentino
552 2713 666 2765 exorta.
689 2701 834 2785 Oportuit
845 2713 958 2781 autem,
970 2700 1091 2778 Persen,
1100 2699 1323 2786 siproditorego
1333 2717 1390 2780 ps-

355 2787 437 2849 ‘tris
448 2789 592 2870 regnique
608 2811 701 2868 erem,
716 2789 741 2850 si
757 2808 826 2850 cum
839 2783 996 2867 Romanis,
1007 2789 1033 2850 si
1044 2807 1116 2850 cum
1126 2785 1187 2848 aliis
1193 2785 1323 2848 inimicis
1334 2805 1393 2868 pn·

353 2873 435 2934 ‘tris
450 2875 577 2937 inieram
592 2877 730 2954 consilia,
743 2896 805 2938 non
822 2885 1030 2958 exspectatam
1045 2874 1177 2936 fabulam
1194 2873 1292 2936 noctis
1303 2870 1399 2954 hujus

353 2959 368 2992 ‘
382 2982 458 3038 esse,
467 2964 495 3000 ⁴⁰
502 2962 558 3024 sed
568 2963 750 3044 proditionis
758 2982 833 3024 meae
839 2973 910 3024 ante
916 2973 1162 3025 meaccusstum:
1172 2959 1197 3022 si
1204 2959 1401 3042 illasepsrsts

352 3046 420 3110 “ob
435 3048 494 3110 h'sc
507 3069 586 3112 vana
607 3049 762 3113 accusatio
776 3060 853 3128 eret,
869 3049 1072 3132 invidiamque
1086 3060 1172 3114 tuem
1194 3047 1335 3110 adversus
1349 3065 1399 3107 me

405 3171 411 3184 ⁴
472 3165 533 3214 ”diu
543 3167 707 3232 titmtiumsntt
718 3168 792 3216 Gron.
803 3165 869 3216 Creu.
1069 3167 1204 3230 ⁰jtieretrrr
1213 3165 1294 3216 Crem·

386 3260 507 3313 ³⁶Deinde
524 3265 565 3313 diu
587 3265 697 3314 silentium
715 3265 777 3330 fuit,
794 3283 862 3330 quum
926 3267 948 3303 ³³
962 3265 1037 3321 Quum
1056 3267 1102 3328 ipre
1122 3265 1314 3324 ...insidiam
1341 3261 1403 3311 utrm

351 3330 465 3394 mfuorm
476 3329 549 3394 fletrt]
566 3331 707 3380 Mutavimur
725 3332 860 3396 interpunc-
892 3333 1054 3396 nituerint
1071 3330 1318 3390 diterdirtinguimus,
1333 3343 1401 3391 qum

354 3393 452 3451 ticnerm
472 3411 523 3458 quse
539 3396 564 3444 in
580 3395 648 3474 editis
662 3397 756 3475 iniebat
769 3413 861 3449 sensum
892 3397 994 3461 plerique
1005 3397 1061 3446 editi
1079 3409 1168 3474 notmt.
1202 3393 1250 3472 lise
1261 3396 1325 3470 enirn
1336 3409 1402 3441 rece·
1490 3461 1491 3464 Ἴ

353 3459 862 3592 {ttttttttttt'ssf'ttstuttt
892 3463 1329 3590 ttttt'tff'z'mw
1346 3469 1403 3576 'ciii
1490 3539 1491 3542 κ

352 3589 459 3638 omnibus
468 3591 614 3640 Demetrium
634 3589 787 3658 praepediente
806 3594 862 3642 fletu
893 3594 1012 3642 insidiatur
1032 3595 1101 3650 mihi,
1117 3595 1137 3640 ir
1153 3593 1200 3656 ipe
1220 3591 1404 3639 meinridicrcn

353 3654 416 3718 ioqui
439 3671 485 3704 non
507 3672 581 3720 porte,
600 3672 625 3705 ac
647 3659 742 3721 proinde
761 3674 858 3723 exspec-
892 3671 991 3706 sccuset.
1022 3657 1061 3708 Dc
1073 3662 1095 3706 vi
1105 3672 1130 3707 et
1197 3657 1279 3705 riettte
1290 3657 1406 3705 rocisnl·

353 3720 458 3779 tendum,
474 3724 546 3770 donec
566 3722 663 3770 liberum
680 3723 702 3770 ei
719 3724 779 3772 vocis
793 3740 859 3773 usum
891 3731 926 3771 tro
937 3725 982 3772 vid.
993 3737 1043 3774 not.
1054 3726 1095 3773 39.
1106 3725 1134 3772 rd
1153 3737 1190 3771 .t.
1199 3738 1220 3770 c.
1232 3724 1255 3770 5.

351 3785 806 3852 exarescentesircrymaepermitterent.
830 3789 858 3838 In
923 3787 1074 3838 ³³*Irmidr't
1088 3786 1289 3854 grutherum]
1314 3787 1407 3836 Invidi·

351 3851 576 3915 iirquaesequnntur
587 3853 623 3900 edi
639 3853 775 3911 curavimus,
792 3869 859 3917 quem
890 3853 915 3901 irr
932 3869 970 3902 me
988 3855 1100 3904 concitate
1118 3857 1147 3902 ob
1163 3851 1260 3914 gretiam
1278 3869 1349 3916 qum
1361 3857 1407 3901 hs-
1489 3859 1491 3916 J

350 3920 425 3965 «licere
435 3919 562 3980 juberetur,
579 3921 692 3980 quomodo
709 3918 796 3966 habent
813 3921 858 3968 dun
890 3917 934 3966 beo
954 3921 1013 3983 apud
1035 3933 1143 3969 exteros:
1172 3932 1255 3982 nempe
1279 3919 1409 3975 Romanos.

352 3982 427 4031 MSS.
437 3985 489 4032 Jec.
505 3983 621 4031 Gronovio
631 3983 698 4040 ulter,
711 3985 769 4032 alter
780 3985 857 4033 Hesr-
890 3999 987 4046 quorum
1003 4000 1096 4044 nomen,
1110 3984 1208 4033 inrisum
1227 3985 1297 4048 petri,
1310 3985 1408 4050 suppi-

351 4047 401 4103 uio,
417 4049 522 4114 inspecti.
539 4049 642 4110 vulgati,
655 4051 769 4110 juberent.
798 4048 858 4099 Vitt·
891 4049 942 4098 mit.
966 4059 968 4066 ’

351 4115 427 4162 codex
429 4117 526 4176 jrrberet.
923 4115 999 4165 ⁴⁰Sut
1015 4116 1144 4178 proditionis
1159 4129 1212 4164 m
1232 4124 1285 4165 auu
1304 4129 1343 4163 erc
1365 4131 1410 4164 trc-

384 4177 405 4214 ⁸²
416 4177 555 4228 'Simulatis
584 4179 685 4243 iacrymis
716 4181 741 4227 irs
769 4181 860 4228 ritmirrt
889 4181 1001 4244 ornatum]
1042 4181 1244 4245 Superracaneuru
1283 4183 1410 4230 omuovto

348 4244 478 4307 pemitiem]
505 4245 623 4292 Simuistis
640 4245 770 4308 coactisque
784 4246 858 4311 lacry-
890 4246 982 4294 ridetur
999 4245 1029 4294 τὸ
1043 4257 1101 4294 mee.
1139 4245 1198 4293 Illud
1214 4259 1271 4294 reto
1289 4261 1348 4293 curn
1369 4261 1408 4292 ee·

299 4335 301 4342 ,
351 4307 405 4362 mis,
425 4323 480 4368 ques
497 4309 555 4356 indit
577 4325 623 4358 non
642 4311 777 4373 deprectndi
794 4312 857 4375 peri·
890 4312 969 4374 quenti
980 4327 1036 4358 voce
1054 4311 1185 4360 opusnest
1203 4327 1216 4357 ι
1236 4312 1320 4360 codice
1338 4311 1407 4358 Vror.

350 4372 396 4418 culi
409 4373 444 4446 sui
455 4388 530 4429 causa,
546 4377 606 4436 quod
617 4375 705 4424 nullum
713 4387 763 4432 est,
776 4379 815 4424 red
830 4387 856 4426 ut
890 4378 959 4425 Hunc
971 4389 1049 4428 temen
1059 4386 1122 4428 cette
1132 4375 1279 4430 retinemur
1296 4376 1408 4429 eredide-

349 4436 427 4498 elren,
437 4436 493 4490 niti
504 4439 733 4506 sententiosum
744 4453 840 4494 mearet.
889 4441 967 4496 rimus.
1002 4467 1004 4470 ·
