3110 5204
393 369 472 432 Lm,
491 371 640 437 xxxul.
658 373 739 436 CAP.
758 373 919 438 xxxvu.
1121 387 1181 444 121

127 518 263 602 tetigero
273 541 328 604 per
343 521 425 586 diem
441 535 542 588 totum
554 525 652 590 milite
666 525 717 590 ris
729 525 880 605 ferienda,
901 535 1004 588 esstrn
1017 525 1049 586 in
1063 526 1336 594 summoueret.

129 607 267 685 quodem
283 621 460 689 ponentem,
483 609 673 689 Corolamus,
686 611 815 693 ,regulus
829 610 986 689 Boiorum,
1007 631 1079 674 eum
1093 631 1180 692 meg·
1192 603 1331 717 ffiffi

128 711 174 754 ns
186 711 279 754 runnu
295 693 432 773 adortus,
454 696 493 756 nd
508 697 568 757 trio
582 698 677 758 millis
690 697 849 763 homiuum
863 695 999 760 occidit:
1030 707 1063 760 et
1085 696 1180 760 inlus-
1192 685 1343 786 suffit

129 775 264 839 tresviri
290 777 407 858 aliquot
429 779 461 840 in
484 779 536 842 illo
558 782 757 844 tumultuario
770 783 879 864 proelio
894 783 1079 860 oeciderunt,
1100 782 1180 846 inter

130 882 209 944 quos
223 864 250 901 ⁸²
260 863 396 944 proeseeti
412 863 531 926 sooillui
546 863 604 926 'R‘
620 862 817 948 Sempronius
831 865 997 945 Gracchus,
1013 866 1060 929 M.
1070 866 1180 930 lunius

130 946 274 1024 Silanus3
298 960 330 1011 et
344 948 458 1012 tribuni
473 949 604 1012 militum
620 950 659 1012 de
675 951 795 1032 legione
810 953 954 1031 secunde,
976 952 1015 1015 A.
1030 952 1180 1034 Ogulnius

131 1047 166 1096 et
181 1031 214 1096 P.
230 1032 389 1099 Claudius.
404 1047 504 1098 esstrn
518 1045 622 1101 tamen
638 1037 678 1098 nb
693 1035 840 1102 Romanis
855 1038 986 1121 ¹inpigre
1011 1039 1182 1122 permunita

132 1131 325 1201 retentaque,
346 1141 439 1202 quum
465 1122 569 1185 hostes
591 1143 610 1184 a
632 1143 776 1205 prospera
789 1145 892 1206 pugna
906 1125 1111 1208 nequidquam
1126 1124 1181 1186 ob-

131 1217 330 1287 pugnnssent.
374 1203 499 1268 Stetivis
524 1203 634 1270 deinde
661 1209 776 1272 eisdem
802 1230 856 1291 per
885 1211 951 1272 dies
976 1211 1092 1291 aliquot
1117 1231 1182 1271 sese

133 1292 244 1369 tenuit,
267 1291 339 1354 dum
356 1303 388 1354 et
401 1294 519 1356 saucios
533 1305 665 1374 curaret,
685 1307 719 1356 et
742 1297 767 1334 ⁸³
779 1317 799 1357 n
821 1306 909 1358 tanto
929 1308 1044 1358 terrore
1065 1297 1182 1358 animos

133 1376 267 1440 militum
292 1377 441 1441 reliceret.
487 1377 568 1457 Boii,
594 1391 629 1442 ut
652 1391 699 1442 est
719 1401 794 1462 gens
820 1382 845 1418 ⁸⁴
861 1381 986 1443 minime
1011 1382 1068 1442 nd2
1091 1401 1183 1442 morae

132 1462 258 1524 trsdium
272 1464 402 1544 potiens,
423 1465 454 1526 in
469 1466 596 1528 castelle
618 1486 674 1528 sun
694 1467 833 1550 meosque
847 1465 955 1548 dilapsi
971 1477 1051 1528 sunt.
1095 1463 1182 1528 Mer·
1194 1467 1298 1546 Vm,

133 1548 239 1626 eellus,
261 1547 343 1611 Pedo
361 1550 532 1615 'confestim
556 1549 750 1633 trajecto,'in
777 1572 882 1633 agrurn
908 1550 1103 1628 Comensem,
1129 1551 1182 1612 ubi
1194 1533 1340 1648 mg}

135 1631 289 1712 Insubres,
314 1634 521 1700 'Comensibus
551 1637 590 1698 ad
621 1659 705 1700 erma
734 1638 854 1714 excitis,
888 1647 988 1698 eastra
1015 1635 1182 1713 habebunt,

135 1720 164 1760 ⁸⁵
178 1719 264 1782 ducit
277 1722 419 1802 legiones.
433 1723 464 1785 in
487 1722 553 1805 ipso
573 1723 681 1786 itinere
704 1723 843 1805 proelium
870 1724 895 1762 ⁸⁸
907 1723 1126 1784 committunt:
1150 1731 1183 1784 et

133 1805 239 1886 primo
263 1807 337 1868 adeo
362 1809 472 1871 aeriter
496 1809 680 1885 inusserunt,
706 1821 740 1870 ut
764 1810 976 1890 antesignanos
999 1806 1181 1890 inpulerintt

136 1888 229 1960 Quod
256 1893 307 1953 ubi
333 1894 557 1974 animadvertit,
577 1895 691 1958 veritus
715 1915 755 1956 ne
779 1895 855 1956 moti
875 1895 968 1956 semel
989 1894 1182 1975 pellerentur,

134 1976 295 2038 eohortem
311 1976 485 2042 Marsorum
500 1980 663 2064 obposuits
688 1992 720 2044 et
730 1982 867 2061 equiturn
882 1977 1060 2042 Latinorum
1075 1998 1181 2040 ornnes

134 2072 252 2124 turmas
266 2063 296 2124 in
312 2064 431 2128 hostem
446 2066 557 2130 emisit.
601 2065 739 2137 Quorum
763 2085 856 2147 quum
882 2066 995 2148 primns
1019 2064 1182 2126 secundus-

137 2166 196 2226 que
211 2147 332 2230 inpetus
353 2152 515 2214 retudisset
539 2152 719 2214 inferentem
738 2172 771 2212 se
792 2151 934 2214 ferociter
956 2151 1088 2226 hostem,
1110 2167 1185 2210 eon·

136 2231 256 2294 firmate
271 2237 433 2318 etreliqua
447 2237 528 2300 scies
543 2236 686 2300 Romana
699 2235 812 2299 restitit
833 2238 943 2320 primo,
967 2235 1077 2298 deinde
1099 2233 1188 2315 signs

136 2318 247 2380 aeriter
271 2321 385 2384 intulit.
411 2343 468 2385 nee
494 2323 577 2387 ultre
598 2323 805 2386 sustinuerunt
828 2331 982 2384 certarnen
1000 2317 1092 2398 Gelli,
1114 2321 1188 2400 quin

138 2413 225 2486 terge
252 2417 414 2485 verterent,
438 2421 531 2490 etque
557 2407 650 2472 effine
673 2407 822 2489 lugerent.
867 2405 902 2468 ln
923 2427 961 2468 eo
975 2405 1082 2490 proelio
1096 2423 1189 2486 supro

137 2489 343 2571 quodraginta
368 2493 464 2556 millia
487 2495 753 2571 hominum'eaesn,
775 2490 913 2555 Valerius
927 2491 1038 2554 Antias
1060 2490 1185 2552 scribit:
1288 2498 1291 2506 '

137 2585 168 2636 et
182 2575 352 2657 quingenta
366 2591 482 2662 septem
497 2579 586 2662 signo
605 2578 749 2642 militaria
770 2590 873 2660 eapte,
894 2589 928 2640 et
942 2589 1088 2658 carpenta
1109 2595 1185 2655 quo·

139 2659 303 2741 dringente
325 2663 452 2745 triginta
474 2666 545 2741 duo,
568 2677 600 2728 et
618 2685 725 2727 aureos
740 2675 862 2744 torques
877 2663 1001 2740 multos,
1023 2660 1185 2741 exquibus

139 2765 231 2807 turum
248 2748 352 2828 magni
366 2751 508 2832 ponderis
523 2749 670 2814 Claudius
686 2751 710 2796 ⁹⁷
723 2750 754 2812 in
771 2747 924 2830 Capitolio
938 2747 1007 2810 Jovi
1023 2747 1136 2809 donum
1152 2746 1184 2808 in

139 2831 361 2913 antepositum
389 2836 523 2899 scribit.¹
558 2835 667 2898 Csstra
689 2856 726 2898 eo
752 2835 801 2898 die
824 2834 979 2896 Gnllornnr
1010 2841 1186 2914 expugnato

140 2917 336 3000 direptaque:
369 2929 402 2981 et
425 2920 555 2984 Comum
579 2920 727 3004 oppidum
747 2921 828 2985 intra
843 2920 907 2982 dies
921 2939 1035 3002 paucos
1050 2927 1184 2999 captum.

141 3001 274 3064 Castells
302 3004 373 3066 inde
403 3005 629 3088 duodetriginta
658 3006 699 3069 nd
723 3006 879 3068 consulem
909 3005 1095 3068 defecerunt.
1148 3000 1186 3064 ld

140 3107 259 3170 quoqne
274 3090 353 3152 inter
367 3091 529 3174 scriptores
538 3093 718 3173 'ambigituq
739 3103 840 3160 utrum
864 3091 896 3152 in
917 3089 1011 3152 Boios
1030 3089 1123 3172 prius,
1145 3107 1185 3148 nn

139 3171 291 3252 Insubres,
312 3177 418 3238 consul
433 3178 598 3241 exercitum
614 3177 778 3255 induxerit,
801 3178 1019 3256 edversmque
1040 3193 1185 3257 prospero

138 3261 479 3342 pugnsobliteroverit:
502 3283 542 3325 nn
555 3262 691 3340 victorin,
706 3263 746 3322 nd
760 3260 888 3324 Comum
905 3272 1004 3341 parta,
1015 3259 1186 3320 deformata

140 3344 230 3407 clade
246 3344 277 3406 in
291 3343 373 3409 Boiis
387 3360 517 3431 sooepte
530 3348 580 3410 sit.

183 3427 346 3494 XXXVII.
377 3431 440 3496 Sub
463 3434 527 3495 haeo
549 3442 612 3495 tam
638 3431 722 3494 veria
746 3429 867 3493 fortuna
889 3439 986 3511 gesta,
1012 3425 1048 3490 1..
1079 3425 1184 3492 Furius

334 3637 396 3688 ¹1r.
407 3639 481 3688 Gron.
492 3637 562 3689 cres.
872 3636 991 3688 'rbEoert

134 3857 138 3866 ,
169 3806 241 3854 ⁸³1³
280 3811 322 3857 orti
341 3811 422 3858 osium
445 3807 483 3860 Τ.
509 3809 646 3872 Sempronius
677 3807 793 3872 rdjeerurn
813 3818 858 3854 est.
896 3806 924 3856 st
943 3817 1068 3856 annunt
1086 3823 1115 3856 es
1133 3822 1185 3870 qnoe

141 3869 256 3921 omerus
281 3873 623 3926 Vid.not.s‹ll.xxrrr.c.7.
676 3871 1185 3936 murnentanus-‚murreum-

174 3935 233 3984 ”A
251 3947 312 3986 torto
329 3937 422 4000 terrers]
447 3937 558 3988 ranem
577 3955 592 3986 o
609 3939 645 3986 lo·
676 3937 797 3994 mutde
808 3935 1112 3995 Gellirruntintelligendn.

137 4003 406 4054 menaGronorio.
709 3999 731 4036 ὓ
749 4000 764 4031 ⁶
780 3998 1184 4060 Commitmnt..iuommut..iorpn.

171 4065 194 4099 ⁸⁴
212 4065 306 4117 Minime
322 4070 347 4116 nt
364 4083 428 4117 nore
446 4069 536 4117 tedium
547 4065 644 4130 patiore]
678 4065 756 4128 mint]
772 4065 910 4114 Haererbs
922 4073 976 4111 runt
992 4062 1184 4123 intelligendum

138 4127 334 4194 Megirplreerer,
348 4135 437 4182 mismo
452 4133 575 4182 ntorum
584 4147 647 4180 mm
679 4129 760 4180 Gsllls.
1055 4192 1061 4202 ⁶

136 4195 230 4254 miens,
241 4197 272 4244 its
289 4209 317 4245 ut
333 4213 378 4246 ror
395 4213 459 4248 storo
474 4208 589 4258 matun
600 4209 645 4244 no·
710 4195 732 4233 ⁸⁷
744 4193 773 4241 In
785 4190 1041 4255 capremontem
1051 4207 1076 4238 sn
1086 4191 1130 4238 cde
1141 4206 1183 4253 po-

139 4258 371 4326 nmepartesqqrod
382 4260 645 4328 sanspostnlutrllqrum
676 4257 753 4319 mnu]
772 4257 818 4308 Vel
827 4256 930 4305 delenda
940 4266 993 4304 rum
1008 4269 1074 4304 voees
1089 4257 1114 4303 ἐκ
1130 4257 1182 4313 ede,

138 4335 228 4380 rorem,
236 4327 275 4374 eui
286 4325 404 4376 innitatur.
676 4325 714 4374 rel
724 4323 861 4384 legendnm:
881 4321 987 4368 Claudius
998 4319 1120 4381 Capitolino
1131 4320 1182 4368 Just

124 4447 128 4464 ι
170 4387 193 4421 ⁸⁵
209 4387 282 4438 Ducit
291 4391 394 4456 legiones]
412 4391 515 4445 Verbum
530 4390 645 4440 desideru-
676 4385 1036 4464 donominoedtpthrtmrribit.
1059 4383 1181 4435 curulum

135 4450 204 4502 seur
222 4455 248 4505 in
267 4457 354 4511 codiee.
386 4458 425 4512 Ex
441 4467 520 4511 mente
537 4455 645 4510 Gltrerni
676 4451 779 4519 intslbge
790 4448 973 4513 dengerrun.
