3026 5164
364 371 423 428 432
783 361 866 420 Tl'l'l
888 360 988 420 LlVll

200 535 339 586 motta
364 521 461 599 ‘sint‚
482 518 535 582 Dii
557 539 676 601 quoque
691 517 748 601 ipsi
771 517 1045 599 comprobaverint,
1068 515 1118 596 qui
1142 514 1231 578 nobis
1245 512 1408 574 victoriam

199 603 229 653 Α·
241 601 271 654 c·
282 601 335 651 lat.
365 608 553 684 ‘dederunt3
577 627 708 687 quonam
725 605 817 666 modo
830 625 875 681 ea,
888 625 952 685 quae
967 602 1113 686 bellijnre
1129 613 1201 664 acta
1214 600 1332 662 suntin
1344 599 1408 659 dis-

365 695 594 777 ‘ceptationem
615 691 761 754 veniunt?
797 712 923 772 quorum
945 702 1049 751 tamen
1063 690 1199 750 maxima
1220 685 1312 770 parsb
1332 685 1407 746 nihil

365 781 524 864 ‘pertinet
549 779 588 840 ad
610 800 674 840 nos.
718 775 864 840 Nostrum
886 789 942 855 est,
970 776 1049 857 quod
1076 777 1268 837 evocavimus
1291 794 1346 834 eos
1368 769 1409 832 ad

366 869 527 930 ‘caussam
550 865 720 943 dicendam,
743 865 793 945 qui
809 864 848 924 ad
871 885 954 924 arma
973 863 1197 925 multitudinem
1219 861 1410 934 exciverunt,

365 953 441 1036 ‘qui
468 963 714 1036 expugnaverant
737 951 890 1012 maritima
914 949 1036 1033 oppida,
1059 950 1109 1030 qui
1132 950 1335 1031 diripuerant,
1358 945 1409 1025 qui

365 1040 504 1101 ‘cedem
530 1038 699 1121 principum
726 1037 870 1099 fecerant.
913 1035 1003 1106 Quod
1028 1057 1097 1097 vero
1121 1036 1164 1096 illi
1190 1035 1354 1096 venientes
1379 1033 1409 1091 in

357 1127 376 1164 ·‘
390 1138 501 1203 castra,
516 1125 667 1186 interlecti
694 1135 774 1202 sunt,
786 1135 920 1185 vestrum
936 1135 993 1201 est,
1017 1121 1100 1184 Areu
1113 1134 1144 1183 et
1158 1120 1334 1196 Alcibiade,
1357 1118 1409 1198 qui

365 1213 469 1276 ‘nunc
484 1233 551 1289 nos,
566 1212 590 1272 si
612 1210 680 1288 Diis
695 1211 807 1293 placet,
829 1211 989 1289 accusatis,
1005 1231 1064 1270 non
1085 1219 1234 1271 nostrum.
1277 1205 1411 1268 Exsules

365 1296 686 1360 ‘Lacedaemoniorum
711 1296 784 1378 (quo
800 1298 830 1358 in
846 1319 970 1359 numero
991 1297 1023 1358 hi
1047 1317 1164 1376 quoque
1185 1296 1247 1356 duo
1271 1292 1408 1370 fuerunt)

366 1386 422 1450 ‘et
437 1399 510 1448 tunc
525 1387 683 1446 nobiscum
699 1397 797 1462 erant,
812 1395 871 1462 et‘,
886 1384 967 1465 quod
989 1387 1015 1421 ³³
1027 1381 1233 1444 domiciliuml
1249 1381 1308 1441 sibi
1325 1380 1411 1440 dele-

365 1473 376 1505 ‘
390 1485 499 1554 gerant
508 1473 660 1534 maritima
674 1471 798 1554 oppida,
807 1492 839 1532 se
851 1472 962 1553 petitos
974 1469 1142 1546 credentes
1154 1470 1185 1530 in
1201 1490 1266 1544 eos,
1276 1487 1409 1548 quorum

365 1560 481 1642 ‘opera
495 1559 595 1640 patria
617 1569 751 1620 extorres
767 1578 805 1618 ne
821 1558 851 1618 in
875 1569 942 1619 tuto
957 1557 1079 1638 quidem
1095 1557 1202 1617 exsilio
1224 1575 1318 1636 posse
1333 1574 1409 1614 corr-

365 1646 542 1707 ‘senescere
558 1665 590 1706 se
606 1645 851 1725 indignabantur,
865 1645 1000 1724 inpetum
1013 1643 1157 1704 fecerunt.
1179 1640 1408 1704 lacedaemonii

364 1732 482 1812 ‘igitur
496 1731 752 1808 Lacedaemonios,
776 1752 837 1792 non
852 1729 967 1807 Achaei,
992 1729 1218 1792 interfecerunt.
1244 1749 1315 1806 nec,
1336 1725 1407 1808 jure

365 1819 375 1851 ‘
391 1838 429 1879 an
445 1817 554 1898 injuria
568 1818 636 1879 caesi
652 1816 721 1894 sint,
737 1818 941 1898 argumentari
958 1816 1059 1878 refert.

408 1902 571 1966 XXXVII.
595 1903 658 1966 ‘At
673 1905 753 1965 enirn
769 1905 821 1964 illa
835 1915 917 1966 certe
931 1916 1030 1964 vestra
1040 1915 1120 1982 sunt,
1134 1903 1251 1980 Achaei,
1267 1901 1404 1983 quodle·

366 1992 441 2072 ‘ges
456 1991 706 2072 disciplinamque
727 1991 960 2052 vetustissimam
976 1985 1103 2073 Lycurgi
1127 1989 1298 2066 sustulistis,
1322 1989 1404 2068 quod

365 2078 490 2139 ‘muros
507 2078 648 2139 diruistis.
671 2077 744 2147 Quae
758 2089 885 2158 utraque
901 2077 940 2137 ab
955 2076 1063 2138 iisdem
1078 2075 1169 2158 objici
1185 2077 1236 2156 qui
1252 2075 1401 2157 possunt?

364 2163 375 2196 ‘
391 2184 484 2244 quum
495 2165 572 2224 muri
588 2161 825 2225 Lacedaemoniis
841 2184 903 2225 non
920 2164 957 2224 ab
973 2161 1124 2246 Lycurgo,
1136 2162 1190 2224 sed
1202 2183 1319 2244 paucos
1334 2174 1405 2222 ante

365 2250 486 2312 ‘annos
502 2251 541 2313 ad
564 2250 784 2313 dissolvendam
801 2249 928 2334 Lycurgi
952 2250 1143 2332 disciplinam
1165 2249 1312 2310 exstructi
1335 2248 1405 2310 sint.

364 2333 523 2420 ‘Tyranni
546 2338 627 2398 eninr
651 2358 745 2420 nuper
760 2358 822 2416 eos,
849 2357 948 2398 arcem
964 2347 995 2398 et
1018 2339 1237 2398 munimentum
1254 2337 1324 2412 sibi,
1344 2356 1406 2396 uon

364 2423 375 2455 ‘
391 2424 517 2502 civitati,
527 2436 716 2506 paraverunt.
738 2422 789 2502 Et,
798 2425 822 2485 si
835 2425 960 2485 exsistat
969 2423 1061 2486 hodie
1074 2425 1112 2484 ab
1122 2423 1224 2484 inseris
1235 2421 1403 2506 Lycurgus,

365 2509 521 2591 ‘gaudeat
550 2511 644 2571 ruinis
674 2532 789 2587 eorum,
820 2523 851 2572 et
879 2531 958 2572 nunc
982 2531 1014 2570 se
1041 2511 1171 2592 patriam
1197 2523 1229 2572 et
1258 2507 1404 2591 Spartam

366 2595 732 2677 ‘antiquam-agnoscere
757 2598 851 2658 dicat.
895 2595 964 2658 Non
992 2595 1249 2679 Philopoemenem
1273 2617 1403 2677 exspec-

365 2682 376 2714 ‘
390 2693 465 2759 tare,
481 2703 537 2743 nec
552 2682 690 2760 AchaeoS,
706 2684 759 2744 sed
774 2706 826 2745 vos
842 2683 911 2764 ipsi,
934 2681 1168 2762 Lacedaemonii,
1183 2685 1283 2746 vestris
1298 2683 1402 2744 mani·

365 2767 445 2829 ‘bus
470 2769 587 2829 amoliri
603 2782 634 2829 et
649 2769 765 2830 diruere
792 2771 895 2830 omnia
914 2771 1081 2852 tyrannidis
1096 2772 1218 2852 vestigia
1238 2770 1398 2831 debuistis.

365 2851 506 2916 ‘Vestrae
520 2857 602 2916 eninr
618 2855 675 2916 illae
691 2855 842 2918 deformes
857 2856 948 2917 veluti
963 2858 1120 2933 cicatrices
1133 2857 1275 2918 servitutis
1289 2866 1398 2916 erant:

365 2940 431 3016 ‘et,
446 2961 537 3022 quum
564 2943 627 3003 sine
643 2943 735 3003 muris
760 2946 844 3026 ³⁴per
871 2945 1062 3024 octingentos
1077 2965 1171 3027 prope
1193 2965 1285 3004 armos
1298 2943 1403 3020 liberi,

320 3085 323 3092 .
365 3026 555 3107 ‘aliquando
570 3029 663 3090 etiarn
690 3029 839 3110 principes
855 3027 976 3091 Graeciae
992 3030 1133 3107 fuissetis,
1157 3021 1297 3106 '³⁵muris‚
1317 3029 1403 3090 velut

365 3113 376 3146 ‘
391 3115 596 3195 compedibus,
613 3115 805 3176 circumdatis
827 3117 919 3178 vincti
936 3138 989 3198 per
1005 3129 1126 3178 centurn
1148 3139 1244 3178 annos
1260 3116 1405 3178 servistis.

365 3199 375 3231 ‘
391 3199 480 3268 Quod
495 3201 534 3262 ad
548 3201 630 3281 leges
646 3201 782 3262 ademtas
797 3202 925 3281 adtinet,
940 3225 997 3285 ego
1009 3205 1147 3284 antiquas
1162 3200 1404 3277 Lacedaemoniis

360 3285 375 3356 7‘
390 3285 472 3366 leges
488 3300 631 3368 tyrannos
659 3287 806 3349 ademisse
823 3290 971 3365 arbitror3
1006 3311 1061 3350 nos
1078 3311 1140 3351 non
1155 3311 1224 3351 suas
1241 3289 1404 3366 ademisse,

364 3372 374 3402 ‘
390 3392 464 3453 quas
479 3393 541 3434 non
553 3373 717 3452 habebant,
729 3375 781 3436 sed
792 3389 910 3438 nostras
926 3377 1007 3456 leges
1020 3376 1138 3438 dedisse
1142 3398 1152 3453 3
1170 3397 1226 3438 nec
1238 3377 1319 3438 male
1330 3397 1406 3437 con-

364 3458 375 3489 ‘
390 3459 513 3520 suluisse
524 3460 650 3538 civitati,
664 3481 754 3543 quum
770 3463 890 3522 concilii
903 3463 998 3523 nostri
1012 3483 1078 3523 eam
1091 3463 1260 3540 fecerimus,
1276 3475 1307 3524 et
1317 3463 1405 3524 nobis

365 3545 606 3625 ‘miscuerimus
631 3560 665 3609 ut
681 3569 789 3632 corpus
805 3569 898 3609 uuum
914 3560 945 3609 et
965 3549 1125 3610 concilium
1141 3552 1236 3612 totius
1252 3549 1405 3632 Pelopon·

341 3716 343 3723 γ
431 3651 685 3714 bpurerrrrrrimoCrer.
776 3655 952 3704 ‘etdeLGrom
965 3659 1032 3704 Creu.
1120 3655 1342 3706 dricrru'cilioGrrm.

395 3733 417 3768 ³³
435 3731 585 3796 Domitillam]
609 3737 669 3785 Hac
688 3747 723 3784 ert
742 3747 797 3786 vett.
819 3739 868 3784 edi·
899 3754 940 3784 noe
956 3739 1041 3785 exstrui
1053 3751 1140 3802 coeptos
1154 3754 1222 3800 καις
1239 3739 1347 3794 alterum,
1362 3739 1408 3786 La·

363 3810 437 3846 torum
449 3799 525 3856 lectio,
535 3815 603 3862 qiam
615 3819 627 3847 a
639 3803 753 3850 Gronovio
763 3815 867 3850 terraram
900 3805 1053 3850 cedoemonem
1065 3817 1206 3867 parcentum
1218 3820 1290 3852 annos
1304 3805 1410 3863 terrim,

364 3865 467 3912 Clericus
479 3866 575 3912 admisit.
609 3866 807 3926 Vulgoriomicilia.
899 3869 1006 3915 nimirum
1024 3886 1036 3915 a
1052 3871 1154 3932 tyrannis
1169 3885 1307 3935 oppressam.
1354 3871 1409 3919 Hoc

394 3929 416 3962 ³⁴
436 3929 479 3978 Per
495 3933 624 3994 octingentos
638 3947 703 3993 propr
716 3931 792 3992 aarum]
813 3930 865 3980 Nu·
899 3947 1036 3996 postremum
1054 3935 1117 3983 nullo
1128 3947 1284 3998 pactorerum
1296 3950 1346 3982 ene
1364 3951 1410 3998 po·

363 4007 440 4042 metue
463 3999 558 4042 oratorie
582 4009 669 4044 auctus.
709 3998 825 4058 Siquidem
852 4016 867 4045 a
899 4000 1193 4060 resr,quuminterinitium
1201 4001 1410 4060 regniCleorrrenis

363 4057 479 4123 Lycurgo,
492 4077 559 4123 quiem
578 4063 617 4108 hic
629 4063 719 4124 respicit
738 4063 824 4120 Livius,
837 4067 865 4111 ad
899 4077 923 4111 er
934 4059 1030 4110 Nabidis
1049 4079 1145 4112 mortem
1166 4067 1208 4112 seli
1226 4067 1334 4113 intersint
1353 4068 1410 4112 anui

363 4121 513 4173 Cleomenem
530 4125 637 4174 Leonida
659 4127 739 4184 lilium,
757 4131 796 4189 qui
818 4129 864 4192 pri·
897 4130 937 4176 46.
954 4129 1054 4176 Primum
1064 4129 1119 4177 illud
1127 4131 1410 4178 demurisfirmarunuc·

364 4203 416 4236 mus
432 4201 542 4254 tyrannus
560 4191 721 4240 Lacedaemone
743 4193 812 4240 luisse
832 4197 867 4241 di·
898 4195 989 4241 toritare
1003 4196 1120 4242 Parreaniae
1137 4196 1265 4252 etJusrirri,
1281 4207 1307 4242 ut
1325 4195 1408 4242 obser-

363 4254 422 4301 citur
431 4271 506 4319 supra,
516 4256 555 4304 lib.
573 4268 665 4304 xxxiv.
682 4273 704 4307 c.
716 4259 756 4306 26.
775 4274 820 4308 noo
831 4261 866 4307 el·
898 4261 998 4306 ravimus
1008 4261 1035 4306 ad
1047 4259 1063 4306 l.
1076 4273 1167 4309 xxxiv.
1179 4277 1199 4310 c.
1211 4263 1251 4311 33.
1262 4275 1340 4322 supra.
1360 4260 1409 4308 Sed

364 4319 474 4366 flirxerunt
483 4321 536 4367 anni
547 4320 648 4368 sexcenti
660 4334 683 4368 et
694 4324 814 4382 octoginta.
900 4326 937 4385 qui
950 4325 972 4372 irl
984 4325 1052 4371 liceat
1061 4325 1137 4372 dicere
1150 4327 1214 4374 Livio
1230 4341 1278 4372 uon
1296 4327 1413 4382 ridemus,

395 4383 417 4417 ³⁵
439 4384 513 4431 Mirr-ir
532 4386 591 4432 uelut
618 4389 749 4447 cornprdilurs
770 4392 864 4437 cirrum-
899 4391 938 4451 qui
949 4403 972 4438 ct
983 4391 1033 4436 loco
1044 4392 1110 4436 modo
1121 4401 1246 4440 memorato
1256 4404 1281 4438 et
1296 4391 1336 4438 hic
1347 4393 1372 4438 in
1384 4393 1413 4439 iis

361 4449 418 4494 datis
436 4450 503 4496 cirrati
518 4465 557 4508 per
573 4459 658 4496 centum
676 4468 744 4499 airruu
759 4457 862 4518 seruistis]
898 4471 948 4516 quae
960 4455 1059 4518 proxime
1076 4459 1207 4518 praecedunt
1218 4457 1311 4519 scripsit
1330 4471 1412 4504 muros

361 4513 417 4560 Duo
434 4513 471 4560 liic
490 4515 632 4560 affirmantur
650 4533 663 4562 r.
684 4515 763 4567 Livio:
787 4535 868 4578 unum,
898 4521 984 4582 Spartae
992 4529 1209 4580 ruricoranteomrrs,
1220 4532 1412 4586 tropei-‚styran-

362 4593 438 4627 muros
450 4579 626 4628 Lacedaemoniis
642 4591 695 4628 anre
714 4595 808 4632 centurn
824 4601 864 4632 aa·
897 4585 933 4633 nis
945 4597 1071 4634 exstructos
1081 4601 1138 4633 esse.
