3080 5196
556 527 616 632 T.
651 520 825 630 LIVII
861 512 1204 636 PATAVINI

703 779 855 857 LIBER
881 773 1065 851 XXXVI.

742 1011 1021 1026 m

205 1203 347 1257 tt.c.561.
415 1195 448 1260 P.
464 1193 716 1259 CORNELIUM
743 1195 801 1258 Cn.
821 1195 918 1258 filium
943 1191 1119 1276 Scipionem
1145 1204 1177 1257 et
1202 1191 1263 1258 M'.
1286 1192 1420 1258 Acilium

204 1275 237 1322 Α·
248 1269 279 1320 ⁰
296 1269 350 1343 ¹⁹l·
372 1281 570 1345 Glabrionem
587 1282 736 1360 consules,
751 1283 829 1344 inito
845 1281 1036 1364 magistratu,
1057 1278 1172 1358 Patres,
1188 1281 1367 1362 priusquam
1381 1282 1421 1342 de

205 1332 361 1448 {iliffl'
373 1369 536 1454 provinciis
561 1381 697 1450 agerent,
712 1389 760 1430 res
787 1367 903 1429 divinas
928 1366 1029 1428 lacere
1050 1362 1217 1446 majoribus
1232 1367 1346 1428 hostiis
1355 1365 1421 1448 jus-

208 1463 275 1514 coss.
374 1465 477 1518 serunt
491 1455 522 1516 in
538 1455 678 1516 omnibus
694 1453 783 1530 fanis,
798 1455 853 1514 in·
867 1452 975 1533 quibus
1003 1455 1012 1492 ¹
1026 1452 1247 1514 lectisternium
1269 1451 1419 1534 mojorem

374 1553 495 1626 partem
510 1541 582 1602 anni
596 1539 661 1602 fieri
682 1541 779 1616 solet3
807 1539 994 1620 precarique,
1019 1537 1101 1619 quod
1128 1549 1252 1600 senatus
1277 1538 1317 1600 de
1342 1558 1420 1600 noro

374 1627 455 1690 bello
477 1628 509 1688 in
533 1627 636 1688 animo
658 1626 795 1703 haberet,
817 1635 851 1686 ut
872 1645 910 1688 ea
929 1645 976 1686 res
1002 1624 1122 1686 senatui
1151 1624 1330 1707 populoque
1356 1623 1419 1686 Ro-

374 1733 466 1774 mano
483 1713 560 1774 berre
580 1733 615 1774 ac
639 1711 769 1774 feliciter
794 1711 937 1774 eveniret.
980 1709 1028 1772 Fa
1050 1710 1157 1774 omnia
1178 1709 1330 1772 sacrificia
1351 1710 1420 1774 leta

374 1799 505 1876 luerunt,
528 1799 715 1882 'primisque
731 1798 839 1860 hostiis
864 1797 1041 1879 perlitatum
1065 1809 1134 1860 est:
1158 1797 1251 1860 etita
1265 1797 1421 1880 asmpiecs

375 1886 605 1965 responderant,
625 1906 663 1946 eo
687 1885 767 1946 bello
790 1884 936 1948 terminos
947 1882 1067 1965 'populi
1089 1882 1222 1946 Romani
1244 1884 1421 1966 propagari,

374 1971 536 2034 victoriam
559 1991 596 2032 ac
610 1971 809 2054 'triumphum
838 1969 971 2032 ostendi.
1013 1967 1089 2031 Haec
1118 1989 1212 2050 quum
1243 1970 1424 2032 renunciata

375 2069 486 2133 essem,
509 2057 615 2118 solutis
631 2055 777 2137 religione
792 2056 913 2133 animis,
929 2053 1032 2118 Patres
1047 2056 1241 2137 mgationem
1256 2055 1298 2117 ad
1321 2075 1421 2138 popu·

209 2159 323 2209 neuma
334 2157 361 2209 P.
375 2142 438 2205 lum
453 2143 522 2205 ferri
533 2139 707 2224 jusserunt:
734 2143 745 2175 ‘
760 2140 882 2204 Vellent
893 2140 1065 2223 juberente,
1081 2161 1152 2204 cum
1165 2141 1325 2204 Antiocho
1339 2163 1422 2223 rege,

211 2225 273 2300 Μ]
282 2223 333 2272 An·
376 2229 386 2262 ‘
401 2227 512 2310 quique
527 2240 642 2292 sectam
657 2227 722 2310 ejus
732 2228 829 2290 secuti
840 2239 953 2306 essent,
963 2227 1076 2290 bellurn
1086 2226 1155 2290 iniri
1166 2226 1190 2290 i'
1204 2227 1231 2293 si
1246 2247 1287 2290 ea
1300 2229 1421 2310 rogatio

210 2289 363 2404 ffifff'
376 2314 494 2399 perlata
508 2326 599 2392 essct,
613 2325 691 2392 tum,
705 2315 731 2376 si
746 2316 791 2376 ita
804 2313 956 2376 videretur
975 2313 1160 2393 consulibus,
1183 2335 1248 2376 rern
1268 2315 1424 2395 integram

378 2401 419 2462 ad
443 2411 581 2461 senatum
601 2400 756 2462 referrent.
800 2398 834 2462 P.
850 2397 1009 2462 Cornelius
1024 2420 1093 2462 eam
1109 2400 1301 2482 rogationem
1316 2413 1422 2482 pertu-

377 2485 422 2548 lit.
441 2495 507 2546 tum
530 2496 651 2548 senatus
679 2485 821 2564 decrevit,
845 2495 881 2547 ut
905 2485 1043 2548 consules
1069 2483 1189 2548 ltaliam
1215 2497 1249 2547 et
1269 2483 1424 2548 Graeciam

210 2581 364 2633 Prosternet
377 2571 547 2652 provincias
573 2571 752 2634 sortirentur
763 2593 787 2648 ;=
808 2571 857 2632 cui
887 2569 1006 2634 Gracia
1035 2572 1192 2649 evenisset,
1225 2575 1284 2635 lut
1315 2583 1422 2656 praeter

211 2649 333 2702 aaeretrur.
377 2677 445 2718 eum
468 2675 626 2718 numerum
652 2657 793 2734 militum,
818 2677 909 2738 quem
924 2657 959 2720 L.
974 2658 1135 2730 Quinctius
1155 2659 1187 2719 in
1210 2677 1276 2719 cam
1292 2661 1425 2740 provin-

377 2742 456 2806 ciam
485 2763 525 2804 ex
551 2743 730 2804 auctoritate
756 2755 878 2806 senatus
907 2745 1101 2827 ⁴scripsisset
1130 2744 1353 2828 impensem,
1386 2757 1426 2808 ut

377 2848 447 2890 eum
476 2828 642 2890 exercitum
664 2829 829 2911 acciperet,
860 2850 951 2914 quem
980 2828 1029 2892 M.
1053 2828 1172 2893 Baebius
1197 2843 1305 2912 pretor
1336 2851 1426 2894 anno

377 2914 478 2997 priore
500 2935 538 2976 ex
567 2915 829 2978 senatusconsulto
852 2917 883 2978 in
906 2914 1124 2979 Macedoniam
1156 2914 1335 2998 trajecisset.
1380 2915 1423 2978 Et

378 3009 464 3062 extra
488 2997 608 3064 ltaliam
631 3001 820 3083 penuissum,
846 3013 892 3080 ut,
912 3003 938 3065 si
961 3023 1008 3066 res
1031 3003 1225 3086 postulasset,
1247 3002 1364 3064 auxilia
1383 3003 1426 3064 ab

268 3083 272 3094 '
378 3087 478 3164 sociis,
501 3107 540 3148 ne
562 3107 653 3169 supra
677 3087 809 3169 quinque
833 3087 960 3150 millium
983 3109 1153 3168 numerum,
1175 3088 1343 3172 acciperet.
1385 3085 1425 3152 11.

377 3171 556 3244 Quinctium
584 3175 746 3256 superioris
776 3175 847 3236 anni
877 3175 1032 3238 consulem
1062 3175 1157 3256 legari
1186 3175 1228 3236 ad
1251 3175 1286 3237 id
1307 3175 1420 3237 bellmn

400 3259 502 3321 lacuit.
546 3257 635 3320 Alter
655 3260 771 3338 consul,
795 3261 844 3323 cui
870 3258 962 3324 ltalia
986 3261 1142 3344 provincia
1166 3261 1329 3340 evmusset,
1352 3281 1422 3324 curn

425 3345 461 3406 iis
473 3344 573 3427 jussus
589 3345 702 3408 bellum
716 3367 832 3428 gerere,
856 3357 925 3410 utro
949 3347 1085 3410 exercitu
1106 3347 1213 3415 mallet
1235 3367 1277 3410 ex
1291 3347 1418 3425 duona,

378 3449 452 3510 quos
478 3431 645 3514 superiores
674 3433 812 3519 consules
837 3434 1037 3510 habuissent3
1068 3432 1196 3498 alterum
1226 3444 1263 3496 ut
1283 3433 1422 3498 mitteret

618 3602 622 3610 1
808 3539 909 3591 'indeL
922 3539 997 3591 Gran.

413 3621 713 3688 ¹Lsctistemiumssnjoresr
731 3629 883 3689 pertuensi
913 3629 1092 3694 esaaptopitios.
1125 3629 1179 3680 troc
1195 3629 1248 3680 ideo
1265 3629 1422 3680 mla·-

370 3689 427 3751 fisn'
446 3685 510 3752 solet]
552 3689 671 3739 Hactenus
691 3691 881 3744 lectistemiotunr
913 3695 971 3752 sim,
986 3695 1039 3758 quia
1056 3711 1117 3760 sape
1133 3696 1265 3760 complices
1281 3697 1365 3746 laonia
1374 3695 1422 3744 int·

379 3753 447 3800 modo
467 3765 532 3800 extra
553 3755 656 3802 ordinem
675 3756 792 3822 phcandoe
812 3757 882 3806 deum
914 3760 1066 3818 molebantur,
1085 3775 1157 3824 quum
1175 3761 1257 3824 prima
1270 3775 1319 3811 noa
1333 3759 1424 3810 satie·

378 3817 420 3866 irre
439 3817 577 3866 indictorum
600 3820 687 3868 mentio
705 3823 763 3870 lsota
784 3839 797 3870 a
818 3819 882 3871 Lislo
913 3823 966 3873 licia
990 3837 1074 3874 eventa
1099 3827 1255 3888 prenunciars
1280 3826 1426 3884 videbantur,

378 3892 424 3932 est.
456 3882 493 3930 Ex
512 3884 559 3932 hoo
577 3883 629 3934 loco
648 3885 793 3946 intelligimus
811 3887 881 3936 fuine
914 3891 1059 3953 quoadusque
1068 3889 1200 3955 perlitatum
1211 3893 1279 3941 inest
1314 3890 1422 3942 vitur-

376 3960 404 3996 et
425 3946 490 3994 statis
510 3949 650 4013 temporibus
670 3951 738 4000 indici
754 3951 819 3999 solita
834 3952 881 4000 lec·
911 3953 949 4020 jus
959 3955 994 4004 rei
1004 3954 1134 4019 exemplum
1144 3953 1202 4003 iulrs
1211 3965 1267 4005 ιιι.
1279 3957 1319 4007 lt.

377 4012 489 4061 eisternis.
524 4013 700 4078 Hujosgeneris
715 4015 881 4064 lectisternium
944 4019 957 4056 ³
979 4017 1011 4067 Ut
1030 4028 1111 4081 prater
1130 4035 1182 4069 sats
1206 4035 1326 4070 mu
1345 4056 1354 4071 .
1372 4030 1423 4070 ηε

378 4088 472 4126 notatur
488 4076 661 4128 inXalendario
681 4080 759 4128 ldibua
777 4080 881 4130 Novem·
912 4099 964 4132 ease
995 4086 1111 4133 mast
1156 4083 1264 4133 Notsnh
1296 4087 1423 4149 geminatio

378 4141 513 4198 trumui-
534 4143 624 4192 verbia:
649 4143 747 4204 Epulrus
767 4147 884 4204 auctum
912 4147 1029 4213 particulae
1045 4157 1081 4198 et.
1122 4149 1153 4200 n.
1170 4165 1239 4214 snpra
1258 4153 1425 4204 xxa-1108

378 4221 463 4271 nempe
483 4208 538 4258 diis.
570 4209 880 4261 bonumamicum.
915 4215 1050 4266 xxvrn.9.

379 4273 419 4318 ts.
430 4273 458 4317 ad
469 4281 493 4318 v.
506 4274 543 4323 1³.
570 4307 574 4314 .
946 4278 1089 4341 ‘scripsisset
1108 4279 1267 4345 ispum]
1293 4279 1416 4343 &tp-'u

411 4335 449 4369 a·
458 4331 584 4408 rmum
605 4339 676 4388 rau
693 4341 821 4402 aucam
840 4338 883 4408 a]
914 4342 1307 4406 intumescentem-am
1319 4317 1428 4412 rm&

379 4395 410 4443 In
431 4413 509 4476 prpmts
532 4403 609 4451 statim
631 4404 712 4452 hostiis
733 4421 763 4453 ea
790 4407 884 4454 inventa
914 4407 1395 4478 set‚lemllttulpssttth.3·lnfi's.

379 4474 435 4512 suut
443 4476 515 4524 ειμι,
530 4468 653 4536 esquilina
668 4470 811 4535 judicabatur
828 4471 884 4524 deos
