3038 5200
369 381 427 436 ηε
782 371 867 433 Tl'rl
887 371 989 432 lelt

245 535 343 588 osa.
368 541 446 594 tum.
481 517 549 589 'Per
581 527 705 590 eorem
727 526 792 588 ua
818 525 855 588 c.
880 523 1037 601 crannus,
1063 507 1128 606 Ἀρ.
1162 523 1252 601 snus
1285 522 1415 587 naun«

229 601 277 652 ὀ·
292 603 344 653 ¹⁹⁵·
370 635 466 697 augur
480 615 512 676 in
527 613 567 684 Q.
584 613 670 675 Fabii
686 611 819 674 Maximi
835 612 950 690 locum,
977 610 1028 691 qui
1049 610 1149 692 priore
1170 629 1253 673 anno
1269 621 1412 672 mortuus

370 713 448 779 erat,
463 701 563 763 lectus
576 700 834 780 inauguratusque
850 709 907 760 est.
952 694 1139 758 Mirantibus
1162 695 1230 778 jam
1244 697 1340 777 vulgo
1354 696 1410 758 ho·

369 788 516 866 minibus,
531 787 613 870 quod
631 783 784 866 Hispania
804 784 964 861 movisset,
988 783 1104 844 bellum
1128 783 1264 866 neglegi,
1280 783 1379 844 litera
1391 803 1412 844 a

201 889 332 946 wetino.
370 874 410 945 Q.
425 871 566 934 Minucio
580 871 689 954 adlata
703 882 786 949 sunt,
804 870 814 902 ‘
830 867 872 931 Se
889 870 928 931 ad
942 868 1080 931 Turbam
1096 869 1244 954 oppidum
1261 889 1333 931 cum
1348 865 1411 929 Bu-

202 957 309 1034 Mtnurtp
371 960 473 1022 ‘dare
488 969 522 1019 et
539 957 696 1035 Besaside,
720 957 959 1038 imperatoribus
980 953 1139 1038 Hispanis,
1164 957 1262 1038 signis
1278 956 1410 1018 conlatis

203 1021 311 1088 ΗΜ·
371 1041 543 1129 ‘prospere
558 1063 731 1126 pugnasse:
756 1042 921 1106 duodecim
932 1041 1030 1102 millia
1046 1043 1181 1106 hostium
1195 1063 1289 1105 casa:
1307 1040 1413 1104 Buda-

371 1134 381 1166 ‘
397 1151 460 1195 rem
476 1131 692 1212 imperatorem
707 1142 853 1212 captum:
870 1142 989 1192 ceteros
1009 1127 1091 1191 hrsos
1106 1127 1308 1210 fugatosque?
1355 1124 1413 1189 His

369 1217 464 1282 literis
480 1216 577 1294 lectis,
589 1217 688 1277 minus
700 1219 822 1279 terroris
834 1217 873 1277 ab
886 1215 1032 1295 Hispanis
1044 1225 1119 1294 erat,
1130 1214 1211 1278 unde
1224 1215 1335 1296 ingens
1346 1215 1409 1276 bel·
1439 1293 1441 1296 Ι

370 1305 432 1367 lum
442 1314 652 1384 exspectatum
664 1301 772 1365 fuerat.
816 1303 932 1366 Omnes
942 1320 1029 1382 curte,
1040 1313 1112 1385 post
1125 1301 1292 1364 adventum
1304 1301 1411 1382 utique

370 1391 476 1452 decern
493 1390 676 1470 legatorum,
691 1390 724 1449 in
739 1388 927 1451 Antiochum
940 1407 1041 1469 regem
1054 1409 1216 1451 conversa.
1248 1385 1304 1463 Hi,
1315 1407 1409 1468 expo·

371 1477 437 1540 sitis
458 1475 552 1556 prius,
577 1495 643 1556 quae
658 1495 726 1536 cum
743 1473 883 1557 Philippo
906 1487 977 1538 acta
992 1487 1106 1553 essent,
1122 1486 1153 1536 et
1168 1475 1278 1555 quibus
1293 1472 1410 1554 legibm

372 1561 445 1623 data
458 1581 530 1642 pax,
545 1581 607 1622 non
623 1560 771 1622 minorem
786 1561 858 1622 belli
875 1562 988 1624 molem
1003 1573 1118 1626 restare
1134 1561 1172 1621 ab
1183 1560 1343 1622 Antiocho
1355 1561 1409 1624 do-

372 1656 510 1710 cuerunt.
555 1645 701 1727 ‘Ingenti
715 1648 824 1724 classe,
844 1649 969 1730 egregio
984 1648 1119 1710 terrestri
1134 1647 1282 1725 exercitu,
1299 1646 1332 1708 in
1349 1645 1408 1710 Eu-

371 1734 383 1766 ‘
398 1753 504 1814 ropam
519 1753 588 1794 eum
604 1730 769 1812 trajecisse.
783 1733 841 1794 nisi
857 1735 1038 1810 advertisset
1049 1755 1128 1796 vana
1141 1754 1221 1816 spes,
1236 1754 1275 1794 err
1290 1733 1411 1795 vaniore

373 1820 384 1852 ‘
400 1838 521 1880 rumore
536 1831 612 1895 orta,
627 1815 756 1902 AEgypti
772 1819 958 1898 invadendae,
973 1843 1047 1882 mox
1061 1821 1142 1883 bello
1157 1817 1309 1882 Graeciam
1330 1840 1412 1881 arsu-

373 1905 384 1938 ‘
399 1925 463 1966 ram
475 1903 578 1965 luisse.
593 1924 691 1984 neque
707 1905 788 1966 enim
804 1926 842 1966 ne
856 1903 979 1968 AEtolos
994 1907 1118 1991 quidem
1133 1907 1299 1986 quieturos,
1319 1925 1410 1988 quum

372 1993 384 2025 ⁴
399 1991 523 2071 ingenio
538 1991 718 2070 inquietam,
728 2003 794 2054 tum
804 1991 913 2054 iratum
925 1991 1073 2055 Romanis
1081 2003 1215 2076 gentem.
1248 1990 1370 2054 Harere
1380 2003 1413 2052 et

373 2076 484 2136 ‘aliud
508 2076 539 2137 in
563 2077 729 2139 visceribus
753 2075 877 2140 Graecia
903 2078 1013 2160 ingens
1041 2079 1168 2156 malurn,
1199 2076 1315 2157 Nabin,
1330 2097 1412 2140 nunc

372 2159 707 2240 ‘lacedaemoniorum
722 2185 806 2243 mox,
821 2165 846 2226 ai
862 2165 964 2243 liceat,
980 2165 1123 2226 universae
1137 2163 1262 2226 Graeciae
1277 2165 1411 2228 futurum

373 2247 581 2328 ‘tyrannumt
608 2250 735 2310 avaritia
757 2263 789 2311 et
813 2251 992 2314 crudelitate
1017 2272 1123 2314 omnes
1144 2252 1227 2313 sarna
1247 2252 1415 2312 celebratos

280 2376 283 2394 ,
373 2333 543 2416 ‘tyrannos
551 2345 731 2416 aequantem.
776 2335 833 2396 Cui
842 2338 867 2397 si
875 2335 985 2418 Argos,
997 2339 1080 2400 velut
1090 2357 1192 2401 arcem
1204 2336 1418 2420 Peloponneso

372 2417 575 2498 ‘inpositam
604 2431 708 2482 tencre
738 2421 842 2498 liceat,
873 2422 1042 2503 deportatis
1068 2424 1098 2484 in
1124 2421 1245 2485 ltaliam
1268 2423 1415 2485 Romanis

373 2503 384 2536 ‘
399 2504 592 2579 exercitibus,
608 2505 810 2586 nequidquam
823 2507 982 2568 liberatam
995 2527 1013 2566 a
1027 2505 1169 2587 Philippo
1179 2505 1330 2569 Graeciam
1341 2509 1416 2586 sore,

373 2587 455 2669 ‘pro
470 2607 552 2667 rege,
568 2588 593 2648 si
608 2588 685 2648 nihil
706 2589 798 2665 aliud,
825 2589 991 2671 longinquo
1015 2591 1146 2652 vicinum
1173 2601 1334 2674 tyrannum
1360 2593 1416 2654 do-

373 2671 385 2706 ‘
400 2672 516 2733 minum
531 2671 724 2733 habituram!

416 2754 515 2818 XLV.
529 2761 556 2798 ¹⁶
570 2755 645 2818 Haec
661 2778 752 2838 quum
768 2757 833 2840 jam
854 2761 893 2820 ab
908 2763 1049 2842 grasdbus
1072 2763 1250 2841 auctoribus,
1274 2774 1342 2824 tum
1360 2765 1418 2844 qui

374 2844 479 2905 omnia
492 2861 546 2924 per
561 2863 592 2904 se
615 2843 697 2924 ipsos
718 2845 878 2926 explorata
899 2847 1055 2924 referrent,
1082 2848 1234 2910 audirent¹
1257 2847 1417 2930 majores3

374 2928 458 3010 quod
483 2929 523 2989 ad
547 2927 735 2992 Antiochum
754 2931 921 3010 adtineret,
948 2933 1130 2996 maturanda
1155 2933 1213 3013 his,
1238 2955 1333 3018 quum
1360 2953 1416 2997 rex

375 3032 564 3095 quacumque
587 3015 626 3075 de
652 3035 758 3076 caussa
782 3016 813 3076 in
838 3014 956 3100 Syriam
982 3022 1193 3100 concessisset,
1220 3022 1258 3084 de
1285 3031 1416 3105 tyranno

375 3100 562 3163 consultatio
581 3101 646 3162 visa
668 3113 723 3163 est.
767 3101 869 3172 Quum
893 3103 943 3165 diu
971 3105 1173 3189 disceptatum
1200 3119 1290 3186 esset,
1314 3119 1417 3168 utrum

369 3185 437 3267 jam
452 3206 565 3248 caussae
576 3189 650 3249 satis
663 3188 827 3266 videretur,
851 3192 878 3229 ²⁰
890 3210 944 3251 cur
960 3191 1183 3273 decerneretur,
1199 3215 1238 3255 an
1254 3195 1416 3278 permitte·

372 3283 443 3334 rent
465 3271 505 3334 Τ.
521 3272 687 3343 Quinctio:
715 3274 798 3354 quod
818 3275 858 3336 ad
882 3275 983 3339 Nabin
1003 3277 1267 3344 lacedaemonium
1295 3279 1416 3342 adfine·

372 3369 430 3435 ret,
456 3358 581 3437 iaceret,
611 3381 677 3442 que
700 3381 718 3421 e
744 3361 899 3442 republica
924 3377 1063 3427 censeret
1086 3386 1164 3444 esse,
1190 3365 1394 3448 permiserunt
1402 3389 1413 3448 Ις

374 3463 443 3506 eam
467 3465 531 3506 rem
555 3448 620 3506 esse
646 3447 714 3523 rati,
738 3467 804 3528 quae
828 3459 982 3512 maturata
1005 3450 1137 3513 dilatave
1152 3473 1215 3514 non
1231 3464 1296 3515 tam
1313 3453 1414 3534 magni

374 3530 524 3590 momenti
540 3529 579 3590 ad
595 3549 743 3592 summam
760 3553 824 3594 rem
847 3536 951 3616 populi
978 3535 1109 3600 Romani
1132 3550 1221 3601 esset.
1265 3537 1370 3620 Magis
1383 3537 1415 3600 id

205 3617 324 3697 Hamibql
335 3627 362 3694 ιι
376 3614 677 3676 animadvertendum
697 3638 774 3695 esse,
798 3621 871 3699 quid
892 3619 1047 3684 Hannibal
1072 3636 1106 3687 et
1134 3625 1415 3707 Karthaginienses,

205 3683 355 3744 ¹⁴²‘2h¹⁸¹”¹·
375 3699 400 3760 si
416 3719 485 3759 cum
501 3697 657 3764 Antiocho
672 3715 773 3766 ortum
790 3705 870 3767 foret
882 3707 1006 3787 bellum,
1021 3712 1120 3772 acturi
1141 3723 1253 3774 essent.
1297 3712 1412 3772 Adver-

204 3813 274 3876 pecu.
283 3763 334 3796 ’ω’
375 3805 414 3848 sae
438 3783 604 3851 Hannibali
628 3787 768 3851 factionis
792 3791 931 3854 homines
955 3795 1142 3877 principibus
1163 3795 1323 3876 Romanis,
1339 3798 1415 3860 ami-

336 3893 341 3916 *
373 3871 418 3934 cis
433 3871 559 3953 quisque
575 3872 646 3951 suis,
662 3874 838 3938 idemtidem
850 3939 852 3946 ,
865 3879 1047 3958 scribebant,
1074 3882 1235 3945 ‘Nuncios
1255 3883 1416 3966 literasque

374 3959 384 3992 ‘
400 3957 439 4018 ab
454 3955 626 4020 Hannibale
643 3959 682 4020 ad
693 3961 881 4025 Antiochum
896 3966 1014 4044 missas,
1029 3979 1061 4030 et
1076 3969 1115 4029 ab
1128 3989 1197 4050 rege
1208 3969 1247 4030 ad
1258 3969 1419 4032 eumclam

788 4061 934 4112 'audirentur
943 4065 1010 4114 Crev.

403 4137 425 4172 2⁵
432 4135 486 4187 Haec
521 4141 624 4200 nmjam.
635 4142 793 4206 Λαδίκην]
804 4141 877 4204 Vulgo
909 4147 1051 4206 arrdirentnr,
1060 4151 1177 4213 maiorm,
1186 4153 1242 4213 quod
1249 4153 1279 4200 orl
1287 4151 1418 4200 Antiochou

371 4153 879 4276 audiant.llcposuimmavdirmmrexauc·
910 4213 1027 4269 uttimret5
1050 4216 1184 4262 maturanda
1199 4231 1219 4261 sn
1253 4217 1277 4272 ἰ,
1297 4232 1365 4278 prun
1383 4231 1420 4262 rar

371 4271 578 4316 toritatevarerum
596 4270 722 4319 editorum.
746 4273 830 4322 Cetera
846 4274 877 4322 sic
909 4290 1039 4339 qrtocurque
1056 4278 1083 4326 de
1097 4295 1164 4327 musa
1182 4282 1207 4327 in
1259 4282 1318 4327 riam
1336 4295 1419 4329 mats·

371 4327 593 4388 refingitielicimima
600 4339 733 4400 conjectura
737 4335 877 4387 Perizoniusr
910 4341 979 4401 viram,
989 4343 1017 4387 de
1024 4351 1118 4404 tyranno
1127 4345 1308 4392 consultatioviru
1317 4353 1360 4392 cst.

372 4390 879 4463 Ηιοᾳιιιιιιιωπιὺςιιυὲὸιιιιιεωϋιιψιω
943 4401 1024 4450 ”car
1049 4407 1213 4472 deceantur]
1244 4406 1290 4457 Vel
1311 4407 1424 4470 intellige,

371 4459 410 4518 qui
421 4459 493 4507 omnis
504 4475 545 4521 per
558 4463 632 4524 scipsos
641 4467 750 4526 aptorum
763 4467 880 4532 rffrrrcah
911 4467 948 4518 vel
958 4469 1015 4519 addc
1026 4470 1113 4524 bellum.
