3080 5196
356 332 415 390 296
766 324 850 384 ΤΙΤΙ
866 323 969 383 L1v11

166 503 168 510 ·
196 499 231 550 U.
241 497 271 548 c.
281 497 337 548 5⁶2.
363 491 464 564 parto,
479 480 702 563 (spectaverant
712 478 795 540 enim
805 501 822 541 e
834 478 984 540 moenibus
996 475 1135 559 Pergami
1146 497 1208 539 non
1223 476 1278 538 viri
1299 471 1415 553 modo,

196 567 228 614 Α
240 565 270 615 ⁰·
283 563 336 612 190.
366 568 421 630 sed
435 568 554 630 feminae
569 567 673 646 edam)
692 566 724 626 in
739 565 909 648 praesidium
924 564 1006 626 urbis
1021 564 1122 626 rediit.

200 668 283 718 Alter·
408 651 496 716 XXl.
518 653 644 716 Postero
670 652 720 714 die
744 652 842 732 regiae,
865 650 962 731 magis
989 651 1165 731 compositae
1190 659 1221 711 et
1244 649 1413 724 ordinatae,

199 734 300 803 aupes.
367 741 515 802 stationes
531 738 703 820 quingentis
719 737 856 819 passibus
872 735 993 817 longius
1008 737 1047 798 ab
1062 737 1134 797 urbe
1148 746 1318 818 posuerunt
1338 754 1410 794 cas-

366 835 433 885 tra:
457 838 490 885 et
503 824 607 886 Achaei
630 825 739 885 eodem
754 824 849 884 ferme
872 832 1021 904 tempore,
1037 834 1128 903 atque
1150 823 1181 882 in
1199 822 1346 883 eumdem
1362 819 1410 880 lo-

366 929 436 972 cum
459 921 676 989 processerunt.
720 908 777 971 Per
792 909 1007 970 multashoras
1029 909 1140 970 intenti
1155 909 1309 989 utrimque
1324 905 1410 967 velut

362 994 428 1075 jam
450 995 581 1056 futurum
609 996 745 1078 inpetum
769 1006 1001 1077 exspectavere:
1039 1005 1200 1077 postquam
1222 993 1307 1056 haud
1332 1013 1409 1076 pro·

365 1080 415 1142 cul
436 1101 547 1143 occasu
568 1081 639 1143 solis
661 1081 805 1143 redeundi
828 1081 859 1144 in
882 1091 982 1156 castra
998 1093 1123 1163 ‚tempus
1144 1092 1220 1159 erat,
1242 1081 1320 1162 regii
1342 1079 1410 1159 sig-

366 1167 413 1228 nis
443 1167 570 1228 conlatis
603 1167 685 1229 abire
708 1167 839 1249 agmine,
870 1167 909 1228 ad
932 1169 990 1229 iter
1012 1169 1119 1248 magis,
1141 1187 1232 1249 quam
1263 1168 1303 1229 ad
1327 1185 1410 1249 pug-

364 1273 448 1332 nam,
481 1254 663 1335 composito,
690 1271 817 1335 ctqrere.
877 1253 998 1323 Quievit
1036 1253 1224 1337 Diophanes,
1263 1253 1337 1314 dum
1375 1253 1410 1313 in

367 1351 530 1422 conspectu
545 1351 642 1402 erant.
665 1340 775 1403 deinde
790 1340 910 1415 eodem,
932 1360 992 1420 quo
1007 1340 1114 1423 pridie,
1133 1342 1238 1422 inpetu
1261 1341 1292 1401 in
1316 1351 1407 1421 post·

366 1445 483 1488 remum
508 1447 617 1507 agmen
640 1427 785 1504 incurrit3
818 1437 996 1506 tantumque
1021 1447 1120 1488 rursus
1149 1426 1269 1509 pavoris
1292 1447 1331 1488 ac
1352 1439 1406 1487 tu·

365 1513 477 1576 multus
498 1512 634 1591 incussit,
665 1524 709 1589 ut,
742 1533 834 1593 quum
866 1525 954 1594 terga
975 1514 1170 1591 caederentur,
1200 1534 1291 1575 nemo
1323 1507 1406 1595 pug-

363 1599 458 1661 nandi
479 1619 586 1660 caussa
606 1599 760 1661 restiterit.
782 1598 1036 1680 trepidantesque,
1059 1613 1092 1663 et
1112 1600 1163 1662 vix
1187 1600 1325 1662 ordinem
1348 1619 1407 1679 ag·

363 1684 456 1746 minis
486 1696 647 1762 servantes,
670 1687 701 1747 in
732 1697 832 1747 castra
862 1687 1010 1768 compulsi
1037 1698 1116 1748 sunt.
1171 1683 1245 1747 Haec
1270 1685 1405 1747 Achaeo·

198 1774 352 1855 lfefasmicb·
365 1791 432 1833 rum
456 1771 582 1832 audacia
611 1771 770 1834 Seleucum
800 1791 838 1834 ex
871 1793 944 1853 agro
973 1772 1159 1854 Pergameno
1189 1791 1309 1834 movere
1335 1791 1407 1832 cas-

199 1841 334 1890 '¹‘¹¹⁰⁸⁰¹⁹¹'
366 1868 413 1920 tra
442 1859 553 1939 co'egit.
611 1858 792 1936 Antiochus,
817 1872 990 1941 ,postquam
1028 1859 1184 1922 Romanos
1221 1871 1253 1920 ct
1286 1855 1404 1918 Eume-

198 1912 245 1959 Μ’
339 1993 340 1998 ,
364 1964 436 2005 nem
457 1945 497 2006 ad
512 1939 910 2028 tuendum'Adramytteum
931 1947 1048 2008 venisse
1070 1944 1195 2022 audivit,
1218 1967 1256 2006 ea
1277 1944 1404 2026 quidem

365 2031 439 2092 urbe
467 2031 621 2109 abstinuit,
650 2030 850 2114 depopulatus
881 2052 979 2112 agros.
1034 2031 1201 2094 ⁶⁴Peraeam
1231 2030 1313 2107 inde,
1346 2051 1402 2092 co-

364 2117 479 2180 loniam
509 2116 763 2200 Mitylenaeorum,
801 2119 994 2200 expugnavit.
1051 2117 1176 2196 Cotton,
1210 2128 1242 2179 et
1274 2116 1403 2200 Coryle-

363 2224 431 2283 nus,
461 2216 493 2267 et
513 2204 724 2286 Aphrodisias,
752 2215 785 2265 et
806 2202 914 2281 Cretae,
943 2206 1042 2288 primo
1065 2206 1169 2286 inpetu
1198 2215 1297 2286 capta
1317 2216 1402 2264 suat.

363 2290 434 2352 inde
449 2313 502 2374 per
516 2289 664 2375 Thyatira
683 2287 807 2368 Sardes,
819 2291 918 2352 rediit.
963 2289 1116 2369 Seleucus,
1131 2292 1162 2352 in
1177 2291 1332 2354 maritima
1346 2310 1403 2351 ora

360 2396 554 2458 permanens,
570 2378 636 2439 aliis
660 2378 776 2456 terrori,
792 2377 857 2438 aliis
871 2377 1010 2459 praesidio
1033 2389 1108 2440 erat.
1152 2375 1264 2438 Classis
1283 2375 1400 2438 Roma·

362 2483 404 2523 na
429 2483 497 2525 cum
520 2462 655 2526 Eumene
677 2463 866 2544 Rhodiisque
891 2462 1059 2546 Mitylenen
1081 2463 1191 2546 primo,
1218 2462 1287 2524 inde
1309 2475 1401 2538 retro,

362 2548 443 2610 unde
458 2549 692 2632 presenserat,
709 2549 820 2611 Rlaearn
843 2549 942 2612 rediit.
987 2547 1063 2612 lnde
1087 2549 1241 2612 Phocaeam
1257 2560 1400 2630 petentes

364 2634 404 2695 ad
418 2634 558 2713 insulam,
581 2654 672 2715 quam
687 2633 836 2696 Baebium
851 2646 971 2715 vocant,
997 2636 1138 2714 (inminet
1152 2637 1218 2699 urbi
1235 2635 1399 2698 Phocaeen-

278 2741 281 2746 ·
363 2721 454 2799 sium)
471 2721 662 2803 adpulerunt,
685 2733 727 2799 et,
742 2722 849 2802 quibus
871 2733 943 2784 ante
965 2723 1173 2785 abstinuerant
1192 2721 1310 2804 templis
1329 2722 1397 2803 sig·

362 2807 479 2888 nisque,
499 2807 631 2889 (egregie
646 2818 747 2869 autem
762 2819 908 2870 exornata
923 2809 1020 2871 insula
1039 2809 1117 2892 erat)
1133 2830 1223 2891 quum
1241 2808 1398 2870 hostiliter

364 2893 569 2976 diripuissent,
584 2894 623 2956 ad
638 2893 736 2976 ipsam
751 2895 855 2956 urbem
873 2897 1113 2958 transmiserunt.
1135 2916 1203 2957 eam
1225 2894 1326 2956 dirisis
1349 2895 1400 2956 in-

363 2991 409 3042 ter
424 3000 457 3041 se
471 2981 607 3063 partibus
629 3001 721 3063 quum
736 2982 957 3063 obpugnarent,
980 2992 1012 3042 et
1029 2982 1176 3059 viderent,
1200 2983 1226 3020 ⁰⁵
1237 2981 1302 3042 sine
1323 3001 1400 3063 ope·

362 3066 455 3143 ribus,
470 3067 561 3128 armis
575 3067 721 3149 scalisque
744 3067 813 3148 capi
829 3087 891 3129 non
904 3088 1016 3150 posse;
1048 3068 1173 3131 missum
1189 3069 1227 3130 ab
1241 3066 1400 3130 Antiocho

362 3153 531 3234 praesidinm
560 3153 651 3215 trium
675 3153 804 3215 millium
835 3165 1019 3216 armatorum
1053 3175 1145 3237 quum
1175 3155 1320 3215 intrasset
1347 3175 1398 3214 ur·

361 3239 451 3318 bem3
482 3240 646 3321 extemplo,
672 3240 898 3322 obpugnatione
928 3241 1050 3317 omissa,
1072 3241 1176 3302 classis
1206 3239 1245 3300 ad
1268 3239 1397 3301 insulam

362 3347 396 3389 se
424 3328 549 3410 recepit,
572 3326 647 3389 nihil
668 3326 752 3388 aliud
774 3345 862 3408 quarn
893 3325 1077 3409 depopulato
1099 3326 1181 3389 circa
1200 3327 1306 3388 urbem
1328 3326 1400 3388 hos-

361 3412 438 3474 tium
507 3436 537 3477 ο.

405 3433 508 3565 XXalglr
531 3497 606 3562 Inde
636 3499 752 3583 placuit
772 3497 941 3562 Eumenem
962 3498 1088 3562 domum
1119 3499 1244 3577 dimitti,
1267 3507 1299 3561 et
1323 3517 1398 3579 pne-

359 3604 466 3668 parare
495 3587 611 3648 consuli
635 3599 726 3668 atque
749 3585 906 3660 exercitui,
928 3605 994 3667 qnae
1020 3586 1060 3648 ad
1086 3587 1247 3649 transitum
1275 3583 1398 3647 Helles·

358 3672 445 3755 ponti
457 3693 532 3756 opus
543 3683 659 3735 essent:
675 3671 846 3736 Romanam
859 3670 1072 3753 Rhodiamque
1083 3672 1213 3734 classem
1229 3671 1327 3734 redire
1339 3668 1398 3732 Sar

389 3803 411 3839 ⁶⁴
439 3802 547 3866 Peneon]
577 3805 680 3854 Andreas
706 3804 775 3853 habet
801 3803 860 3852 Phe.
892 3802 945 3851 bem
957 3802 1069 3868 Phrygiae.
1085 3803 1226 3866 Aphrodisias
1236 3805 1259 3852 in
1269 3801 1336 3850 Caria
1345 3813 1402 3851 nota

354 3885 430 3918 mn:
458 3869 545 3919 Victor.
570 3871 629 3920 liber
656 3880 678 3920 at
695 3871 808 3934 sansana
837 3869 861 3918 in
892 3879 936 3926 est,
950 3870 989 3917 aed
1005 3869 1062 3917 nihil
1078 3868 1124 3918 hue
1140 3870 1232 3918 attinet.
1264 3869 1311 3917 Pro
1330 3869 1403 3916 Cam

354 3933 447 3984 tama
467 3935 544 3984 codice
560 3936 640 3997 legisse
658 3951 683 3984 ae
700 3935 752 3984 uae.
769 3934 860 3982 Grono·
891 3935 995 3982 ndreae
1007 3933 1074 3982 habet
1092 3931 1203 3982 Prima:
1219 3933 1346 3981 Ghrenna
1359 3949 1402 3982 re-

353 3999 405 4048 vius
421 4000 519 4050 affirmat
536 4009 558 4048 et
570 4017 664 4062 pamm.
696 4001 753 4048 lude
767 3998 805 4047 illa
821 3997 858 4046 el·
890 3998 990 4063 periebat
1003 3999 1085 4047 insuia
1095 3997 1184 4055 Priene,
1248 4015 1293 4061 quo
1303 4001 1400 4048 nominc

353 4065 401 4114 ficit
426 4064 566 4128 Eapatrioan,
588 4067 667 4114 nahem
691 4065 785 4130 Mysiae,
807 4079 857 4113 rae·
889 4064 1179 4129 ampioeturrsponiposse
1211 4064 1400 4127 immaturius

353 4141 463 4179 montem
482 4131 607 4196 Stephano.
636 4129 715 4179 'Perea
735 4130 800 4194 regio
816 4140 860 4183 sat,
890 4129 966 4178 estM
994 4131 1031 4178 ἰ.

353 4195 530 4260 ncooppidnru.
562 4197 607 4245 Sed
625 4207 650 4244 et
667 4196 691 4242 in
710 4195 737 4243 iis
754 4209 806 4258 quae
820 4209 857 4242 aa·
921 4192 958 4228 ‘⁵'
976 4195 1131 4256 inceperibas,
1147 4193 1400 4256 minutianus

354 4271 457 4322 quantur
473 4262 600 4309 nominihm
617 4271 742 4322 magnaeus
756 4259 856 4308 difficul·
887 4259 1008 4321 mapsa]
1024 4259 1079 4308 Nou
1097 4259 1195 4322 paneri
1207 4257 1254 4306 sola
1267 4271 1400 4318 arm,

353 4335 396 4374 tas.
430 4324 506 4373 cona
523 4338 547 4374 et
559 4325 677 4389 Cotylam
687 4325 778 4373 uomina
792 4339 856 4390 pror·
887 4335 963 4388 stper
978 4323 1217 4388 scalaaimpeeucapi‚
1230 4324 1271 4371 aed
1289 4337 1400 4370 narem

352 4405 393 4440 ms
411 4390 487 4452 ignota
503 4402 565 4439 aunt.
607 4391 650 4438 l’ro
671 4388 791 4454 Corylm
809 4403 856 4438 non
886 4389 1345 4456 riomloretnopesibnaoppugoaretur.

353 4456 431 4522 inepte
444 4457 533 4521 reponit
547 4453 656 4522 Dujatios
673 4452 802 4520 Drrylotan,
816 4471 855 4504 cr·
