3026 5164
433 331 512 392 LlB.
527 332 593 392 XL.
618 333 700 395 CAP.
715 333 841 394 XXXV.
1107 340 1177 397 tas.

121 485 343 573 Thermopylas
367 489 590 571 depugnasset:
617 491 829 574 locaveratque
855 491 935 554 idem
962 511 1001 553 ex
1026 501 1162 572 senatus·
1177 503 1319 556 metit.
1349 537 1352 544 ·

124 577 275 638 consulto.
319 574 512 638 Pereosdem
534 577 610 654 dies,
626 578 733 659 quibus
756 579 801 640 hae
816 577 893 640 aedes
913 577 1060 639 dedicatae
1082 589 1161 654 sunt,
1174 570 1206 618 A.
1219 569 1248 620 ‘⁹'-
1262 570 1317 620 ¹⁰¹·

121 660 158 730 L.
173 660 313 724 AEmilius
329 659 450 723 Paullus
467 663 629 744 proconsul
656 685 695 726 ex
711 663 868 746 Liguribus
895 662 1036 746 Ingaunis
1052 664 1161 726 trium·
1173 674 1312 738 Triumphus

123 749 238 831 phavit.
281 745 450 810 Transtulit
476 769 604 810 coronas
631 769 735 812 aureus
751 751 883 831 quinque
907 760 940 811 et
965 749 1081 830 viginti.
1103 739 1304 818 „echanolt

122 846 268 916 praeterea
282 834 446 915 quidquam
471 836 535 896 auri
560 837 739 917 argentique
766 837 797 897 in
820 857 858 896 eo
881 835 1035 917 triumpho
1054 835 1160 899 latum.
1174 805 1258 856 M*

122 921 233 1004 captivi
257 920 344 981 multi
368 919 518 1001 principes
543 919 688 1002 Ligurum
710 933 781 984 ante
804 942 922 993 currum
944 921 1037 984 ducti.
1061 923 1160 984 ¹²aeris

121 1019 263 1070 trecenos
286 1006 432 1068 militibus
447 1006 567 1074 ,divisit
610 1007 771 1070 Auxerunt
794 1007 859 1089 ejus
880 1007 1025 1090 triumphi
1048 1006 1161 1084 lamam

123 1093 217 1172 legati
244 1090 400 1174 Ligurum,
415 1113 522 1174 pacem
547 1105 722 1176 perpetuam
743 1107 878 1156 orantes:
907 1094 972 1156 ‘ita
984 1094 1014 1154 in
1027 1095 1160 1158 animum
1174 1111 1255 1163 oseem
1266 1127 1308 1178 pe·

121 1179 297 1240 ‘induxisse
309 1176 453 1260 Ligurum
466 1189 602 1259 gentem,
617 1180 700 1240 nulla
715 1201 858 1260 umquam
870 1200 966 1257 arma,
978 1180 1036 1241 nisi
1050 1180 1160 1261 imper·
1173 1190 1224 1228 ¹⁰⁰¹
1236 1181 1307 1242 Ligu·

121 1265 133 1298 ‘
145 1275 197 1326 ata
211 1265 354 1347 apopulo
367 1263 517 1342 Romano,
529 1263 666 1328 sumere!
691 1265 881 1347 Responsum
897 1265 965 1336 aQ.
979 1265 1072 1327 Fabio
1084 1287 1160 1349 prae-
1172 1261 1217 1294 ¹⁸⁸·

122 1361 190 1413 tore
205 1363 252 1412 est
264 1349 427 1431 Liguribus
431 1349 517 1431 jussu
533 1364 665 1429 senatus,
681 1352 881 1414 ‘Orationem
895 1372 963 1413 eam
976 1371 1037 1413 non
1052 1373 1161 1414 novam

122 1434 308 1517 ‘Liguribus
329 1457 413 1497 esse:
437 1457 522 1498 mens
536 1458 608 1498 vero
631 1449 665 1498 ut
679 1459 758 1499 nova
777 1450 811 1500 et
823 1438 954 1499 orationi
980 1438 1162 1500 conveniens

122 1521 237 1600 ‘esset,
253 1522 385 1603 ipsorum
410 1522 441 1582 id
465 1523 628 1602 plurimum
652 1524 770 1584 referre.
791 1523 842 1584 Ad
856 1523 993 1584 consulas
1013 1523 1102 1601 irent,
1118 1535 1162 1600 et,

121 1607 134 1641 ‘
147 1628 213 1688 ,quae
225 1608 264 1670 ab
276 1608 311 1668 iis
323 1610 473 1690 imperata
483 1621 594 1685 essent,
608 1608 751 1670 facerent.
763 1609 838 1671 nulli
851 1609 913 1684 alii,
926 1629 1017 1690 quam
1029 1609 1160 1670 consuli·

122 1695 133 1726 ‘
145 1695 212 1771 bus,
227 1705 366 1756 senatum
378 1693 562 1755 crediturum
572 1715 647 1772 esse,
664 1697 689 1733 ¹³
699 1695 817 1756 sincera
831 1695 891 1756 fide
901 1695 932 1756 in
941 1715 1017 1776 pace
1033 1692 1160 1775 Ligures

125 1778 237 1845 ‘esse'
265 1778 328 1842 Pax
342 1781 374 1840 in
391 1777 550 1860 Liguribus
566 1780 634 1841 fuit.
659 1778 694 1841 In
711 1780 835 1842 Corsica
850 1793 1019 1864 pugnatum
1034 1791 1081 1840 est
1091 1799 1161 1842 cum

124 1863 236 1928 Corsis.
261 1867 299 1927 ad
316 1866 376 1941 duo
402 1866 499 1926 millia
523 1887 627 1927 eorum
642 1865 689 1928 M.
707 1865 841 1928 Pinarius
858 1867 1013 1948 praetorio
1029 1865 1091 1926 acie
1107 1886 1160 1928 oc·

124 1952 208 2014 cidit.
223 1972 285 2032 qua
299 1952 386 2014 clade
402 1950 549 2033 compulsi
562 1953 682 2014 obsides
698 1953 857 2029 dederunt,
869 1967 901 2015 et
916 1955 1023 2014 ¹⁴cerae
1038 1962 1160 2014 centum

122 2038 219 2100 millia
233 2038 347 2120 pondo.
393 2035 468 2098 Inde
484 2037 515 2098 in
531 2035 703 2100 Sardiniam
727 2040 878 2100 exercitus
895 2038 1013 2114 ductus,
1038 2048 1069 2098 et
1091 2057 1167 2108 cum,

120 2121 291 2202 Iliensibus,
306 2133 397 2206 gente
412 2143 451 2184 ne
466 2143 546 2185 nunc
559 2125 683 2204 quidem
695 2125 777 2186 omni
789 2135 876 2207 parte
888 2135 1009 2207 pacata,
1027 2123 1166 2186 secunda.

122 2210 231 2290 proelia
245 2210 336 2271 facta.
392 2212 417 2248 ¹⁵
432 2206 735 2290 Karthaginiensibus
750 2213 857 2274 eodem
874 2232 954 2272 anno
969 2221 1089 2271 centum
1104 2210 1161 2271 ob-

124 2294 206 2357 sides
223 2296 345 2372 redditi,
374 2297 398 2364 ¹⁴⁶
411 2315 579 2377 pacemque
595 2307 683 2358 cum*
708 2298 744 2358 iis
768 2297 896 2379 populus
917 2295 1083 2371 Romanus,
1099 2314 1160 2356 non

121 2380 161 2441 ab
184 2401 216 2443 se
231 2391 362 2458 tantum,
376 2380 430 2441 sed
454 2381 492 2441 ab
507 2402 577 2462 rege
592 2383 685 2444 etiam
701 2380 873 2460 Masinissa,
897 2381 1049 2466 praestitit:
1075 2383 1099 2426 ¹⁷
1109 2380 1161 2462 qui

120 2467 206 2528 tumb
221 2467 361 2548 prasidio
385 2477 502 2528 armato
518 2488 634 2548 agrum,
660 2469 758 2550 quiin
784 2470 989 2534 controversia
1005 2479 1081 2546 erat,
1103 2469 1160 2532 ob·

119 2553 250 2614 tinebat.

164 2635 297 2700 XXXV.
329 2639 468 2704 Otiosam
497 2643 683 2725 provinciam
714 2645 851 2706 consules
882 2643 1061 2710 habuerunt.
1114 2643 1160 2710 M.
1173 2655 1313 2711 metra.

120 2721 250 2802 Baebius,
280 2727 472 2790 comitiomm
510 2749 619 2791 caussa
655 2728 784 2791 Romam
822 2742 989 2812 revocatus,
1022 2734 1160 2796 consules
1173 2723 1244 2774 Ac.
1258 2722 1326 2772 ¹⁸⁰t·

120 2810 235 2871 creavit
258 2809 296 2871 A.
321 2809 511 2876 Postumium
536 2815 683 2876 Albinum
707 2813 840 2878 Luscum
860 2827 892 2878 et
911 2815 947 2876 C.
963 2811 1160 2900 Calpurnium

119 2892 272 2956 Pisonem.
317 2894 462 2960 Praetores
478 2900 589 2962 exinde
614 2901 688 2960 sacti
710 2899 760 2962 Ti.
776 2899 973 2983 Sempronius
994 2901 1160 2981 Gracchus,

38 3000 41 3008 ·
119 2977 157 3042 L.
179 2978 350 3042 Postumius
373 2983 512 3062 Albinus,
539 2983 572 3045 P.
588 2983 747 3046 Cornelius
771 2984 952 3065 Mammula,
978 2985 1028 3050 Ti.
1055 2987 1160 3050 Minu-

117 3066 184 3128 cius
199 3063 385 3145 Molliculus,
410 3069 450 3132 A.
467 3067 617 3132 Hostilius
632 3069 806 3149 Mancinus,
833 3069 869 3132 C.
882 3071 1021 3134 Maenius.
1046 3074 1067 3136 ii
1091 3095 1158 3136 om·

117 3171 172 3212 aras
197 3153 410 3232 magistratum
437 3153 541 3217 Idibus
567 3154 690 3217 Martiis
715 3157 857 3219 inierunt.
915 3157 1067 3240 Principio
1093 3159 1158 3241 ejus

117 3237 203 3314 anni,
218 3258 278 3318 quo
302 3238 341 3300 A.
358 3237 529 3304 Postumius
544 3241 672 3302 Albinus
692 3255 724 3303 et
739 3241 776 3304 C.
792 3241 972 3326 Calpurnius
994 3243 1061 3308 Piso
1084 3267 1157 3308 con·
1170 3259 1202 3308 A.
1214 3259 1299 3311 Portu.

117 3322 197 3385 sules
224 3324 357 3402 fuerunt,
382 3327 420 3386 ab
445 3327 485 3390 A.
514 3325 669 3388 Postumio
692 3329 816 3391 consule
842 3329 873 3390 in
898 3341 1039 3394 senatum
1061 3331 1158 3395 intro·
1171 3325 1277 3438 ἕνα,
1299 3409 1313 3422 ..

309 3447 321 3471 ¹
336 3455 384 3496 tum
395 3447 454 3513 llup·
656 3447 728 3500 bcttrn
738 3444 808 3502 Cret.
819 3453 892 3502 Doer.
903 3453 966 3520 liupr¹
1171 3405 1294 3505 &apparo

1458 2821 1471 2937 *an-n...-
1455 2526 1478 2808 “gp-nrau'n<
1458 2417 1474 2484 ⁶5-
1466 2333 1474 2399 --ae-
1461 2267 1475 2318 2.—

150 3549 448 3616 ¹2AErotroeeatu10ui
469 3568 622 3618 aequantur·
654 3559 719 3606 etiam
750 3557 865 3607 Mariam
888 3559 1000 3623 prestitit]
1032 3563 1168 3616 Gronotius

114 3615 161 3665 eiu
172 3617 260 3676 argenti
277 3628 389 3666 nostrates
403 3631 480 3668 ternis
490 3636 542 3669 cum
555 3622 624 3679 stab,
653 3623 716 3671 delet
732 3625 762 3670 rb
780 3639 837 3680 eum,
852 3635 876 3671 st
886 3623 939 3673 huic
949 3627 1063 3676 donandae
1081 3645 1165 3678 amem

116 3692 143 3729 ut
149 3692 239 3737 vocant,
245 3682 332 3742 grania.
654 3688 740 3735 dationi
751 3689 816 3736 affert
825 3689 941 3752 exempla:
959 3707 972 3738 s
984 3691 1050 3740 Livio
1061 3695 1168 3758 quidam,

148 3745 169 3780 ¹³
186 3743 330 3808 Sincerafide
346 3748 372 3794 t'n
388 3763 441 3808 paca
456 3747 552 3813 ligures
567 3749 619 3812 esse]
654 3749 671 3799 l.
684 3765 721 3800 rx.
732 3767 753 3801 t.
764 3755 803 3801 2⁰.
836 3752 901 3802 Pacis
918 3771 1046 3815 peromnem
1057 3759 1160 3820 Apuliam
1235 3807 1240 3818 ,

114 3809 202 3858 Totum
211 3809 254 3858 lroc
265 3809 377 3872 abjudicat
385 3809 446 3863 Vict.
458 3816 545 3862 codex:
561 3817 620 3877 quod
650 3819 777 3876 prestanda
810 3818 888 3878 populo
920 3817 1017 3867 Ramrorro
1048 3831 1159 3871 amores.-

114 3875 218 3924 etincile
230 3874 403 3934 intelligeretur,
419 3879 508 3926 etiarnsi
526 3880 622 3928 abesset.
654 3881 769 3928 *xxxrm
788 3883 827 3930 28.
842 3897 886 3942 par
906 3898 988 3945 proque
1008 3889 1130 3945 prestanda
1143 3904 1160 3936 a

113 3939 182 3988 Adde
192 3948 217 3988 st
229 3940 395 3988 incommodam
407 3941 552 3992 iterationem
560 3944 622 3992 verbi
653 3943 750 3991 bor-boris
759 3953 816 4004 erat,
826 3962 907 4012 nempe
920 3949 1029 3996 exereini
1042 3949 1158 4002 Romano:

114 4018 172 4052 m:
194 4005 329 4080 creditenim
351 4019 409 4062 esse,
430 4009 515 4056 narcara
526 4009 578 4068 fide
599 4010 623 4056 in
654 4015 686 4060 ie
704 4008 794 4056 Junino
811 4026 873 4067 vero,
889 4011 955 4076 plane
973 4015 1089 4072 geminum
1106 4015 1159 4065 lruie

113 4065 625 4200 utn.n...1...,
653 4071 1160 4198 ts..¹1.n:·.nt.‚t.ssnnn

116 4195 258 4244 Parisicnses
269 4198 355 4245 rarat.
654 4207 711 4260 tom,
723 4205 874 4250 verumetiam
883 4222 898 4252 a
908 4205 1057 4266 finitimorum
1070 4207 1161 4271 feritate

150 4259 172 4294 ¹⁵
197 4259 559 4324 Carthaginiensibus....csntum
586 4267 623 4312 oir-
653 4267 787 4324 praetiterit.

112 4325 169 4374 rides
178 4322 270 4384 reddita]
289 4323 451 4388 vionagii.
465 4331 624 4378 xxx11.c.2.
688 4328 709 4366 ¹⁷
728 4327 773 4382 Qui
789 4347 839 4380 nrm
857 4333 966 4396 prasidio]
988 4333 1160 4398 substituimus,

153 4387 174 4422 ¹⁶
191 4385 311 4449 Pauorque
336 4405 386 4440 cum
408 4392 435 4438 iis
459 4393 551 4454 populus
576 4391 624 4439 Ro·
656 4391 1094 4462 auttorellict.codice,praapositioncm
1102 4417 1161 4461 curn,
1261 4413 1263 4416 ·

116 4469 197 4504 munira
218 4469 262 4502 non
283 4452 310 4498 ab
327 4467 348 4501 se
364 4463 460 4518 mnium,
481 4457 517 4504 sed
534 4458 626 4522 alrrgt
656 4471 737 4524 proco
749 4460 1117 4527 quodinvugatistegirumn.
