3026 5164
249 413 254 422 .
342 365 407 424 sss·
711 331 718 345 ’
762 351 848 416 nrt
868 351 969 412 mvn

101 507 104 512 ’
174 525 320 584 musta.
343 513 404 592 dia,
419 531 493 593 quos
516 511 714 586 dimitterent,
730 529 865 589 quosque
881 507 1046 570 retinerent
1060 506 1185 586 milites,
1208 519 1393 590 compostis-

177 596 210 647 Α·
222 597 251 648 C·
263 597 322 648 1⁸⁰·
343 610 424 662 runt.
468 597 544 660 Inde
568 595 699 673 Fulvius,
726 593 929 656 exauctoratis
950 592 1095 656 militibus
1117 594 1149 654 in
1165 615 1258 656 naves
1276 595 1396 676 inposi-

341 687 392 762 tis,
413 684 545 748 Romam
567 695 615 744 est
638 681 801 764 profectus.
846 678 1043 762 Sempronius
1067 681 1100 742 in
1123 678 1326 744 Celtiberiam
1349 679 1396 740 le-

341 768 559 853 gionesduxit.

174 863 302 918 Renun-
384 854 471 919 XLI.
493 853 642 918 Consules
673 853 765 916 ambo
799 852 831 914 in
864 849 990 933 Ligures
1022 853 1173 916 exercitus
1202 853 1397 914 induxerunt

175 935 239 994 μή·
251 945 328 996 Μ·
341 943 466 1008 diversis
481 942 628 1024 partibus.
672 939 843 1002 Postumius
867 939 966 1020 prima
980 950 1012 1002 et
1032 940 1122 1000 tertia
1145 939 1266 1020 legione
1291 937 1402 1000 Balis-

340 1041 406 1090 tam
421 1025 702 1106 Suismontiumque
716 1036 837 1088 montes
857 1024 998 1086 obsedit:
1023 1037 1065 1103 et,
1088 1026 1257 1108 premendo
1285 1025 1400 1108 praesi-

342 1115 400 1176 diis
421 1125 565 1195 angustos
589 1113 684 1176 soltus
709 1132 825 1189 eorum,
850 1121 1038 1172 commeatus
1061 1111 1243 1189 interclusit,
1267 1111 1401 1195 inopia-

342 1221 401 1282 que
426 1199 562 1262 omnium
592 1219 692 1260 rerum
720 1219 771 1260 eos
802 1195 984 1278 perdomuit.
1028 1195 1158 1273 Fulvius,
1188 1199 1331 1260 secunda
1362 1211 1400 1260 et

340 1297 450 1370 quarta
464 1286 585 1366 legione
606 1285 730 1346 adortus
756 1304 775 1344 a
797 1281 871 1344 Pisis
888 1282 1033 1364 Apuanos
1053 1280 1189 1364 Ligures,
1214 1285 1268 1366 qui
1284 1303 1400 1346 eorum

341 1373 423 1434 circa
445 1369 586 1434 Macram
609 1371 730 1432 fluvium
757 1369 942 1446 incolebant,
967 1369 998 1429 in
1022 1369 1209 1431 deditionem
1231 1381 1397 1452 acceptos,

340 1459 383 1520 ad
408 1468 525 1540 septem
555 1456 649 1518 millia
678 1455 835 1518 hominum
873 1455 904 1516 in
939 1475 1028 1516 naves
1056 1456 1083 1493 ³³
1093 1455 1251 1537 inpositos,
1280 1468 1399 1537 prater

340 1564 426 1606 oram
440 1543 560 1606 Etrusci
576 1543 666 1604 maris
687 1540 850 1622 Neapolim
874 1542 1050 1604 transmisit.
1076 1540 1145 1602 inde
1169 1542 1200 1604 in
1226 1539 1397 1604 Samnium

341 1629 484 1706 audacti,
500 1649 630 1710 agerque
646 1629 693 1689 his
709 1627 788 1689 inter
813 1626 973 1709 populares
999 1625 1087 1688 datus
1113 1637 1170 1688 est.
1214 1627 1395 1690 Montano-

341 1735 408 1778 rum
437 1714 583 1796 Ligurum
609 1715 646 1774 ab
672 1713 710 1774 A.
737 1712 892 1774 Postumio
926 1713 1019 1774 vinea
1049 1733 1140 1790 casae,
1168 1713 1398 1795 frumentaque

342 1800 468 1865 deusta:
492 1801 591 1862 donec
615 1799 752 1866 cladibus
778 1799 919 1860 omnibus
947 1798 1015 1860 belli
1035 1800 1133 1860 coacti
1150 1800 1181 1860 in
1196 1799 1394 1862 deditionem

340 1897 497 1964 venerunt,
526 1906 670 1966 armaque
699 1885 900 1948 tradiderunt.
951 1882 1085 1946 Navibus
1111 1885 1183 1946 inde
1211 1885 1393 1948 Postumius

341 1973 381 2033 ad
407 1971 563 2034 visendam
587 1992 673 2033 oram
700 1968 903 2051 Iugaunomm
926 1967 1213 2052 intemeliorumque
1240 1970 1392 2054 Ligurum

340 2058 498 2140 processit.
552 2056 727 2138 Priusquam
751 2057 782 2117 bi
809 2055 948 2118 consules
974 2057 1110 2118 venirent
1136 2057 1176 2119 ad
1207 2060 1391 2137 exercitum,

341 2145 392 2224 qui
409 2143 491 2205 Pisas
518 2147 544 2184 ³⁴
556 2143 686 2204 indictus
702 2153 778 2218 erat,
794 2155 944 2223 praeerant
957 2141 996 2203 A.
1013 2139 1184 2204 Postumius
1200 2157 1233 2206 et
1257 2149 1282 2184 ⁴⁴
1292 2145 1390 2208 frater

340 2229 380 2300 Q.
407 2229 500 2294 lunii
528 2228 575 2291 M.
595 2228 714 2290 Fulvius
739 2225 889 2290 Nobilior.
935 2224 1080 2290 Secunde
1108 2228 1239 2310 legionis
1268 2230 1391 2292 Fulvius

320 2359 323 2366 .
340 2316 479 2378 tribunus
495 2316 626 2378 militum
642 2325 718 2376 erat.
744 2317 768 2351 ⁴¹
781 2314 806 2374 is
826 2314 977 2376 mensibus
1000 2315 1061 2374 suis
1086 2315 1204 2378 dimisit
1222 2317 1389 2396 legionem,

335 2399 534 2482 jurejurando
559 2401 676 2464 adactis
696 2400 931 2477 centurionibus,
956 2403 983 2437 ⁴²
995 2419 1034 2460 as
1049 2400 1081 2460 in
1095 2403 1233 2463 serarium
1250 2403 1290 2464 ad
1305 2425 1391 2484 quar·

340 2497 437 2548 stores
464 2509 529 2550 esse
554 2488 716 2549 delaturos.
760 2483 830 2555 Hoc
856 2481 907 2546 ubi
929 2484 1116 2548 Placentiam
1135 2486 1219 2566 (nam
1242 2509 1281 2550 eo
1306 2490 1391 2553 forte

339 2583 406 2634 erat
427 2572 594 2654 profectus)
624 2575 649 2614 ⁴⁴
660 2571 739 2634 Aulo
755 2572 932 2632 nunciatum
947 2582 1006 2648 est,
1021 2591 1090 2633 cnm
1115 2575 1265 2654 equitibus
1288 2597 1388 2658 expe-

339 2657 414 2720 ditis
428 2669 549 2719 secutus
564 2657 717 2734 dimissos,
731 2676 807 2737 quos
822 2677 924 2719 eorum
940 2658 1042 2739 potuit
1056 2659 1188 2740 adsequi,
1215 2663 1241 2698 ⁴⁴
1253 2661 1387 2726 deduxit

338 2742 503 2823 castigatos
529 2741 621 2804 Pisas.
643 2743 681 2804 de
705 2743 813 2804 ceteris
839 2743 994 2804 consulem
1019 2745 1171 2808 certiorem
1200 2746 1282 2806 fecit
1327 2746 1381 2808 Eo

339 2828 498 2906 referente,
521 2830 817 2891 senatusconsultum
842 2828 956 2890 factum
986 2841 1043 2907 est,
1071 2841 1107 2892 ut
1128 2828 1172 2891 M.
1193 2829 1313 2893 Fulvius
1342 2831 1380 2894 in

336 2911 521 2996 Hispaniam
537 2914 722 2996 relegaretur
748 2914 829 2975 ultra
855 2934 964 2976 novam
986 2913 1214 2996 Karthaginem.
1254 2915 1382 2980 litera-

338 3020 398 3082 que
420 3001 450 3062 ei
473 2999 551 3062 datae
573 3011 644 3062 sunt
667 3021 687 3062 a
712 3000 835 3062 consule
862 3001 902 3064 ad
924 2999 956 3062 P.
972 2998 1123 3064 Manlium
1145 3003 1176 3062 in
1199 2999 1386 3084 Hispaniam

370 3145 524 3210 ³⁸Inrpositos]
562 3147 670 3196 Affirmat
696 3147 799 3210 Sigonius
820 3149 844 3197 in
875 3149 925 3197 vite
946 3149 1064 3197 semestris
1078 3151 1144 3213 spatii
1162 3165 1253 3198 menses
1268 3149 1324 3198 daos
1339 3151 1386 3198 im·

337 3211 412 3276 primo
430 3213 552 3276 exemplari
573 3211 710 3262 Germanico
732 3214 844 3262 exstitisse
876 3225 988 3276 perstent.
1013 3213 1093 3267 Qum
1104 3215 1174 3274 igitur
1182 3217 1309 3278 imperandi
1320 3216 1389 3265 vices

337 3279 442 3338 mre.
469 3276 543 3327 Recte
564 3277 622 3328 lecit
641 3278 741 3342 qusquis
769 3291 843 3326 muts-
875 3279 903 3326 sd
915 3279 1020 3327 Fulvium
1038 3281 1205 3342 pervenissent,
1221 3282 1240 3327 'n
1255 3280 1302 3328 sois
1317 3296 1388 3328 mess-

337 3341 379 3392 uit.
875 3343 949 3404 sibus,
959 3345 981 3391 id
991 3357 1088 3400 consuo
1102 3345 1207 3393 bimestri
1217 3345 1330 3405 legionem
1347 3346 1385 3392 di·

371 3403 504 3454 ”indictos
521 3405 580 3468 erat]
617 3405 690 3454 Proba
715 3407 844 3455 emendatio
876 3408 945 3456 misit.
980 3408 1113 3461 Hactero
1130 3410 1256 3458 Turnebus
1276 3411 1293 3460 l.
1316 3422 1384 3458 xxx.

337 3469 432 3530 sigonii.
442 3487 513 3534 quum
530 3471 644 3532 legeretur
660 3473 771 3520 inductio.
803 3471 843 3520 In·
874 3473 972 3520 Adsere.
984 3488 1005 3520 c.
1017 3475 1056 3523 24.

337 3535 429 3582 ἀπίων
450 3537 564 3584 exerentis
583 3538 606 3586 io
624 3535 730 3584 hostilem
749 3551 842 3597 sgnrm:
907 3537 979 3586 Μὴ
1003 3540 1029 3586 in
1045 3537 1160 3600 menon]
1206 3537 1314 3599 Intellige
1339 3537 1387 3586 ssi·

336 3600 454 3657 indicitur,
465 3617 536 3664 quun
546 3602 568 3648 ei
578 3602 627 3651 dies
637 3613 662 3649 et
679 3601 743 3650 locus
761 3603 843 3651 statui·
875 3603 983 3666 pendium
998 3602 1106 3660 militare,
1114 3604 1174 3665 quod
1181 3606 1232 3668 jam
1252 3621 1266 3652 s
1283 3617 1384 3666 quao-

335 3673 377 3711 tur
386 3666 413 3711 sd
424 3665 612 3715 conveniendum.
875 3669 937 3715 ribos
948 3679 1093 3716 numeratum
1108 3670 1177 3732 jubet
1187 3666 1385 3717 Fulvinsiasrss·

356 3727 484 3777 ,⁴⁰Froter
503 3731 531 3784 Q.
547 3729 635 3792 Fulvii]
667 3731 713 3780 Hic
732 3731 769 3782 Μ.
788 3733 843 3780 rut·
875 3734 936 3780 rium
953 3731 1045 3788 referri,
1059 3743 1167 3794 tanquam
1186 3734 1245 3782 nihil
1265 3732 1387 3798 pertinens

334 3794 387 3842 vius
407 3794 512 3844 Nobilior
529 3796 600 3844 lrster
614 3809 734 3856 germanus
751 3797 795 3845 soit
815 3797 844 3843 ll-
875 3797 1048 3845 sdeosm'dites
1060 3798 1292 3859 qoidirnittebsmur.

335 3857 381 3908 lius
392 3859 424 3908 0.
436 3859 511 3908 Fulvii
522 3860 605 3923 Flacci,
626 3863 666 3924 qui
684 3861 764 3909 oonsul
782 3862 845 3909 futu·
909 3861 999 3908 uarro
1016 3863 1148 3909 namneum
1165 3863 1207 3926 est]
1245 3865 1276 3911 A.
1299 3862 1388 3910 Possu-

335 3939 376 3973 rus
393 3927 545 3989 estproximo
561 3941 630 3982 sano,
646 3936 670 3972 et
689 3927 845 3987 quinquennio
877 3926 931 3983 mio,
941 3926 980 3987 qni
989 3925 1200 3976 tribunussnilitum
1212 3944 1265 3976 conr
1275 3927 1314 3975 Μ.
1326 3927 1387 3974 Fal-

397 4005 569 4054 censor,squo
580 4001 605 4039 et
615 3999 695 4038 senno
707 4003 782 4039 motus
801 4001 845 4040 est.
875 3991 912 4038 vio
930 3989 1039 4038 exercitui
1053 4002 1156 4053 preerat.
1188 3993 1253 4041 Olim
1271 3991 1312 4040 tte
1326 3993 1387 4039 ede·

356 4053 390 4104 id.
413 4055 472 4104 infra
491 4053 745 4104 nor.31.ad1.xn.
764 4072 785 4104 c.
803 4057 843 4105 27.
875 4055 942 4104 batur
960 4053 1039 4104 Fuluio
1057 4057 1188 4105 moenem
1205 4067 1243 4104 est.
1275 4057 1391 4118 nepta

336 4117 404 4165 ldem
424 4119 497 4168 freter
518 4117 626 4184 pennalis
642 4119 688 4166 fuit
715 4118 748 4170 0.
769 4119 843 4168 Fulvii
875 4135 905 4166 ex
921 4123 969 4183 ipsa
991 4119 1024 4168 sei
1045 4120 1181 4181 nmrsdme,
1202 4137 1247 4170 nee
1274 4120 1388 4168 Fulviam

337 4180 714 4247 nocetqutmnsutentocipro
722 4199 790 4234 sono.
873 4185 991 4233 tribuam
1006 4184 1115 4242 militurn,
1134 4185 1302 4236 sectantum
1326 4201 1388 4234 oon-

369 4247 391 4280 ⁴¹
403 4245 427 4296 Is
440 4251 546 4298 muribus
560 4248 615 4312 sais]
637 4248 715 4296 Docet
734 4249 843 4313 Polybius
873 4249 946 4298 sulem
954 4250 993 4298 hic
1003 4247 1098 4311 intelligi
1106 4265 1181 4314 posse.
1225 4251 1390 4312 lesquereete

335 4309 354 4358 Ι.
373 4313 522 4364 vntribusoe
540 4314 639 4362 militnm
653 4313 714 4361 inter
732 4329 757 4362 rc
775 4329 841 4362 com·
874 4313 1117 4374 emendavitdigoulos
1127 4316 1194 4364 Aulo.

334 4377 841 4440 pannorumnsoextrttunnqutn
905 4379 927 4412 ⁴⁴
945 4377 1206 4443 Decumum]
1242 4379 1307 4443 Lege
1330 4393 1391 4432 em

335 4455 449 4508 quamque
466 4441 580 4507 legionem
597 4455 672 4502 erent,
688 4443 737 4492 bini
754 4444 842 4494 alteras
873 4444 990 4494 Omnovio
1000 4442 1098 4496 aaut
