3068 5186
405 367 484 428 ΗΒ.
497 367 635 428 XXXIX
655 368 737 438 CAP,
751 369 818 428 Vll.
1077 379 1136 440 403

92 517 200 600 quintu
215 521 287 604 quia
307 518 353 584 M.
369 520 521 604 AEmilius,
537 525 621 607 cujus
636 527 725 588 sortis
741 548 778 588 ca
796 547 867 588 cura
890 539 966 606 erat,
992 528 1135 598 obcurre·
1150 543 1180 594 υ.
1190 545 1219 597 c,
1230 549 1287 598 sas.

93 625 125 667 re
151 627 214 670 non
239 609 350 691 potuit,
380 609 419 673 C.
445 612 609 682 llaminius
635 612 765 677 Romam
789 615 882 678 verrit.
911 615 948 688 ab
977 636 1014 676 eo
1041 617 1135 682 creati
1149 613 1177 662 A.
1189 611 1283 680 cnsp,

92 694 230 758 consides
260 694 315 778 Sp.
348 696 518 764 Postumius
554 699 692 777 Albinus,
723 701 761 772 Q.
792 699 928 764 Marcius
969 700 1136 786 Philippus.

92 777 239 847 Praetores
263 783 333 846 inde
359 785 433 848 lacti
448 784 487 850 Τ.
505 783 645 864 Maenius,
670 787 702 850 P.
718 786 875 852 Cornelius
900 786 993 866 Sulla,
1010 788 1045 852 C.
1061 787 1134 860 Cala

90 869 215 948 purnius
243 867 323 949 Piso,
349 869 395 934 M.
425 870 558 936 Licinius
586 873 736 952 Lucidius,
764 873 800 936 C.
827 875 967 938 Aurelius
994 873 1135 956 Scaurus,

90 951 127 1027 L.
145 955 304 1028 Quinctius
332 956 498 1041 Crispinus.
543 959 690 1024 Extremo
715 963 797 1040 anni,
821 963 1047 1043 magistratibus
1068 963 1082 1044 j

91 1043 213 1121 creatis,
229 1057 300 1106 ante
314 1045 394 1112 diern
411 1047 534 1118 tertium
549 1046 655 1115 Nonas
671 1045 801 1114 illartias
817 1046 875 1110 Cn.
901 1047 1035 1112 lilanlius
1058 1049 1134 1112 Vul·
1148 1046 1231 1094 Manna
1247 1047 1291 1094 ²¹³·

91 1148 126 1188 ⁵⁰
156 1130 195 1194 de
224 1129 330 1210 Gallis,
359 1133 409 1214 qui
439 1133 545 1198 Asiam
576 1135 723 1212 incolunt,
745 1137 956 1217 triumphavit,
991 1138 1084 1200 serius
1106 1112 1285 1227 effiw

90 1213 297 1300 triumphandi
320 1241 427 1282 caussa
445 1220 513 1298 suit,
533 1243 583 1301 ne,
599 1221 637 1292 Q.
651 1220 795 1284 Terentio
822 1221 967 1286 Culleone
995 1236 1135 1304 praetore,

91 1322 230 1372 caussam
246 1306 312 1386 lege
329 1305 449 1371 Petillia
465 1309 591 1387 diceret,
607 1321 639 1371 et
654 1309 795 1379 incendio
816 1309 906 1372 alieni
927 1308 1047 1390 judicii,
1074 1332 1134 1392 quo

92 1386 127 1451 L.
144 1387 248 1474 Scipio¹
271 1393 431 1458 damnatus
457 1399 534 1474 erat,
558 1395 779 1476 conflagraret3
807 1417 844 1456 eo
870 1395 1083 1470 infensioribus
1104 1399 1134 1458 in

90 1495 133 1554 se,
150 1498 242 1559 quam
258 1480 288 1542 in
301 1480 398 1560 illum,
409 1481 574 1564 judicibus,
590 1483 673 1563 quod
689 1482 879 1564 disciplinam
896 1483 1071 1561 militarem,
1086 1505 1134 1544 se·

90 1585 159 1634 uere
172 1567 210 1628 ab
225 1587 263 1628 oo
286 1580 505 1647 conservatam,
529 1589 685 1633 successor
708 1570 773 1650 ipse
798 1569 882 1633 omni
904 1589 1014 1650 genere
1039 1570 1135 1633 licen-

17 1663 22 1674 '
89 1650 140 1714 tire
171 1667 361 1736 conruperat.
414 1654 522 1737 Neque
550 1677 588 1718 ea
622 1656 688 1718 sola
717 1655 846 1718 infamiae
881 1669 979 1733 erant,
1009 1676 1075 1737 quae
1104 1657 1135 1720 in

90 1739 248 1821 provincia
262 1742 366 1824 procul
378 1743 417 1804 ab
432 1743 527 1806 oculis
543 1743 625 1812 lacta
646 1744 864 1808 narrabantur:
894 1743 946 1806 sed
962 1742 1017 1806 ea¹
1041 1744 1135 1806 etiarn

91 1827 201 1906 magis,
217 1849 282 1909 quaa
306 1830 337 1890 in
358 1831 503 1902 militibus
519 1829 583 1911 ejus
602 1831 739 1914 quotidie
750 1831 1026 1912 conspiciebantur,
1070 1829 1133 1892 Lu·
1148 1846 1225 1894 Luna
1237 1846 1289 1895 inde

90 1914 185 1976 xuriae
210 1915 292 1979 enim
317 1917 481 1998 peregrine
506 1917 593 1998 origo
613 1917 653 1982 ab
667 1919 802 1983 exercitu
815 1917 953 1978 Asiatico
968 1917 1089 1988 invecta
1103 1919 1134 1980 in
1148 1912 1245 1960 R⁰¹¹¹¹¹¹¹
1257 1913 1293 1960 ³¹¹·

90 2001 197 2066 urbem
223 2015 280 2066 est.
305 2003 324 2064 ii
351 2004 483 2086 primurn
514 2005 646 2069 ²²lectos
671 2016 790 2083 aratos,
824 2015 939 2076 vestem
967 2005 1134 2086 stragulam
1148 1991 1234 2028 ΨΜ·

92 2090 269 2169 pretiosam,
295 2093 322 2130 ²³
332 2091 481 2172 plagulas,
503 2103 536 2153 et
551 2091 611 2164 alia
626 2092 757 2168 textilia,
774 2103 816 2167 et,
831 2112 897 2174 quae
911 2102 975 2158 tun
992 2092 1134 2174 magnili-

90 2197 132 2236 ca
160 2176 356 2259 supellectilis
383 2178 583 2255 habebantur,
613 2181 640 2218 ²⁴
653 2178 839 2261 monopodia
868 2191 901 2240 et
929 2180 1040 2244 abacos
1070 2177 1134 2246 Ru·

92 2283 176 2334 mam
197 2263 392 2332 advexerunt.
416 2276 489 2328 tunc
511 2265 641 2347 psaltriae
666 2269 692 2305 ²⁵
704 2265 990 2345 sambucistriaeque,
1014 2277 1046 2327 et
1060 2287 1134 2326 con-

90 2350 199 2412 vivalia
212 2350 370 2419 ludionum
386 2352 611 2422 oblectamenta
631 2352 738 2414 addita
760 2352 878 2435 epulisr
905 2352 1000 2434 epulae
1016 2372 1135 2433 quoque

91 2437 164 2519 ipsae
179 2449 211 2499 et
226 2458 298 2500 cura
313 2450 344 2500 et
363 2452 464 2501 sumtu
479 2438 595 2520 majore
611 2439 750 2524 adparari
767 2451 894 2524 coeptas:
923 2453 988 2510 tum
1011 2460 1136 2520 coquus,

91 2524 269 2610 uilissimum
293 2526 424 2608 antiquis
450 2527 636 2608 nrancipium
663 2537 696 2596 ct
721 2525 923 2590 aestimatione
949 2536 981 2586 et
1009 2546 1076 2603 usu,
1103 2526 1136 2586 in

92 2612 190 2692 pretio
206 2633 290 2689 esset
318 2624 361 2691 et,
387 2613 468 2694 quod
492 2612 696 2678 ministerium
715 2612 824 2688 luerat,
840 2633 887 2674 ars
903 2611 1006 2674 haberi
1022 2625 1136 2694 coepta.

92 2698 142 2759 vix
169 2709 271 2761 tamen
299 2700 360 2778 illa,
387 2719 453 2784 quae
477 2712 543 2762 tum
567 2702 594 2740 ²⁸
607 2699 880 2784 conspiciebantur,
906 2699 1023 2761 semina
1050 2709 1137 2760 erant

92 2778 202 2849 futurae
217 2785 350 2850 luxuriae.
990 2845 992 2850 ,

134 2869 209 2936 Vll.
232 2871 267 2936 In
294 2874 449 2956 triumpho
478 2874 548 2938 tulit
580 2871 638 2934 Cn.
661 2871 797 2934 Manlius
823 2876 990 2936 ”coronas
1020 2892 1137 2948 aurem,

95 2959 244 3021 ducentas
260 2961 420 3022 duodecim
442 2961 564 3044 pondo:
592 2963 619 3000 ¹⁸
631 2961 748 3040 argenti
764 2959 868 3044 pondo
883 2960 1013 3020 ducenta
1027 2958 1135 3039 viginti

92 3047 209 3109 milliar
237 3047 300 3110 auri
316 3049 420 3135 pondo
435 3048 496 3112 duo
512 3047 606 3113 millia
630 3057 750 3110 centum
777 3047 879 3108 tresk:
907 3049 933 3086 ²⁹
947 3044 1137 3107 tetradraclr-

158 3169 199 3220 ’ω
209 3171 255 3222 del.
269 3172 338 3223 Creu.
564 3167 672 3218 *carrum
682 3168 747 3218 treal.
756 3171 849 3218 drrcerrta
859 3171 903 3217 tria
915 3169 987 3217 Gron.
1000 3169 1070 3215 Crev.

123 3261 234 3312 ²2Lector
261 3263 347 3326 arator]
383 3263 487 3322 lntellige
513 3261 596 3320 lectos,
627 3261 768 3324 lndquidam
780 3273 861 3326 putant
881 3261 941 3310 idem
962 3275 1011 3310 esse
1027 3275 1081 3308 cum
1100 3275 1137 3318 eo,

91 3327 114 3378 in
138 3329 221 3392 quibua
241 3325 353 3392 epulaturi
374 3331 550 3386 discumberent,
571 3338 596 3377 ut
630 3329 808 3392 quodvocnmua
819 3327 892 3387 Atripe.

91 3407 155 3458 pater
173 3411 202 3446 ex
220 3395 302 3456 Plinio,
324 3397 341 3444 l.
363 3408 456 3444 xxxiv.
473 3410 494 3442 c.
512 3397 536 3443 3.
558 3393 598 3455 qui
661 3391 893 3454 conspicabantur]
924 3391 1025 3453 Insignis
1044 3399 1069 3439 et
1094 3407 1136 3440 no-

92 3461 121 3510 de
141 3462 187 3510 hoc
206 3462 256 3527 ipro
274 3461 363 3511 Manlio
378 3475 456 3520 agens,
474 3458 527 3508 dicit
544 3475 598 3509 eum
630 3458 859 3508 tabiliavidehantur.
1217 3459 1219 3466 '

93 3527 193 3591 primunt
217 3527 315 3578 triclinia
342 3539 409 3576 crata
437 3521 535 3580 Romam
562 3525 599 3572 in·
663 3522 684 3559 ⁹⁷
698 3523 791 3570 Carmena
812 3537 890 3570 aureas
914 3523 1027 3579 ducentas,
1053 3522 1135 3570 ducale-

93 3608 281 3722 veliisdilapidat]
302 3655 400 3716 Plagulte
428 3667 480 3706 sunt
505 3654 554 3702 veit
575 3666 600 3706 et
630 3587 760 3718 qqqtpqutdqq]
777 3589 1136 3702 Li’iairdiiisndddiviiiiiiimmiiii:

95 3722 191 3787 tertilia,
206 3722 287 3788 quibua
303 3723 392 3773 lecticae
412 3733 437 3770 et
454 3721 509 3782 lecti
525 3722 600 3770 inten-
631 3735 682 3766 rum
707 3735 840 3768 coronarum
863 3729 938 3782 aequat
959 3734 1047 3774 marcas
1071 3719 1136 3766 Pari·

95 3784 208 3842 dabantur
229 3800 270 3851 aut
290 3788 468 3842 involvebantur.
509 3785 600 3834 Nonius
630 3787 715 3834 aienses
725 3785 797 3834 3750.

90 3847 170 3919 plagas
190 3855 355 3918 interpretatur
372 3853 464 3914 grandia
480 3851 558 3906 lintea,
576 3863 601 3898 et
665 3849 687 3882 Ἠ
701 3849 792 3910 Argenti
825 3850 895 3911 pundo
924 3849 1019 3894 ducenta
1056 3849 1138 3908 aiglnti

96 3919 164 3982 toral,
173 3932 196 3969 et
207 3919 343 3968 lecticariarn
353 3917 481 3973 sindonem,
490 3915 550 3964 unde
562 3931 602 3978 per
631 3915 714 3976 inillis]
733 3911 824 3963 Marcus
839 3913 1064 3962 trustraretdlssibd.
1089 3914 1138 3958 ria·
1164 3971 1170 3975 -

97 3985 273 4035 diminutionem
281 3985 385 4049 plagulae,
394 3983 476 4046 inquit,
487 3984 600 4033 dicuntur.
632 3979 733 4040 riprando
743 3979 786 4024 duo
797 3981 866 4028 millia
876 3981 968 4037 duantta
983 3978 1035 4024 nin.
1069 3977 1137 4026 Mar·

95 4048 170 4100 Turn.
181 4051 198 4100 l.
208 4065 225 4104 t.
234 4047 330 4100 Adsere.
340 4066 361 4098 c.
373 4051 413 4098 29.
634 4061 671 4092 cas
682 4054 792 4092 nostrates
802 4045 874 4093 stat.
886 4041 1013 4090 semuncias
1024 4045 1048 4090 3.

128 4103 302 4180 Ω*Ιὶίοιιοιιόάἰιῇ
341 4111 434 4164 trenas
465 4127 512 4163 uno
544 4111 602 4176 pede
665 4104 891 4158 creti-caracara...
922 4105 1020 4154 Anicrim
1054 4109 1138 4156 ducar.

94 4179 173 4242 fultas.
262 4171 264 4178 ’
287 4175 288 4178 “
515 4171 517 4176 ’
634 4174 833 4237 invigirrliteptcm
843 4171 924 4234 miliia]
950 4172 1040 4220 blattas
1051 4173 1138 4234 argenti

130 4241 334 4308 damnantia]
368 4243 481 4294 Mulieres
503 4242 602 4292 Sambu·
637 4241 720 4290 ltlsr.
735 4242 845 4288 unciaal.
878 4237 1138 4302 Ceternnrbicquoque
1166 4289 1170 4296 ,

97 4329 149 4366 cam
171 4305 295 4378 pulsantes.
337 4309 448 4360 Sambuca
470 4319 547 4358 autern
568 4319 602 4356 est
635 4303 738 4354 Andreas
750 4305 819 4354 hahet
837 4301 982 4352 tetracinrimr
999 4303 1066 4352 Vict.
1082 4303 1139 4354 liber

97 4379 211 4440 mpaicurp
233 4392 352 4440 organum,
371 4373 501 4436 triangulari
523 4375 605 4430 sorana,
635 4368 777 4432 tetingintirn.
821 4369 951 4416 Gronovius
980 4368 1004 4415 in
1032 4381 1085 4418 nota
1111 4371 1140 4418 ad

99 4445 160 4507 quod
178 4460 207 4493 ex
227 4443 374 4505 inaequalibus
392 4439 541 4502 longitudine,
558 4439 603 4489 sic-
635 4437 697 4482 hunc
707 4432 784 4482 locum
795 4434 961 4498 mtdtiaprobat
971 4433 1004 4482 sic
1018 4433 1140 4497 legendum

98 4509 329 4571 uterentaitudine,
343 4505 418 4558 uertit
432 4506 540 4558 efficitur.
570 4500 604 4552 ll·
636 4515 695 4555 mter
714 4513 761 4546 non
788 4485 1053 4568 acarnaniam,
1096 4497 1142 4566 Sed
1184 4505 1191 4518 '

679 4566 770 4634 ada
