3110 5204
391 413 421 452 ,y
474 367 553 468 nra.
569 367 709 433 xxxiv.
727 369 811 434 cre.
824 371 878 434 ιν.
1132 325 1192 449 ἰη

137 517 158 552 ,ί
217 519 224 534 “
289 519 296 536 ⁸
892 541 895 546 ν
1268 523 1270 528 “
1326 547 1340 566 ,

134 519 470 689 «illulld‘lpll
486 521 741 676 &tim
752 537 1347 684 &immittitis

145 691 158 724 ‘
172 691 286 773 captivi
303 693 343 753 ab
354 690 528 756 Hannibale
543 696 730 760 redimantur
741 711 891 781 parentes,
900 700 967 780 riri,
978 702 1076 782 liberi,
1087 705 1196 769 fratrea

145 776 301 839 ‘eoruml
348 776 456 842 Procul
485 780 589 842 abest:
627 784 768 865 absitque
803 805 934 868 semper,
965 788 1038 850 talis
1074 789 1197 854 fornma

144 861 357 946 ‘'reipublicre.
374 865 428 926 sed
443 873 557 945 tamen,
573 887 667 948 quum
682 869 750 948 fuit,
765 873 900 952 negastis
913 873 972 935 hoc
986 875 1045 957 piis
1055 877 1195 958 precibus

146 947 290 1010 ‘earum
332 950 377 1034 At
391 971 452 1012 non
469 952 567 1032 pietas
582 973 639 1015 nec
655 949 829 1018 sollicitudo
843 977 899 1039 pro
914 960 986 1036 suis,
1008 962 1061 1022 sed
1076 961 1196 1044 religio,

143 1033 159 1068 ⁴
173 1036 373 1116 congregavit
384 1055 447 1098 eas.
491 1034 626 1100 Matrem
643 1037 765 1119 lebam,
783 1061 803 1102 a
818 1040 999 1107 Pessinunte
1013 1067 1052 1107 ex
1067 1045 1196 1132 Phrygia

147 1119 358 1199 ‘seuientem
379 1131 550 1204 acceptura
564 1133 644 1186 sunt.
688 1125 771 1196 Quid
793 1127 956 1191 honestum
979 1131 1064 1194 dictu
1086 1135 1197 1196 saltem

146 1205 318 1268 ‘seditioni
332 1209 705 1290 pretenditurmuliebri?
731 1209 812 1274 ¹⁹Ur
833 1233 906 1275 aruo
929 1227 962 1277 et
982 1237 1115 1302 purpura
1135 1220 1195 1282 ful-

145 1291 312 1373 ‘geamur,
337 1294 457 1374 inquit3
492 1305 528 1357 ut
552 1297 716 1378 carpentis,
746 1297 831 1360 festis
854 1299 1054 1386 profestisque
1080 1305 1198 1383 diebus,

146 1377 256 1440 ‘velut
269 1379 493 1462 triurnphantes
515 1381 554 1443 de
576 1381 643 1463 lege
664 1384 746 1445 victa
767 1393 799 1444 et
820 1385 984 1466 abrogata,
1001 1399 1040 1450 ete
1050 1392 1149 1470 captis
1164 1401 1197 1453 et

130 1462 289 1546 '‘ereptis
308 1465 459 1547 suffragiis
480 1468 599 1546 vestris,
622 1488 677 1550 per
701 1470 806 1530 urbem
827 1479 1002 1532 sectemur:
1026 1477 1103 1536 ²⁰ne
1117 1475 1196 1537 ullus

147 1548 160 1581 ‘
177 1551 287 1612 modus
301 1553 460 1630 sumtibus,
476 1573 515 1614 ne
529 1553 671 1616 ¹luxuriae
685 1554 736 1617 sit.
1038 1600 1042 1608 -

194 1634 249 1698 lV.
274 1635 381 1721 ‘Saepe
395 1657 445 1700 me
460 1651 634 1719 querentem
652 1641 691 1701 de
706 1641 898 1720 feminarum,
913 1663 992 1726 sepe
1004 1643 1043 1706 de
1053 1645 1195 1724 virorum,

146 1721 161 1753 ‘
176 1741 236 1784 nec
251 1724 289 1784 de
303 1725 484 1806 privatonrm
499 1726 604 1804 modo,
618 1726 672 1788 sed
687 1727 780 1789 etiam
791 1729 1033 1809 magistratuum,
1045 1731 1195 1793 sumtibus

149 1807 162 1839 ‘
179 1809 319 1887 audistis3
337 1811 525 1891 'diversisque
540 1811 765 1890 custumiis,
790 1814 918 1876 avaritia
932 1826 965 1876 et
979 1816 1106 1894 luxuria,
1121 1817 1195 1879 civi·

147 1891 162 1924 ‘
178 1903 270 1956 tutem
282 1896 433 1959 laborares
446 1917 511 1978 quae
522 1907 623 1978 pestes
634 1899 739 1961 omnia
749 1919 863 1980 magna
872 1900 1002 1982 imperia
1011 1914 1195 1965 everterunt.

144 1979 158 2011 ⁴
174 1981 200 2016 ¹¹
212 1977 287 2043 Haec
302 2003 371 2064 ego,
392 1999 453 2064 quo
466 1983 575 2045 melior
590 1981 746 2065 latiorque
761 1986 792 2047 in
809 1984 874 2047 dies
889 1985 1010 2048 fortuna
1024 1986 1197 2068 reipublice

145 2062 230 2141 ‘est‚
257 2067 623 2151 imperiumquecrescit,
650 2081 683 2133 et
707 2068 773 2152 jam
800 2072 831 2132 in
855 2069 1002 2133 Graeciam
1028 2071 1196 2154 Asiamque

146 2149 428 2232 ‘transcendimus
456 2155 596 2216 omnibus
622 2155 782 2218 libidinum
808 2157 968 2219 inlecebris
993 2157 1134 2240 repletas,
1164 2169 1197 2220 et

144 2235 272 2318 ‘regias
287 2241 383 2302 etiam
398 2241 606 2304 adtrectamus
632 2261 737 2323 gazas,
767 2261 805 2304 eo
830 2241 899 2324 plus
925 2243 1046 2321 horreo,
1073 2251 1113 2305 n'e
1137 2244 1196 2306 illae

146 2321 159 2354 ‘
173 2326 274 2404 magis
283 2345 331 2386 res
341 2345 397 2386 nos
406 2328 552 2407 ceperint,
563 2346 655 2408 quam
667 2347 723 2389 nos
732 2327 808 2389 illas.
818 2331 845 2367 ²³
853 2326 974 2406 infesta,
983 2329 1059 2390 mihi
1070 2329 1195 2409 credite,

143 2407 262 2490 ‘signa
277 2411 316 2471 ab
332 2408 488 2496 Syracusis
504 2413 600 2474 inlata
614 2413 769 2475 suntbuic
786 2414 863 2475 urbi.
882 2413 947 2494 jam
969 2414 1059 2476 nimis
1081 2416 1193 2478 multos

142 2493 154 2526 ‘
170 2493 266 2556 audio
276 2495 416 2560 Corinthi
427 2510 459 2561 et
467 2498 657 2598 Atbenamm
669 2495 851 2560 ornamenta
862 2499 1021 2600 laudantes
1032 2500 1193 2562 mirantes-

143 2579 1193 2752 3ltttllttlttltltltltltttttttf'ltlttrlt}

145 2750 243 2814 ‘nere
269 2752 391 2814 sedibus
418 2753 579 2834 patiemur.
625 2753 748 2817 Petrum
771 2766 944 2816 nostrorum
968 2757 1116 2818 memoria
1137 2777 1193 2839 per

144 2836 307 2918 ‘legatum
329 2836 458 2899 Cineam
473 2836 615 2923 Pyrrhus,
641 2857 703 2900 non
730 2841 862 2901 virorum
885 2841 991 2919 modo,
1020 2842 1191 2904 sedetiam

146 2921 163 2958 ‘¹
173 2923 334 3006 mulierum
361 2925 479 2985 animos
508 2924 597 2986 donis
623 2925 761 2986 tentavit.
788 2925 924 2986 nondum
949 2926 999 2987 lex
1023 2926 1127 3008 Oppia
1152 2927 1193 2988 ad

146 3008 376 3070 ‘codrcendam
400 3008 549 3070 luxuriam
574 3009 750 3071 muliebrem
778 3009 841 3071 late
865 3022 950 3072 erate
979 3023 1084 3074 tamen
1107 3012 1194 3074 nulla

117 3105 119 3110 ’
143 3095 159 3128 ⁴
173 3095 304 3176 accepit.
350 3094 450 3164 Quam
465 3113 603 3156 caussam
619 3094 710 3156 frrisse
725 3095 873 3157 censetis?
896 3095 1014 3158 Eadem
1034 3097 1103 3175 fuir,
1127 3117 1193 3178 quse

145 3181 159 3214 ‘
175 3178 337 3262 majoribus
347 3181 461 3241 nostris
476 3179 551 3242 nihil
568 3180 607 3240 de
622 3180 681 3242 hac
694 3199 727 3241 re
742 3180 809 3261 lege
830 3183 998 3257 sanciendi.
1020 3183 1106 3242 nulla
1127 3193 1193 3244 erat

147 3265 304 3344 ‘luxuria
321 3285 385 3349 quae
398 3275 600 3328 coerceretur.
643 3262 730 3327 Sicut
756 3276 828 3326 ante
854 3267 976 3327 morbos
1000 3285 1124 3326 necesse
1146 3278 1194 3330 est

144 3353 158 3386 ⁴
176 3351 315 3432 cognitos
324 3348 497 3434 esse,'quanr
508 3345 766 3427 remediaeorum3
777 3350 820 3411 sie
831 3351 1016 3431 cupiditates
1024 3353 1106 3432 prius
1115 3362 1194 3414 natae

145 3437 159 3471 ‘
174 3450 256 3515 sunt,
268 3457 358 3518 quarn
369 3438 463 3519 leges,
474 3457 539 3520 quoe
549 3437 586 3497 iis
602 3436 727 3498 modum
738 3435 884 3498 facerent.
907 3434 989 3505 Quid
998 3435 1194 3518 ²⁴legemlsl·

145 3523 159 3558 ⁴
173 3522 287 3585 niniam
304 3523 449 3586 excitavit
461 3525 500 3585 de
512 3516 689 3604 ⁴quingentis
704 3520 872 3603 jugeribus,
886 3522 945 3583 nisi
959 3521 1066 3602 ingens
1081 3523 1194 3605 cupido

147 3609 161 3644 ⁸
176 3629 267 3690 agros
279 3608 495 3672 continuandi?
512 3607 595 3680 Quid
603 3609 736 3690 ²⁵legem
745 3607 883 3670 Cinciam
897 3608 935 3670 de
946 3607 1034 3670 donis
1045 3620 1078 3671 et
1086 3629 1191 3674 mune-

128 3791 131 3802 ,
239 3739 580 3806 ,lprorurrontGronCren
646 3739 869 3790 *detumesce
935 3737 1072 3791 ¹nstEoed.

180 3855 202 3893 ¹⁹
221 3855 251 3904 llt
271 3873 327 3905 euro
348 3865 371 3906 et
393 3873 496 3919 purpura
645 3891 653 3915 ,
685 3856 753 3907 duxit
762 3856 818 3905 dura
828 3855 963 3920 posteriores
973 3855 1071 3904 voculas.

144 3919 230 3985 iuquit]
247 3921 339 3985 Supple,
356 3922 463 3984 quaslibet
482 3937 495 3970 e
513 3919 654 3972 raubettus.
718 3919 740 3958 Β
755 3920 840 3983 Μαίη
860 3956 867 3970 .
888 3957 896 3970 .
915 3956 922 3969 .
938 3936 1001 3986 tegrin
1021 3919 1049 3968 ob
1064 3917 1191 3983 Syracusis]

145 3983 204 4034 vid.
222 3987 321 4036 similem
340 3987 447 4052 loquendi
466 3987 562 4037 &mana
579 4002 655 4052 surpra,
686 3984 756 4036 Ludit
773 3987 798 4035 in
814 3985 1033 4046 ambiguitrrevocia
1050 3984 1124 4048 rigna,
1141 3999 1194 4048 quta

141 4047 209 4098 brt.
224 4065 245 4099 c.
256 4052 297 4101 to.
685 4061 712 4100 et
732 4049 794 4113 rigna
813 4049 926 4106 militaris,
941 4060 966 4098 et
986 4059 1071 4097 stersus
1092 4047 1194 4097 denotat.

178 4113 202 4147 ⁹⁰
220 4113 592 4180 testamenmentum
604 4117 653 4166 lus·
686 4116 779 4165 Statuas
800 4130 867 4178 quarn
890 4113 996 4178 plurimrs
1018 4111 1143 4162 Marcellus
1164 4113 1193 4162 ab

144 4179 202 4226 urla
212 4177 252 4241 sit]
274 4177 416 4242 Elegantius,
431 4197 459 4230 m
473 4182 579 4230 lunariter
594 4179 656 4243 quod
688 4181 804 4248 Syracusis
816 4179 913 4229 Romam
923 4180 1088 4244 deportaverat.

124 4243 655 4304 ·habentemlst.Gronovio‚codex'l'huen.
719 4245 741 4280 Β
757 4245 869 4357 Antpinog
883 4243 938 4293 Vid.
949 4255 998 4293 not.
1010 4243 1038 4292 ad
1050 4251 1125 4291 xxvr.
1135 4243 1177 4292 23.

180 4305 435 4376 ²¹Ilaeeego...to
454 4313 504 4374 plur
522 4311 607 4373 lemen,
629 4326 657 4358 ns
719 4307 838 4374 ”Iaegtm
868 4310 921 4361 itini
988 4305 1193 4357 vitiasset.

145 4371 210 4420 ille·
228 4407 234 4422 .
253 4377 316 4438 aar]
341 4373 476 4425 sufficiebat
493 4375 531 4424 vel
551 4373 670 4444 iarael!
720 4373 743 4408 θ’
758 4371 838 4436 Leges
850 4373 948 4422 lh'neiam
974 4372 1025 4427 Quo
1033 4371 1195 4446 conturbali-

144 4437 191 4483 ille
199 4451 241 4484 rer.
273 4439 318 4487 Sed
336 4449 429 4504 propter
444 4439 568 4502 longiorem
585 4439 657 4488 inter·
688 4437 1196 4502 pudusnupaisoboausarnorusdonpreum·

145 4500 246 4564 positam
266 4504 387 4567 periodum
406 4505 494 4564 Livius,
513 4516 540 4554 ut
561 4502 658 4554 claritati
689 4503 839 4551 amdonumoe
854 4503 957 4564 noemiot,
975 4502 1049 4565 inquit
1058 4499 1161 4556 Tacitus,
1176 4496 1196 4575 ¹:

147 4565 293 4629 emoleret,
306 4569 419 4623 addendas
430 4569 467 4622 rel
478 4585 506 4622 ex
516 4583 659 4637 superstas
690 4579 729 4618 xr.
740 4567 803 4620 Anu.
813 4581 835 4618 c.
847 4569 870 4618 5.
881 4565 1007 4619 &rurum
1018 4577 1095 4618 amen
1105 4573 1198 4630 patrm
