3044 5194
378 401 419 465 rs
614 461 619 474 ,
669 421 672 430 ·
761 377 883 458 'rim
900 391 1000 457 mvn
1070 419 1073 428 Α

214 571 247 619 υ.
258 569 288 621 c.
300 572 357 624 55⁴.
426 551 544 618 XXIV.
570 551 652 620 Dum
676 555 740 618 hae
770 556 810 616 ab
839 554 938 617 navali
964 547 1101 616 exercitu
1126 559 1283 632 genrntor,
1309 547 1426 627 consid,

213 634 286 712 Ac,
301 637 355 688 ¹9⁰·
383 641 415 704 in
430 641 565 706 Phocide
580 642 621 705 ad
634 641 767 706 Elatiam
788 641 894 704 castris
918 639 1035 723 positis,
1056 639 1156 721 ptimo
1177 635 1349 718 conloquiis
1363 655 1425 697 rem
1503 655 1508 664 ·

214 701 364 832 3322?ss
383 749 439 814 per
452 729 603 814 principes
617 728 815 792 Elatiensium
839 728 968 790 tentavit
980 735 1185 809 rpostquam,
1207 723 1283 785 nihil
1307 741 1376 784 esse
1394 721 1425 783 in

383 837 478 879 manu
498 835 563 895 sua,
590 827 622 877 et
641 816 740 898 plures
763 813 982 894 validioresque
1007 831 1072 873 esse
1098 811 1209 892 regios,
1232 827 1324 892 quam
1340 807 1426 892 oppi-

385 904 492 984 danos,
515 901 761 984 respondebatur,
792 911 859 962 tum
883 899 972 961 simul
999 899 1038 960 ab
1062 897 1147 959 omni
1174 907 1260 980 parte
1284 894 1425 978 operibus

383 991 534 1071 morisque
551 986 654 1050 urbem
670 996 717 1049 est
735 986 910 1069 adgressus.
953 984 1059 1048 Ariete
1078 984 1217 1061 admoto,
1240 985 1266 1023 ⁹⁶
1279 989 1428 1064 quanam

384 1075 465 1138 inter
488 1086 583 1137 turres
608 1074 685 1136 muri
708 1083 775 1135 erat
797 1083 964 1157 prorutum,
989 1089 1082 1152 quum
1104 1070 1223 1152 ingenti
1245 1069 1369 1149 fragore
1391 1088 1426 1130 ae

383 1159 511 1243 strepitu
525 1161 670 1222 nudasset
682 1161 801 1239 urbem,
825 1161 915 1222 simul
935 1169 966 1221 et
985 1159 1095 1220 cohors
1111 1155 1252 1218 Romana
1269 1175 1324 1237 per
1339 1173 1426 1238 aper·

383 1259 449 1311 tum
464 1248 579 1310 recenti
604 1256 704 1328 strage
728 1247 785 1308 iter
804 1247 933 1324 invasit3
957 1257 1047 1308 etex
1070 1243 1211 1305 omnibus
1234 1241 1342 1324 oppidi
1358 1261 1426 1324 par·

383 1335 475 1412 tibus,
499 1334 611 1396 relictis
636 1333 697 1394 suis
723 1333 849 1416 quisque
865 1331 1056 1410 stationibus,
1081 1331 1114 1391 in
1139 1349 1219 1408 eum,
1242 1329 1293 1410 qui
1309 1347 1426 1410 preme·

262 1421 288 1471 '-
383 1423 474 1483 batur
498 1421 606 1502 inpetu
632 1419 777 1498 hostium,
807 1417 908 1482 locum
934 1427 1161 1481 concurrerunt.
1203 1414 1322 1477 Fodem
1348 1423 1425 1476 tem·

383 1528 458 1591 pore
484 1505 614 1568 Romani
642 1515 674 1567 et
699 1506 801 1566 ruinas
827 1507 905 1568 muri
919 1503 1189 1588 supervadebant,
1211 1512 1244 1562 et
1268 1499 1368 1562 scalas
1390 1498 1427 1560 ad

383 1592 499 1655 stantia
517 1593 632 1655 moenia
652 1591 832 1654 inferebant.
857 1603 899 1671 et,
925 1592 997 1653 dum
1019 1591 1052 1652 in
1073 1609 1166 1652 unam
1187 1599 1306 1670 partem
1322 1587 1425 1648 oculos

383 1679 562 1762 animosque
586 1678 716 1741 hostium
743 1691 897 1742 certamen
913 1687 1072 1755 averterat,
1097 1675 1230 1758 pluribus
1245 1673 1322 1736 loeis
1338 1672 1424 1734 scalis

383 1765 503 1847 capitur
518 1763 631 1845 murus,
653 1766 821 1846 armatique
841 1767 873 1827 in
893 1766 997 1826 urbem
1014 1761 1274 1826 transcenderunt.
1301 1781 1362 1841 quo
1377 1771 1423 1820 tu·

382 1851 482 1914 multu
497 1851 613 1930 audito,
635 1852 733 1914 territi
756 1851 871 1930 hostes,
895 1851 1011 1928 relicto,
1031 1869 1121 1933 qoem
1144 1847 1273 1911 conferti
1298 1846 1425 1908 tueban-

382 1949 442 2016 tur,
466 1939 547 2016 loco,
570 1938 601 1999 in
626 1959 727 2001 arcem
750 1957 856 2000 omnes
871 1948 965 2014 meto,
989 1937 1097 1998 inermi
1113 1953 1234 2016 quoque
1249 1934 1424 2014 insequente

382 2026 480 2102 turba,
506 2024 718 2105 confugerunt.
764 2022 813 2086 Ita
837 2025 910 2086 urbe
933 2024 1050 2106 potitur
1073 2021 1190 2084 consul.
1215 2039 1275 2101 qua
1296 2018 1424 2101 direpta,
1456 2071 1459 2094 ,

379 2111 480 2172 missis
504 2111 536 2171 in
558 2131 671 2189 arcem,
694 2111 745 2192 qui
769 2111 864 2173 vitam
888 2110 990 2192 regiis,
1012 2109 1036 2170 si
1053 2108 1137 2170 abire
1156 2106 1270 2168 vellent
1283 2106 1423 2182 inermes,
1452 2120 1456 2132 ·

380 2195 553 2259 libertatem
577 2195 781 2260 Elatiensibos
801 2196 1028 2280 pollicerentur,
1054 2195 1172 2276 fideque
1193 2193 1225 2254 in
1251 2193 1315 2254 hac
1343 2191 1423 2269 deta,

381 2293 452 2363 post
464 2303 578 2364 paucos
595 2283 660 2344 dies
670 2301 773 2346 arcem
789 2283 914 2367 recepit.

423 2367 525 2432 XXV.
549 2369 690 2432 Ceterum
715 2371 847 2429 adventu
872 2370 904 2430 in
930 2366 1079 2430 Achaiam
1102 2365 1245 2430 Philoclis
1260 2365 1335 2447 regii
1350 2383 1424 2447 prte-

380 2453 452 2514 fecti
468 2477 531 2514 non
546 2453 711 2514 Corinthus
731 2463 851 2515 tantum
878 2454 1004 2516 liberata
1027 2453 1195 2530 obsidione,
1221 2454 1272 2516 sed
1294 2452 1423 2532 Argivo-

210 2567 308 2620 pppoep
319 2571 366 2623 A„
379 2559 446 2602 rum
468 2557 587 2621 quoque
601 2539 708 2600 civitas
733 2559 788 2621 per
811 2540 959 2619 quosdam
977 2539 1130 2622 principes
1152 2537 1278 2602 Philocli
1300 2537 1423 2620 prodita

211 2637 334 2701 reprodi-
379 2637 437 2703 est,
452 2625 579 2687 tentatis
603 2625 813 2705 priusanimis
827 2625 934 2708 plebis.
979 2623 1050 2687 Moe
1066 2637 1143 2705 eret,
1159 2626 1349 2687 comitiorum
1362 2623 1421 2684 die

212 2710 258 2752 ¹⁰¹·
378 2712 478 2796 primo
506 2710 590 2772 velut
626 2711 735 2772 ominis
767 2719 874 2773 caussa
902 2709 1051 2794 praetores
1073 2711 1269 2796 'pronunciare
1297 2708 1420 2785 Jovem,

377 2797 624 2880 Apollinemque,
647 2809 680 2861 et
700 2796 873 2861 Herculem.
896 2798 1034 2861 additum
1059 2799 1119 2880 legi
1140 2809 1215 2875 erat,
1237 2806 1272 2858 ut
1288 2795 1328 2856 iis
1342 2793 1418 2856 Phi-

376 2885 477 2967 lippus
504 2903 559 2972 rex
584 2882 773 2966 adjiceretur.
796 2883 883 2967 cujus
907 2905 1018 2947 nomen
1040 2897 1111 2968 post
1125 2894 1248 2967 pactam
1268 2901 1338 2945 cum
1354 2879 1417 2942 Ro-

376 2970 476 3032 manis
501 2967 681 3032 societatem
704 2971 776 3052 quia
795 2991 894 3054 praeco
916 2992 978 3034 uon
1002 2971 1128 3054 adjecit,
1159 2970 1296 3050 fremitus
1319 2969 1416 3051 primo

377 3055 581 3128 multitudinis
610 3065 715 3118 ortus:
749 3056 858 3116 deinde
887 3059 1004 3120 elamor
1035 3057 1260 3140 subjicientium
1278 3054 1415 3136 «Philippi

377 3163 501 3220 nomen,
519 3140 755 3224 iubentiumque
778 3144 804 3188 ⁹⁷
813 3141 982 3224 legitimum
1003 3144 1151 3206 honorem
1172 3163 1227 3205 usu
1268 3161 1338 3219 are3
1361 3143 1416 3203 do·

376 3249 434 3290 nec
449 3248 519 3289 cum
535 3228 651 3309 ingenti
665 3226 794 3289 adsensu
816 3247 929 3290 nomen
944 3232 1107 3291 recitatum
1123 3240 1179 3292 est.
1223 3163 1325 3312 Piirjus
1340 3228 1416 3290 fidu·

376 3314 426 3376 cia
450 3313 560 3376 favoris
585 3312 735 3376 Philocles
761 3314 922 3376 arcessitus
946 3325 1039 3377 nocte
1068 3327 1200 3398 occupat
1229 3316 1340 3378 collem
1370 3316 1415 3386 iu-

374 3400 544 3463 minentem
561 3399 639 3478 urbi,
668 3397 833 3477 (lanceam
854 3421 922 3461 eam
948 3421 1049 3463 arcem
1066 3402 1193 3481 vocant)
1218 3403 1245 3443 ⁸⁸
1255 3403 1415 3486 positoque

375 3487 417 3548 ibi
438 3484 588 3568 praesidio,
609 3503 702 3564 quum
724 3485 799 3546 lucis
825 3485 974 3568 principio
994 3487 1086 3569 signis
1103 3487 1221 3550 infestis
1241 3489 1282 3551 ad
1296 3488 1414 3570 subjec-

374 3583 441 3634 tum
464 3570 527 3632 arci
552 3569 651 3632 fonrm
672 3568 807 3651 vaderet,
830 3571 978 3634 instructa
997 3573 1077 3634 acies
1097 3595 1136 3636 ex
1156 3572 1283 3638 adverso
1307 3577 1414 3639 obcur-

375 3657 427 3717 rit.
470 3653 643 3724 Presidium
667 3667 733 3718 erat
752 3655 933 3720 Achaeonrm
954 3679 1050 3742 nuper
1066 3660 1241 3744 inpositum,
1257 3661 1414 3742 quingenti

375 3740 439 3804 scre
458 3738 584 3826 juvenes
605 3738 715 3804 delecti
741 3743 876 3809 omnium
897 3745 1076 3810 civitatium.
1119 3743 1334 3810 AEnesidernus
1348 3745 1414 3832 Dy-

405 3921 428 3960 ω
452 3920 569 3978 Quom
587 3923 647 3972 later
668 3931 739 3974 turres
756 3930 815 3976 mei
832 3941 881 3980 erut
910 3943 936 3980 ra
951 3946 980 3981 eo
989 3931 1080 3980 facilius
1089 3931 1158 3996 recipi
1168 3931 1415 3997 pouerldrtur,qood

371 3987 500 4064 W]
531 3987 613 4037 Quom
638 3990 722 4038 nudata
749 4003 774 4039 et
802 4005 879 4058 aperte
910 4007 935 4044 et
956 3995 1030 4060 priore
1051 3996 1091 4045 illo
1106 3997 1160 4045 loeo
1173 4013 1217 4046 vox
1232 3997 1320 4045 hamis
1334 4011 1415 4062 pepe·

374 4053 642 4120 mhlurnetffroruto,
656 4069 710 4136 equs
725 4056 813 4136 iogeqti
829 4058 878 4106 srr·
909 4074 958 4108 ram
979 4063 1066 4110 introeo
1083 4063 1169 4112 fuerat.
1205 4063 1271 4109 Arte
1289 4059 1413 4112 Galerium

372 4120 662 4242 mathil?
677 4119 717 4169 ¹¹¹⁰
731 4123 878 4188 “wi
904 4125 1102 4240 sewu
1115 4126 1414 4256 mamm?

372 4243 464 4356 Egit:
486 4245 618 4310 laginiam
639 4251 739 4301 meren
756 4253 874 4316 surpere]
907 4205 971 4316 pap
984 4267 1021 4304 ert
1037 4227 1124 4304 maiam
1140 4255 1257 4305 solennem
1268 4257 1333 4319 requi
1347 4257 1412 4304 ioco

389 4371 456 4422 um
457 4311 568 4438 3:511:ss
612 4315 876 4447 eueffiarhiiiissi'
907 4320 985 4433 aruritae
1004 4321 1115 4385 amado
1136 4321 1196 4387 quod
1217 4321 1305 4385 legibus
1325 4319 1412 4388 jutum

648 4511 741 4575 quidm
756 4525 874 4588 rosseum
907 4525 1091 4587 tenemento.
