3026 5164
490 383 568 443 LlB.
589 381 654 444 XL.
675 383 757 442 csP.
776 383 828 442 Li.
1121 393 1177 451 501

138 523 330 620 provinciam·
340 533 518 623 pervenisse,
529 533 620 624 quem
636 552 672 602 ut
686 559 724 602 es
737 535 842 601 estete
854 539 986 620 potuerit
1000 561 1048 603 res
1063 563 1177 624 gerere.
1191 549 1225 601 U.
1235 551 1265 601 C.
1276 551 1333 602 ⁵7³·

183 623 233 688 LI.
256 625 404 688 Censores
419 629 445 666 ⁸⁵
454 625 537 688 lideli
555 625 721 687 concordis
741 636 879 687 senatum
894 625 1042 707 legerunt.
1058 630 1083 668 ⁸⁶
1095 631 1178 711 prin·
1190 614 1328 730 affl&

137 729 209 793 ceps
234 713 346 774 electus
370 725 417 774 est
439 714 505 797 ipsc
525 731 633 772 censor
655 709 702 772 M.
720 707 864 774 AEmilius
886 709 1018 794 Lepidus
1040 713 1178 796 pontifex
1190 744 1270 805 mg
1283 744 1326 792 3⁶,

137 798 307 858 msximus:
333 811 393 860 tres
421 797 510 879 ejecti
534 798 572 859 de
593 809 710 860 senatu.
736 797 864 860 retinuit
883 798 1031 881 quosdam
1046 797 1178 882 Lepidus
1191 820 1282 857 nuum.

138 901 158 942 s
171 882 291 964 collega
305 884 485 966 prseteritos.
529 881 632 966 Opera
647 905 685 944 ex
701 883 831 966 pecunia
846 883 1000 947 adtributa
1023 886 1178 968 divisaque
1191 897 1268 962 Opere
1278 893 1335 962 pub·

137 967 265 1029 interse
281 969 344 1030 baec
358 967 565 1032 confecerunt.
610 967 743 1052 Lepidus
768 969 879 1030 molem
904 971 945 1031 sd
970 961 1242 1052 Turreeiuem,¹'¹“·

137 1053 290 1136 ingratum
312 1075 399 1137 opus,
422 1056 504 1136 quod
539 1056 652 1137 predio
685 1057 819 1118 habebat
851 1056 905 1132 ibi,
935 1057 1181 1139 ”privatamque

46 1143 47 1148 ’
136 1139 264 1221 publices
290 1141 333 1202 rei
358 1141 516 1224 inpensam
539 1142 726 1223 inposuerat.
771 1138 978 1204 ulTheatrum
1004 1155 1036 1206 et
1058 1163 1181 1227 prosce-

137 1225 221 1287 nium
238 1227 277 1288 ud
292 1226 455 1309 Apollinis,
470 1228 601 1290 l”edem
620 1225 707 1289 Jovis
729 1228 760 1288 iu
778 1225 941 1308 Capitolio,
966 1230 1181 1311 columnasque

135 1311 1119 1483 {lundoniensis“subdurum
1133 1316 1182 1464 lg

660 1443 671 1477 ‚
929 1446 937 1461 .

137 1484 297 1560 columnis,
328 1495 360 1546 et
390 1485 477 1566 signs
499 1485 643 1547 militaris
675 1486 777 1548 edlixs
798 1486 897 1546 omnis
918 1487 1039 1567 generis
1060 1487 1182 1549 deussit.

137 1568 184 1631 M.
205 1568 325 1631 Fulvius
346 1570 433 1652 plura
457 1581 489 1632 et
515 1569 639 1653 majoris
666 1572 778 1633 locavit
803 1591 894 1632 usus:
921 1583 1042 1654 portum
1058 1584 1090 1634 et
1104 1573 1182 1655 piles

158 1656 240 1718 ontis
256 1656 287 1717 in
302 1651 438 1716 Tiberim
449 1679 459 1732 ;
485 1658 591 1737 quibus
607 1655 676 1738 pilis
697 1657 827 1719 fornices
851 1667 923 1738 post
945 1656 1061 1738 aliquot
1087 1677 1181 1719 annos

137 1677 173 1804 11).
196 1739 301 1823 Scipio
323 1740 484 1803 Africanus
515 1757 546 1805 et
568 1741 604 1804 L.
627 1741 796 1804 Mummius
830 1763 970 1804 censores
1009 1743 1182 1805 locaverunt

137 1828 338 1910 inponendos.
361 1828 517 1889 basilicam
547 1831 574 1867 ⁹⁰
586 1839 657 1909 post
685 1828 872 1908 argentarius
903 1849 996 1890 novos
1025 1841 1057 1890 ct
1082 1829 1180 1890 forum

196 2002 267 2050 edunt
277 2002 382 2050 babuisse
394 2001 449 2049 olim
460 2001 533 2048 editos
543 2001 575 2048 bis
591 2016 642 2049 curs
675 2015 734 2049 usur.
767 2001 878 2048 Ceterum
888 2001 1054 2050 observandum
1065 2013 1101 2050 est
1114 2001 1181 2051 thee·

160 2069 250 2124 recor-ir,
270 2082 326 2127 non,
346 2077 374 2115 ut
393 2081 454 2114 nuuc
476 2067 566 2128 legitur,
591 2081 642 2112 cusu
673 2077 735 2114 trum
746 2065 831 2128 duplici
843 2081 912 2114 nuso
930 2067 999 2123 sumi,
1017 2067 1053 2114 vel
1071 2083 1112 2130 pro
1127 2068 1180 2116 uui.
1240 2121 1242 2126 Ι

139 2129 238 2180 Vacoeis.
270 2130 339 2186 Quod
362 2147 403 2179 cur
425 2143 539 2178 muretum
562 2130 641 2185 luerit.
674 2145 739 2178 verso
760 2131 862 2186 edificio,
879 2132 939 2192 quod
955 2131 1180 2180 secontineretom·

136 2207 199 2243 certe
226 2196 299 2258 ulique
325 2198 383 2244 rerio
408 2196 471 2242 reddi
490 2196 599 2243 debueret
614 2195 642 2242 sb
674 2195 710 2242 uis
734 2210 786 2257 quse
807 2195 835 2241 sd
861 2195 928 2242 ludos
947 2195 1106 2258 pertinebant;
1134 2211 1181 2259 quo

137 2261 329 2311 emeudstoribus.
378 2259 452 2308 Nobis
473 2261 513 2309 ills
540 2260 643 2308 mutatio
674 2274 742 2308 nuru
773 2259 915 2322 proscenium
942 2273 976 2308 est
1008 2275 1058 2324 prm
1082 2261 1178 2310 theatrl:

137 2326 263 2374 secesseris
281 2328 349 2375 luisse
364 2327 519 2374 nouvidetur.
554 2325 642 2372 Bracari
675 2325 711 2372 rel
741 2338 783 2389 pro
805 2324 842 2371 ilis
859 2339 922 2388 parte
939 2325 962 2372 in
979 2340 1024 2387 qus
1039 2337 1104 2372 erent
1117 2341 1180 2390 spee-

136 2401 190 2438 sunt
201 2392 278 2454 populi
297 2390 435 2438 sdDurium
455 2404 555 2446 amnem,
574 2390 642 2452 quia
674 2399 769 2436 totores.
814 2389 866 2436 Hoc
894 2390 1019 2454 posteriore
1045 2406 1114 2437 sensu
1141 2389 1180 2438 hic

137 2454 213 2502 Plinio
222 2455 316 2518 elinque
328 2465 492 2502 memorentur.
674 2453 724 2517 cepi
735 2453 813 2502 debet.
848 2451 993 2501 Prosceoiurn
1005 2465 1049 2514 est,
1061 2467 1087 2502 nr
1106 2457 1179 2518 ipsum

169 2519 438 2582 mmmmm]
465 2519 500 2566 Es
517 2518 644 2574 concordis,
675 2533 759 2566 nomeu
779 2518 873 2576 indicet,
887 2520 1066 2582 spatiumquod
1086 2521 1180 2583 porrigi·

137 2599 190 2646 quse
201 2587 355 2648 probsreteos
373 2587 430 2632 bona
448 2583 492 2630 fide
509 2583 533 2629 iu
547 2583 641 2644 gutism
674 2595 713 2630 tur
724 2594 778 2631 ente
790 2598 890 2630 scensm.
924 2585 999 2644 luco,
1017 2585 1053 2632 rel
1074 2585 1179 2634 interii-

138 2649 237 2697 rediisse.
675 2648 713 2694 lud
735 2659 758 2694 et
780 2663 881 2706 scenam,
905 2649 1034 2707 erigebatur
1058 2649 1184 2714 pulpitum,r

171 2711 445 2775 ⁸⁶l'riucepselertusest]
467 2711 641 2760 imolertutcst.
674 2727 721 2773 quo
743 2713 862 2776 prodibant
886 2724 981 2768 setores,
1001 2729 1071 2776 quum
1094 2715 1180 2763 irbulss

137 2777 388 2838 Sicenimloquisolet
401 2773 488 2823 Livius.
673 2791 776 2836 egerem.
819 2773 868 2828 Qui
895 2779 961 2840 pluro
986 2780 1015 2825 de
1037 2779 1180 2828 theatrorum

116 2849 119 2856 '
170 2841 358 2903 “Primumque
386 2841 476 2901 publice
502 2841 534 2886 rei
559 2841 640 2899 impeu·
673 2839 911 2902 sormrscirecupier‚
927 2843 992 2888 adest
1009 2842 1091 2888 librum
1110 2845 1179 2892 Anti·

137 2904 302 2965 ramiruuerur]
334 2905 398 2964 Legit
418 2903 547 2950 Gronovius
566 2905 642 2963 irp'urr·
675 2905 769 2965 quitstis
787 2903 943 2951 schematibus
965 2903 1092 2964 illustrans,
1109 2907 1178 2954 Tom.

134 2967 351 3097 111111,ῑὲἰί
369 2967 485 3079 1ἒίξὲῗῖ
495 2967 584 3093 111111
593 2967 643 3077 123*
675 2969 938 3096 incubabit
955 2973 1181 3084 astruit?

212 3070 219 3084 s
633 3059 641 3069 '
1086 3068 1093 3092 ῃ
1172 3072 1179 3085 ι

137 3101 201 3148 tione
233 3099 370 3158 imposuerat.
411 3097 496 3142 Sensus
524 3106 572 3142 eet:
599 3096 641 3141 im·
676 3107 694 3144 ι,
705 3111 728 3158 p.
744 3097 795 3144 138.

137 3179 240 3230 peussm,
250 3179 301 3225 quse
322 3163 414 3212 cederet
428 3160 451 3207 in
462 3161 575 3224 privatum
593 3158 642 3224 ejus
707 3159 729 3196 ⁸³
744 3158 822 3206 AEdem
839 3160 901 3208 Jooit
918 3163 942 3208 iu
960 3160 1076 3225 Capitolio]
1108 3167 1178 3214 Loca-

136 3230 291 3285 commodum,
307 3243 319 3274 r
335 3225 450 3291 republics
467 3225 576 3273 sustineri
592 3223 642 3289 jus·
674 3221 706 3270 sit
717 3222 844 3287 poliendum
858 3225 908 3272 albo
919 3227 993 3274 sedem
1011 3227 1073 3275 lovis
1092 3230 1114 3276 in
1134 3230 1179 3278 Cs-

134 3306 202 3344 φης,
674 3287 762 3352 pitolio,
782 3301 806 3335 et
822 3289 939 3338 columnus
959 3307 1009 3354 quse
1027 3295 1087 3341 circs
1106 3295 1179 3344 cedem

168 3359 191 3393 ⁸⁰
204 3357 322 3406 lienteum
348 3364 369 3403 et
395 3357 528 3416 proromium
553 3355 582 3401 ud
610 3353 641 3399 A.
674 3365 748 3400 erent.
781 3354 834 3400 Vox
852 3355 900 3402 cribo
916 3355 998 3404 frustra
1016 3359 1180 3408 solliciteturs

135 3423 235 3486 pollinis]
263 3421 317 3468 Hoc
334 3436 379 3467 non
405 3431 467 3467 caret
495 3419 640 3466 difficultate.
675 3417 764 3478 Pigbio.
795 3419 884 3466 Eodem
894 3419 955 3467 enirn
964 3421 1032 3468 modo
1041 3425 1129 3486 scripsit
1140 3425 1179 3472 Li·

136 3487 262 3536 'l'hestrum
274 3485 346 3544 enim,
362 3485 421 3548 quod
443 3484 573 3548 poliendum
591 3483 642 3530 albo
674 3482 723 3530 vius
743 3497 818 3545 supra,
836 3483 852 3531 1.
871 3497 904 3531 tv.
926 3501 947 3532 c.
965 3489 1004 3534 25.
1015 3489 1088 3536 album
1099 3491 1123 3537 in
1134 3504 1180 3538 uer·

135 3552 224 3600 locatur
239 3567 251 3598 e
268 3565 371 3610 censore,
389 3565 434 3596 nou
458 3549 547 3595 videtur
573 3549 641 3595 tuisse
675 3550 789 3595 tinmstnm
799 3550 885 3596 addere.

137 3618 308 3681 temporarium.
341 3616 374 3660 At
393 3623 482 3662 constet
505 3625 560 3661 tunc
581 3625 641 3660 tem·
705 3612 729 3648 ω
743 3609 792 3659 Post
815 3615 952 3678 argentarios
975 3612 1044 3663 Nouus
1064 3625 1085 3663 et
1098 3617 1179 3679 forem

135 3685 195 3747 poris
227 3679 316 3728 nullum
332 3679 400 3725 foisse
421 3681 537 3726 tbestrum
561 3677 641 3725 Romus
676 3675 830 3738 Piretensium]
855 3677 893 3724 Sic
912 3691 1026 3742 strupra,
1044 3681 1178 3731 lxxmo.

136 3748 254 3795 stabilest
268 3758 415 3791 mensurum:
433 3757 500 3805 etque
517 3743 587 3789 etism
603 3745 642 3788 od-
674 3741 713 3788 27.
725 3743 896 3801 conjunguntur
912 3746 1044 3804 ergentsrlsc
1063 3747 1136 3792 Novus
1155 3760 1179 3795 et

137 3813 229 3860 rnodum
243 3808 406 3856 verisimileest
428 3821 482 3854 runc
498 3823 588 3870 quoque
601 3823 642 3872 po·
674 3805 748 3851 forum
783 3805 942 3864 piscatorium,
972 3819 1079 3871 tunquam
1106 3811 1180 3859 vicine.

154 3875 402 3925 ulumlnlosstsnrem
413 3875 556 3934 spectsvisse.
587 3873 641 3919 Vid.
673 3869 732 3918 locs.
775 3871 848 3918 Prusa
870 3873 1053 3934 interpunctione
1075 3875 1178 3924 lebonnt

137 3895 262 4004 lipitomen
281 3937 371 3986 Livieui
390 3937 440 3984 libri
465 3949 556 3986 xtvnr.
589 3935 639 3984 var.
673 3935 718 3982 hoc
730 3933 781 3981 loco
792 3937 875 3997 vulgati
891 3937 952 3994 libri,
960 3939 998 4000 qui
1009 3940 1178 3988 distinctionem

137 4007 202 4054 Mur.
220 4007 235 4053 l.
257 4018 284 4055 rr.
304 4019 325 4050 c.
345 4001 639 4050 4.etTec.Ann.l.nrv.
671 4012 787 4062 opponunt
816 4013 867 4065 port
899 4017 978 4050 socen
1007 4002 1092 4052 illrum:
1117 4006 1179 4054 unde

136 4087 157 4118 c.
170 4073 210 4118 ¹20,
244 4069 258 4096 ³
272 4069 353 4130 ltsque
373 4067 417 4114 boc
437 4069 562 4123 rhemum,
576 4065 638 4125 quod
671 4065 793 4111 existimari
804 4077 878 4128 posset
888 4067 941 4114 hes
951 4081 1017 4115 meus
1033 4069 1103 4116 luisse
1123 4069 1178 4118 Livii

135 4135 266 4200 poliendum
290 4134 341 4181 albo
357 4134 445 4179 locatur
466 4147 480 4177 s
500 4130 639 4186 censoribus,
671 4129 804 4185 stoicem,
821 4129 895 4178 forurn
919 4129 1177 4184 Piscmminrnlocstum

136 4199 239 4265 (videtur
262 4197 422 4262 temportrium
445 4195 533 4260 missu)
551 4207 575 4242 et
593 4209 638 4242 non
671 4207 719 4240 esse
735 4195 781 4241 lroc
793 4199 886 4242 'sonos
906 4211 999 4244 censore
1012 4200 1177 4247 extruendum:

135 4265 197 4313 ultre
221 4273 343 4318 ststurum,
363 4278 432 4324 quem
453 4275 511 4324 opus
531 4270 590 4308 esset
612 4261 639 4308 sd
671 4258 824 4319 quodfalsum
846 4275 895 4309 esss
906 4261 1007 4323 arguitur
1017 4277 1045 4310 et
1062 4263 1112 4312 loco
1129 4281 1179 4312 rne-

135 4331 201 4377 ludos
211 4329 319 4389 edendos,
338 4327 529 4390 quemsdmodum
545 4337 571 4372 st
588 4339 638 4372 sce·
671 4334 759 4370 moreto
778 4323 794 4371 1.
813 4337 886 4373 xxvi.
922 4327 1079 4375 (ircumdrtss
1100 4329 1176 4377 teber-

135 4409 174 4450 ns,
183 4394 199 4440 1,
212 4405 265 4440 rtur.
277 4409 299 4438 o.
311 4393 349 4441 27.
368 4409 380 4439 a
399 4390 528 4439 censoribus
549 4389 640 4438 locatur
670 4401 711 4434 nes
733 4387 829 4452 intelligi
849 4389 885 4437 illi
897 4389 1005 4450 basiliere,
1024 4407 1074 4456 quse
1088 4393 1177 4442 locatur

136 4457 255 4523 praebenda
277 4455 378 4504 sedilibus
405 4469 474 4519 sequte
498 4455 640 4519 praetoribus.
673 4453 808 4502 edificanda.

136 4523 231 4578 rlluoc
250 4521 334 4571 nodum
362 4522 448 4570 solvere
470 4535 518 4569 nou
540 4518 640 4581 aggredi-
