<?xml version="1.0" encoding="UTF-8"?>
<!DOCTYPE html PUBLIC "-//W3C//DTD XHTML 1.0 Transitional//EN"
    "http://www.w3.org/TR/xhtml1/DTD/xhtml1-transitional.dtd">
<html xmlns="http://www.w3.org/1999/xhtml" xml:lang="en" lang="en">
 <head>
  <title>
</title>
<meta http-equiv="Content-Type" content="text/html;charset=utf-8" />
  <meta name='ocr-system' content='tesseract 3.04.00' />
  <meta name='ocr-capabilities' content='ocr_page ocr_carea ocr_par ocr_line ocrx_word'/>
</head>
<body>
  <div class='ocr_page' id='page_1' title='image "./tliviipatavinih00grongoog_0049.png"; bbox 0 0 3100 5194; ppageno 0'>
   <div class='ocr_carea' id='block_1_1' title="bbox 420 328 1169 396">
    <p class='ocr_par' dir='ltr' id='par_1_1' title="bbox 420 328 1169 396">
     <span class='ocr_line' id='line_1_1' title="bbox 420 328 1169 396; baseline 0.009 -7"><span class='ocrx_word' id='word_1_1' title='bbox 420 328 502 390; x_wconf 87' lang='lat' dir='ltr'><strong>LlB.</strong></span> <span class='ocrx_word' id='word_1_2' title='bbox 523 331 640 392; x_wconf 79' lang='lat' dir='ltr'><strong>xxxi.</strong></span> <span class='ocrx_word' id='word_1_3' title='bbox 667 331 750 392; x_wconf 82' lang='lat' dir='ltr'><strong>CAP.</strong></span> <span class='ocrx_word' id='word_1_4' title='bbox 771 333 866 392; x_wconf 84' lang='lat' dir='ltr'><strong>XLV.</strong></span> <span class='ocrx_word' id='word_1_5' title='bbox 1129 339 1169 396; x_wconf 83' lang='grc'><strong>39</strong></span> 
     </span>
    </p>
   </div>
   <div class='ocr_carea' id='block_1_2' title="bbox 21 480 1321 1320">
    <p class='ocr_par' dir='ltr' id='par_1_2' title="bbox 21 480 1321 1086">
     <span class='ocr_line' id='line_1_2' title="bbox 21 480 1321 572; baseline 0.007 -27"><span class='ocrx_word' id='word_1_6' title='bbox 21 485 22 496; x_wconf 74' lang='grc'>’</span> <span class='ocrx_word' id='word_1_7' title='bbox 113 481 180 546; x_wconf 81' lang='lat' dir='ltr'><strong>auri</strong></span> <span class='ocrx_word' id='word_1_8' title='bbox 212 482 254 544; x_wconf 84' lang='lat' dir='ltr'><strong>ab</strong></span> <span class='ocrx_word' id='word_1_9' title='bbox 284 503 355 568; x_wconf 84' lang='lat' dir='ltr'><strong>rege</strong></span> <span class='ocrx_word' id='word_1_10' title='bbox 385 480 549 548; x_wconf 76' lang='lat' dir='ltr'><strong>Ptolemaeo</strong></span> <span class='ocrx_word' id='word_1_11' title='bbox 571 487 692 565; x_wconf 89' lang='lat' dir='ltr'><strong>missus,</strong></span> <span class='ocrx_word' id='word_1_12' title='bbox 719 491 745 527; x_wconf 77' lang='lat'><strong>⁸³</strong></span> <span class='ocrx_word' id='word_1_13' title='bbox 758 507 811 550; x_wconf 90' lang='lat' dir='ltr'><strong>sex</strong></span> <span class='ocrx_word' id='word_1_14' title='bbox 840 487 937 550; x_wconf 89' lang='lat' dir='ltr'><strong>millia</strong></span> <span class='ocrx_word' id='word_1_15' title='bbox 966 490 1103 572; x_wconf 86' lang='lat' dir='ltr'><strong>peditum</strong></span> <span class='ocrx_word' id='word_1_16' title='bbox 1134 501 1321 570; x_wconf 50' lang='lat' dir='ltr'><strong>stupeat.</strong></span> 
     </span>
     <span class='ocr_line' id='line_1_3' title="bbox 113 567 1318 659; baseline 0.006 -27"><span class='ocrx_word' id='word_1_17' title='bbox 113 569 237 652; x_wconf 80' lang='lat' dir='ltr'>equites</span> <span class='ocrx_word' id='word_1_18' title='bbox 252 570 394 632; x_wconf 78' lang='lat' dir='ltr'><strong>mercede</strong></span> <span class='ocrx_word' id='word_1_19' title='bbox 409 571 577 636; x_wconf 90' lang='lat' dir='ltr'><strong>conductos</strong></span> <span class='ocrx_word' id='word_1_20' title='bbox 593 570 762 656; x_wconf 85' lang='lat' dir='ltr'><strong>AEgyptum</strong></span> <span class='ocrx_word' id='word_1_21' title='bbox 780 575 894 637; x_wconf 91' lang='lat' dir='ltr'><strong>avexit.</strong></span> <span class='ocrx_word' id='word_1_22' title='bbox 916 595 973 638; x_wconf 91' lang='lat' dir='ltr'><strong>nec</strong></span> <span class='ocrx_word' id='word_1_23' title='bbox 997 598 1036 638; x_wconf 87' lang='lat' dir='ltr'><strong>ex</strong></span> <span class='ocrx_word' id='word_1_24' title='bbox 1052 576 1163 659; x_wconf 86' lang='lat' dir='ltr'><strong>juven·</strong></span> <span class='ocrx_word' id='word_1_25' title='bbox 1175 567 1207 615; x_wconf 81' lang='lat' dir='ltr'><strong>A.</strong></span> <span class='ocrx_word' id='word_1_26' title='bbox 1218 567 1248 616; x_wconf 74' lang='lat'><strong>⁰·</strong></span> <span class='ocrx_word' id='word_1_27' title='bbox 1258 567 1318 621; x_wconf 79' lang='lat'><strong>²⁰⁰·</strong></span> 
     </span>
     <span class='ocr_line' id='line_1_4' title="bbox 113 629 1317 760; baseline 0.007 -43"><span class='ocrx_word' id='word_1_28' title='bbox 113 665 184 718; x_wconf 79' lang='lat' dir='ltr'><strong>tute</strong></span> <span class='ocrx_word' id='word_1_29' title='bbox 199 651 377 718; x_wconf 87' lang='lat' dir='ltr'><strong>AEtolorum</strong></span> <span class='ocrx_word' id='word_1_30' title='bbox 404 677 586 739; x_wconf 88' lang='lat' dir='ltr'><strong>quemquam</strong></span> <span class='ocrx_word' id='word_1_31' title='bbox 608 660 786 742; x_wconf 67' lang='lat' dir='ltr'><strong>reliquisset„</strong></span> <span class='ocrx_word' id='word_1_32' title='bbox 808 660 838 722; x_wconf 91' lang='lat' dir='ltr'><strong>ni</strong></span> <span class='ocrx_word' id='word_1_33' title='bbox 861 659 1067 740; x_wconf 85' lang='lat' dir='ltr'><strong>Damocritus,</strong></span> <span class='ocrx_word' id='word_1_34' title='bbox 1082 629 1317 760; x_wconf 50' lang='lat' dir='ltr'><strong>nuncffissif&#39;ssi&#39;,¹</strong></span> 
     </span>
     <span class='ocr_line' id='line_1_5' title="bbox 113 741 1306 828; baseline 0.003 -24"><span class='ocrx_word' id='word_1_35' title='bbox 113 741 200 820; x_wconf 85' lang='lat' dir='ltr'><strong>belli,</strong></span> <span class='ocrx_word' id='word_1_36' title='bbox 224 743 307 823; x_wconf 91' lang='lat' dir='ltr'><strong>quod</strong></span> <span class='ocrx_word' id='word_1_37' title='bbox 323 744 460 820; x_wconf 75' lang='lat' dir='ltr'><strong>instaret,</strong></span> <span class='ocrx_word' id='word_1_38' title='bbox 482 763 562 806; x_wconf 89' lang='lat' dir='ltr'><strong>nunc</strong></span> <span class='ocrx_word' id='word_1_39' title='bbox 586 745 692 807; x_wconf 81' lang='lat' dir='ltr'><strong>suturae</strong></span> <span class='ocrx_word' id='word_1_40' title='bbox 711 747 882 808; x_wconf 82' lang='lat' dir='ltr'><strong>solitudinis</strong></span> <span class='ocrx_word' id='word_1_41' title='bbox 898 748 1076 825; x_wconf 88' lang='lat' dir='ltr'><strong>admonens,</strong></span> <span class='ocrx_word' id='word_1_42' title='bbox 1102 749 1163 828; x_wconf 92' lang='lat' dir='ltr'><strong>(in-</strong></span> <span class='ocrx_word' id='word_1_43' title='bbox 1176 759 1306 827; x_wconf 73' lang='lat' dir='ltr'><strong>AEgypam</strong></span> 
     </span>
     <span class='ocr_line' id='line_1_6' title="bbox 114 827 1263 918; baseline 0.007 -29"><span class='ocrx_word' id='word_1_44' title='bbox 114 841 235 891; x_wconf 86' lang='lat' dir='ltr'><strong>certum</strong></span> <span class='ocrx_word' id='word_1_45' title='bbox 260 849 334 900; x_wconf 79' lang='lat' dir='ltr'><strong>cura</strong></span> <span class='ocrx_word' id='word_1_46' title='bbox 357 831 467 911; x_wconf 85' lang='lat' dir='ltr'><strong>gentis,</strong></span> <span class='ocrx_word' id='word_1_47' title='bbox 489 850 529 891; x_wconf 92' lang='lat' dir='ltr'><strong>an</strong></span> <span class='ocrx_word' id='word_1_48' title='bbox 554 842 590 893; x_wconf 92' lang='lat' dir='ltr'><strong>ut</strong></span> <span class='ocrx_word' id='word_1_49' title='bbox 615 833 822 893; x_wconf 80' lang='lat' dir='ltr'><strong>adversaretur</strong></span> <span class='ocrx_word' id='word_1_50' title='bbox 843 829 960 916; x_wconf 75' lang='lat' dir='ltr'><strong>Scopae,</strong></span> <span class='ocrx_word' id='word_1_51' title='bbox 983 855 1088 918; x_wconf 83' lang='lat' dir='ltr'>pamm</span> <span class='ocrx_word' id='word_1_52' title='bbox 1106 827 1263 896; x_wconf 67' lang='lat' dir='ltr'><strong>do-⁴l⁰“³·</strong></span> 
     </span>
     <span class='ocr_line' id='line_1_7' title="bbox 116 915 1164 999; baseline 0.006 -23"><span class='ocrx_word' id='word_1_53' title='bbox 116 915 165 976; x_wconf 89' lang='lat' dir='ltr'><strong>nis</strong></span> <span class='ocrx_word' id='word_1_54' title='bbox 180 915 296 993; x_wconf 90' lang='lat' dir='ltr'><strong>cultus)</strong></span> <span class='ocrx_word' id='word_1_55' title='bbox 324 927 443 996; x_wconf 76' lang='lat' dir='ltr'><strong>partem</strong></span> <span class='ocrx_word' id='word_1_56' title='bbox 465 915 619 998; x_wconf 87' lang='lat' dir='ltr'><strong>juniorum</strong></span> <span class='ocrx_word' id='word_1_57' title='bbox 646 917 826 999; x_wconf 85' lang='lat' dir='ltr'><strong>castigando</strong></span> <span class='ocrx_word' id='word_1_58' title='bbox 852 918 935 980; x_wconf 90' lang='lat' dir='ltr'><strong>dorni</strong></span> <span class='ocrx_word' id='word_1_59' title='bbox 955 921 1164 983; x_wconf 87' lang='lat' dir='ltr'><strong>continuisset.</strong></span> 
     </span>
     <span class='ocr_line' id='line_1_8' title="bbox 116 995 1012 1086; baseline 0.006 -23"><span class='ocrx_word' id='word_1_60' title='bbox 116 995 194 1063; x_wconf 72' lang='lat' dir='ltr'><strong>Hac</strong></span> <span class='ocrx_word' id='word_1_61' title='bbox 210 1021 249 1064; x_wconf 91' lang='lat' dir='ltr'><strong>ea</strong></span> <span class='ocrx_word' id='word_1_62' title='bbox 262 1011 367 1063; x_wconf 80' lang='lat' dir='ltr'><strong>astate</strong></span> <span class='ocrx_word' id='word_1_63' title='bbox 383 1003 422 1064; x_wconf 89' lang='lat' dir='ltr'><strong>ab</strong></span> <span class='ocrx_word' id='word_1_64' title='bbox 436 1001 584 1064; x_wconf 87' lang='lat' dir='ltr'><strong>Romanis</strong></span> <span class='ocrx_word' id='word_1_65' title='bbox 599 1001 799 1086; x_wconf 86' lang='lat' dir='ltr'><strong>Philippoque</strong></span> <span class='ocrx_word' id='word_1_66' title='bbox 814 1015 901 1086; x_wconf 87' lang='lat' dir='ltr'><strong>gesta</strong></span> <span class='ocrx_word' id='word_1_67' title='bbox 916 1019 1012 1069; x_wconf 90' lang='lat' dir='ltr'><strong>erant.</strong></span> 
     </span>
    </p>

    <p class='ocr_par' dir='ltr' id='par_1_3' title="bbox 116 1081 1294 1320">
     <span class='ocr_line' id='line_1_9' title="bbox 158 1081 1294 1174; baseline 0.01 -27"><span class='ocrx_word' id='word_1_68' title='bbox 158 1081 276 1149; x_wconf 80' lang='lat' dir='ltr'><strong>XLIV.</strong></span> <span class='ocrx_word' id='word_1_69' title='bbox 300 1085 412 1150; x_wconf 85' lang='lat' dir='ltr'><strong>Classis</strong></span> <span class='ocrx_word' id='word_1_70' title='bbox 428 1109 448 1150; x_wconf 91' lang='lat' dir='ltr'><strong>a</strong></span> <span class='ocrx_word' id='word_1_71' title='bbox 467 1087 601 1174; x_wconf 76' lang='lat' dir='ltr'><strong>Corcyra</strong></span> <span class='ocrx_word' id='word_1_72' title='bbox 628 1088 763 1170; x_wconf 87' lang='lat' dir='ltr'><strong>ejusdem</strong></span> <span class='ocrx_word' id='word_1_73' title='bbox 788 1091 937 1173; x_wconf 88' lang='lat' dir='ltr'><strong>principio</strong></span> <span class='ocrx_word' id='word_1_74' title='bbox 961 1093 1071 1155; x_wconf 85' lang='lat' dir='ltr'><strong>aestatis</strong></span> <span class='ocrx_word' id='word_1_75' title='bbox 1094 1115 1163 1156; x_wconf 86' lang='lat' dir='ltr'><strong>eum</strong></span> <span class='ocrx_word' id='word_1_76' title='bbox 1176 1097 1294 1158; x_wconf 68' lang='lat' dir='ltr'><strong>Romul</strong></span> 
     </span>
     <span class='ocr_line' id='line_1_10' title="bbox 116 1171 1255 1320; baseline 0.007 -85"><span class='ocrx_word' id='word_1_77' title='bbox 116 1171 153 1235; x_wconf 84' lang='lat' dir='ltr'><strong>L.</strong></span> <span class='ocrx_word' id='word_1_78' title='bbox 167 1171 301 1320; x_wconf 65' lang='lat' dir='ltr'><strong>Aplustio</strong></span> <span class='ocrx_word' id='word_1_79' title='bbox 316 1173 417 1256; x_wconf 84' lang='lat' dir='ltr'><strong>legato</strong></span> <span class='ocrx_word' id='word_1_80' title='bbox 436 1174 587 1257; x_wconf 83' lang='lat' dir='ltr'><strong>prolecta,</strong></span> <span class='ocrx_word' id='word_1_81' title='bbox 612 1173 718 1238; x_wconf 87' lang='lat' dir='ltr'><strong>Malea</strong></span> <span class='ocrx_word' id='word_1_82' title='bbox 732 1187 884 1258; x_wconf 82' lang='lat' dir='ltr'><strong>superata,</strong></span> <span class='ocrx_word' id='word_1_83' title='bbox 899 1179 981 1240; x_wconf 88' lang='lat' dir='ltr'><strong>circa</strong></span> <span class='ocrx_word' id='word_1_84' title='bbox 1005 1176 1165 1263; x_wconf 85' lang='lat' dir='ltr'><strong>Scyllaeum</strong></span> <span class='ocrx_word' id='word_1_85' title='bbox 1175 1178 1255 1233; x_wconf 56' lang='lat' dir='ltr'><strong>⁸⁸⁸²oe-</strong></span> 
     </span>
    </p>
   </div>
   <div class='ocr_carea' id='block_1_3' title="bbox 115 1259 1164 1343">
    <p class='ocr_par' dir='ltr' id='par_1_4' title="bbox 115 1259 1164 1343">
     <span class='ocr_line' id='line_1_11' title="bbox 115 1259 1164 1343; baseline 0.009 -24"><span class='ocrx_word' id='word_1_86' title='bbox 115 1259 182 1342; x_wconf 86' lang='lat' dir='ltr'><strong>agri</strong></span> <span class='ocrx_word' id='word_1_87' title='bbox 232 1259 392 1320; x_wconf 90' lang='lat' dir='ltr'><strong>ermionici</strong></span> <span class='ocrx_word' id='word_1_88' title='bbox 402 1259 510 1323; x_wconf 89' lang='lat' dir='ltr'><strong>Attalo</strong></span> <span class='ocrx_word' id='word_1_89' title='bbox 526 1261 589 1343; x_wconf 85' lang='lat' dir='ltr'><strong>regi</strong></span> <span class='ocrx_word' id='word_1_90' title='bbox 604 1262 769 1342; x_wconf 88' lang='lat' dir='ltr'><strong>conjuncta</strong></span> <span class='ocrx_word' id='word_1_91' title='bbox 783 1272 840 1324; x_wconf 89' lang='lat' dir='ltr'><strong>est.</strong></span> <span class='ocrx_word' id='word_1_92' title='bbox 883 1259 965 1326; x_wconf 88' lang='lat' dir='ltr'><strong>Tum</strong></span> <span class='ocrx_word' id='word_1_93' title='bbox 980 1285 1051 1328; x_wconf 88' lang='lat' dir='ltr'><strong>vero</strong></span> <span class='ocrx_word' id='word_1_94' title='bbox 1065 1265 1164 1328; x_wconf 91' lang='lat' dir='ltr'><strong>Athe-</strong></span> 
     </span>
    </p>
   </div>
   <div class='ocr_carea' id='block_1_4' title="bbox 118 1343 1166 1432">
    <p class='ocr_par' dir='ltr' id='par_1_5' title="bbox 118 1343 1166 1432">
     <span class='ocr_line' id='line_1_12' title="bbox 118 1343 1166 1432; baseline 0.007 -26"><span class='ocrx_word' id='word_1_95' title='bbox 118 1343 271 1407; x_wconf 86' lang='lat' dir='ltr'><strong>niensium</strong></span> <span class='ocrx_word' id='word_1_96' title='bbox 294 1345 412 1425; x_wconf 84' lang='lat' dir='ltr'><strong>civitas,</strong></span> <span class='ocrx_word' id='word_1_97' title='bbox 434 1347 482 1408; x_wconf 92' lang='lat' dir='ltr'><strong>cui</strong></span> <span class='ocrx_word' id='word_1_98' title='bbox 508 1348 580 1408; x_wconf 91' lang='lat' dir='ltr'><strong>odio</strong></span> <span class='ocrx_word' id='word_1_99' title='bbox 592 1347 623 1408; x_wconf 95' lang='lat' dir='ltr'><strong>in</strong></span> <span class='ocrx_word' id='word_1_100' title='bbox 639 1346 813 1429; x_wconf 88' lang='lat' dir='ltr'><strong>Philippum</strong></span> <span class='ocrx_word' id='word_1_101' title='bbox 828 1369 882 1430; x_wconf 92' lang='lat' dir='ltr'><strong>per</strong></span> <span class='ocrx_word' id='word_1_102' title='bbox 897 1361 1013 1412; x_wconf 91' lang='lat' dir='ltr'><strong>metum</strong></span> <span class='ocrx_word' id='word_1_103' title='bbox 1025 1350 1091 1432; x_wconf 90' lang='lat' dir='ltr'><strong>jam</strong></span> <span class='ocrx_word' id='word_1_104' title='bbox 1112 1349 1166 1413; x_wconf 91' lang='lat' dir='ltr'><strong>diu</strong></span> 
     </span>
    </p>
   </div>
   <div class='ocr_carea' id='block_1_5' title="bbox 54 1431 1338 3662">
    <p class='ocr_par' dir='ltr' id='par_1_6' title="bbox 54 1431 1338 3583">
     <span class='ocr_line' id='line_1_13' title="bbox 119 1431 1165 1518; baseline 0.008 -26"><span class='ocrx_word' id='word_1_105' title='bbox 119 1431 281 1493; x_wconf 82' lang='lat' dir='ltr'><strong>moderata</strong></span> <span class='ocrx_word' id='word_1_106' title='bbox 299 1443 376 1510; x_wconf 88' lang='lat' dir='ltr'><strong>erat,</strong></span> <span class='ocrx_word' id='word_1_107' title='bbox 407 1432 439 1494; x_wconf 91' lang='lat' dir='ltr'><strong>id</strong></span> <span class='ocrx_word' id='word_1_108' title='bbox 465 1453 556 1493; x_wconf 89' lang='lat' dir='ltr'><strong>omne</strong></span> <span class='ocrx_word' id='word_1_109' title='bbox 576 1434 607 1494; x_wconf 89' lang='lat' dir='ltr'><strong>in</strong></span> <span class='ocrx_word' id='word_1_110' title='bbox 631 1432 736 1495; x_wconf 85' lang='lat' dir='ltr'><strong>auxilii</strong></span> <span class='ocrx_word' id='word_1_111' title='bbox 763 1435 918 1516; x_wconf 76' lang='lat' dir='ltr'><strong>praesentis</strong></span> <span class='ocrx_word' id='word_1_112' title='bbox 940 1457 1025 1518; x_wconf 92' lang='lat' dir='ltr'><strong>spem</strong></span> <span class='ocrx_word' id='word_1_113' title='bbox 1047 1437 1165 1500; x_wconf 86' lang='lat' dir='ltr'><strong>effudit.</strong></span> 
     </span>
     <span class='ocr_line' id='line_1_14' title="bbox 119 1517 1164 1604; baseline 0.007 -26"><span class='ocrx_word' id='word_1_114' title='bbox 119 1537 177 1579; x_wconf 90' lang='lat' dir='ltr'><strong>nec</strong></span> <span class='ocrx_word' id='word_1_115' title='bbox 196 1537 343 1599; x_wconf 88' lang='lat' dir='ltr'><strong>umquam</strong></span> <span class='ocrx_word' id='word_1_116' title='bbox 365 1518 407 1579; x_wconf 90' lang='lat' dir='ltr'><strong>ibi</strong></span> <span class='ocrx_word' id='word_1_117' title='bbox 431 1517 541 1580; x_wconf 88' lang='lat' dir='ltr'><strong>desunt</strong></span> <span class='ocrx_word' id='word_1_118' title='bbox 566 1518 675 1600; x_wconf 79' lang='lat' dir='ltr'><strong>linguae</strong></span> <span class='ocrx_word' id='word_1_119' title='bbox 699 1530 828 1604; x_wconf 86' lang='lat' dir='ltr'><strong>prorutae</strong></span> <span class='ocrx_word' id='word_1_120' title='bbox 850 1521 889 1582; x_wconf 90' lang='lat' dir='ltr'><strong>ad</strong></span> <span class='ocrx_word' id='word_1_121' title='bbox 915 1522 1035 1602; x_wconf 90' lang='lat' dir='ltr'><strong>plebem</strong></span> <span class='ocrx_word' id='word_1_122' title='bbox 1060 1524 1164 1584; x_wconf 92' lang='lat' dir='ltr'><strong>conci·</strong></span> 
     </span>
     <span class='ocr_line' id='line_1_15' title="bbox 120 1603 1168 1686; baseline 0.006 -21"><span class='ocrx_word' id='word_1_123' title='bbox 120 1603 268 1666; x_wconf 79' lang='lat' dir='ltr'><strong>tundam:</strong></span> <span class='ocrx_word' id='word_1_124' title='bbox 292 1603 374 1684; x_wconf 89' lang='lat' dir='ltr'><strong>quod</strong></span> <span class='ocrx_word' id='word_1_125' title='bbox 400 1625 505 1686; x_wconf 86' lang='lat' dir='ltr'><strong>genus,</strong></span> <span class='ocrx_word' id='word_1_126' title='bbox 528 1625 621 1686; x_wconf 90' lang='lat' dir='ltr'><strong>quum</strong></span> <span class='ocrx_word' id='word_1_127' title='bbox 644 1607 676 1666; x_wconf 93' lang='lat' dir='ltr'><strong>in</strong></span> <span class='ocrx_word' id='word_1_128' title='bbox 696 1605 837 1666; x_wconf 89' lang='lat' dir='ltr'><strong>omnibus</strong></span> <span class='ocrx_word' id='word_1_129' title='bbox 860 1607 962 1668; x_wconf 91' lang='lat' dir='ltr'><strong>liberis</strong></span> <span class='ocrx_word' id='word_1_130' title='bbox 982 1608 1168 1686; x_wconf 85' lang='lat' dir='ltr'><strong>civitatibus,</strong></span> 
     </span>
     <span class='ocr_line' id='line_1_16' title="bbox 120 1690 1166 1775; baseline 0.006 -24"><span class='ocrx_word' id='word_1_131' title='bbox 120 1690 347 1773; x_wconf 84' lang='lat' dir='ltr'><strong>tumpraecipue</strong></span> <span class='ocrx_word' id='word_1_132' title='bbox 358 1690 500 1769; x_wconf 87' lang='lat' dir='ltr'><strong>Athenis,</strong></span> <span class='ocrx_word' id='word_1_133' title='bbox 510 1691 560 1752; x_wconf 92' lang='lat' dir='ltr'><strong>ubi</strong></span> <span class='ocrx_word' id='word_1_134' title='bbox 571 1693 669 1753; x_wconf 87' lang='lat' dir='ltr'><strong>oratio</strong></span> <span class='ocrx_word' id='word_1_135' title='bbox 679 1692 842 1773; x_wconf 87' lang='lat' dir='ltr'><strong>plurimum</strong></span> <span class='ocrx_word' id='word_1_136' title='bbox 854 1693 960 1775; x_wconf 91' lang='lat' dir='ltr'><strong>pollet,</strong></span> <span class='ocrx_word' id='word_1_137' title='bbox 972 1693 1073 1756; x_wconf 88' lang='lat' dir='ltr'><strong>favore</strong></span> <span class='ocrx_word' id='word_1_138' title='bbox 1085 1695 1166 1757; x_wconf 91' lang='lat' dir='ltr'><strong>mul-</strong></span> 
     </span>
     <span class='ocr_line' id='line_1_17' title="bbox 118 1775 1167 1861; baseline 0.004 -22"><span class='ocrx_word' id='word_1_139' title='bbox 118 1776 262 1839; x_wconf 87' lang='lat' dir='ltr'><strong>titudinis</strong></span> <span class='ocrx_word' id='word_1_140' title='bbox 275 1777 374 1839; x_wconf 80' lang='lat' dir='ltr'><strong>alitur.</strong></span> <span class='ocrx_word' id='word_1_141' title='bbox 397 1775 602 1859; x_wconf 82' lang='lat' dir='ltr'><strong>Rogationem</strong></span> <span class='ocrx_word' id='word_1_142' title='bbox 612 1779 768 1859; x_wconf 90' lang='lat' dir='ltr'><strong>extemplo</strong></span> <span class='ocrx_word' id='word_1_143' title='bbox 779 1777 924 1857; x_wconf 87' lang='lat' dir='ltr'><strong>tulerunt,</strong></span> <span class='ocrx_word' id='word_1_144' title='bbox 934 1780 1097 1861; x_wconf 91' lang='lat' dir='ltr'><strong>plebesque</strong></span> <span class='ocrx_word' id='word_1_145' title='bbox 1106 1783 1167 1843; x_wconf 93' lang='lat' dir='ltr'><strong>sci·</strong></span> 
     </span>
     <span class='ocr_line' id='line_1_18' title="bbox 120 1858 1338 1948; baseline -0.002 -24"><span class='ocrx_word' id='word_1_146' title='bbox 120 1863 175 1941; x_wconf 80' lang='lat' dir='ltr'><strong>uit,</strong></span> <span class='ocrx_word' id='word_1_147' title='bbox 190 1862 246 1923; x_wconf 89' lang='lat' dir='ltr'><strong>‘ut</strong></span> <span class='ocrx_word' id='word_1_148' title='bbox 259 1861 390 1946; x_wconf 89' lang='lat' dir='ltr'><strong>Philippi</strong></span> <span class='ocrx_word' id='word_1_149' title='bbox 402 1874 519 1940; x_wconf 78' lang='lat' dir='ltr'><strong>statua,</strong></span> <span class='ocrx_word' id='word_1_150' title='bbox 533 1864 681 1945; x_wconf 81' lang='lat' dir='ltr'><strong>imagines</strong></span> <span class='ocrx_word' id='word_1_151' title='bbox 691 1884 808 1941; x_wconf 89' lang='lat' dir='ltr'><strong>omnes,</strong></span> <span class='ocrx_word' id='word_1_152' title='bbox 825 1867 848 1903; x_wconf 77' lang='lat'><strong>⁵⁴</strong></span> <span class='ocrx_word' id='word_1_153' title='bbox 857 1866 1041 1946; x_wconf 89' lang='lat' dir='ltr'><strong>nominaque</strong></span> <span class='ocrx_word' id='word_1_154' title='bbox 1051 1888 1166 1947; x_wconf 90' lang='lat' dir='ltr'><strong>earum,</strong></span> <span class='ocrx_word' id='word_1_155' title='bbox 1178 1858 1280 1944; x_wconf 62' lang='lat' dir='ltr'><strong>Deflet·</strong></span> <span class='ocrx_word' id='word_1_156' title='bbox 1309 1932 1318 1948; x_wconf 89' lang='lat'><strong>.</strong></span> <span class='ocrx_word' id='word_1_157' title='bbox 1335 1915 1338 1922; x_wconf 87' lang='lat'><em>.</em></span> 
     </span>
     <span class='ocr_line' id='line_1_19' title="bbox 119 1933 1334 2049; baseline 0.004 -39"><span class='ocrx_word' id='word_1_158' title='bbox 119 1949 130 1982; x_wconf 89' lang='lat'>‘</span> <span class='ocrx_word' id='word_1_159' title='bbox 144 1950 221 2010; x_wconf 84' lang='lat' dir='ltr'><strong>item</strong></span> <span class='ocrx_word' id='word_1_160' title='bbox 233 1949 383 2031; x_wconf 90' lang='lat' dir='ltr'><strong>majorum</strong></span> <span class='ocrx_word' id='word_1_161' title='bbox 393 1948 457 2030; x_wconf 90' lang='lat' dir='ltr'><strong>ejus</strong></span> <span class='ocrx_word' id='word_1_162' title='bbox 467 1948 559 2011; x_wconf 90' lang='lat' dir='ltr'><strong>virilis</strong></span> <span class='ocrx_word' id='word_1_163' title='bbox 569 1969 604 2010; x_wconf 87' lang='lat' dir='ltr'><strong>ac</strong></span> <span class='ocrx_word' id='word_1_164' title='bbox 615 1949 768 2010; x_wconf 90' lang='lat' dir='ltr'><strong>muliebris</strong></span> <span class='ocrx_word' id='word_1_165' title='bbox 777 1969 865 2011; x_wconf 90' lang='lat' dir='ltr'><strong>sexus</strong></span> <span class='ocrx_word' id='word_1_166' title='bbox 875 1951 1012 2012; x_wconf 90' lang='lat' dir='ltr'><strong>omnium</strong></span> <span class='ocrx_word' id='word_1_167' title='bbox 1023 1953 1166 2016; x_wconf 88' lang='lat' dir='ltr'><strong>tolleren-</strong></span> <span class='ocrx_word' id='word_1_168' title='bbox 1178 1933 1334 2049; x_wconf 54' lang='lat' dir='ltr'><strong>fflffi&#39;ffl‘</strong></span> 
     </span>
     <span class='ocr_line' id='line_1_20' title="bbox 121 2034 1276 2128; baseline 0.002 -30"><span class='ocrx_word' id='word_1_169' title='bbox 121 2035 207 2114; x_wconf 66' lang='lat' dir='ltr'><strong>‘tua</strong></span> <span class='ocrx_word' id='word_1_170' title='bbox 229 2035 482 2115; x_wconf 86' lang='lat' dir='ltr'><strong>delerenturque:</strong></span> <span class='ocrx_word' id='word_1_171' title='bbox 501 2034 565 2097; x_wconf 92' lang='lat' dir='ltr'><strong>dies</strong></span> <span class='ocrx_word' id='word_1_172' title='bbox 578 2035 658 2114; x_wconf 88' lang='lat' dir='ltr'><strong>festi,</strong></span> <span class='ocrx_word' id='word_1_173' title='bbox 676 2056 773 2113; x_wconf 88' lang='lat' dir='ltr'><strong>sacra,</strong></span> <span class='ocrx_word' id='word_1_174' title='bbox 792 2037 976 2114; x_wconf 87' lang='lat' dir='ltr'><strong>sacerdotes,</strong></span> <span class='ocrx_word' id='word_1_175' title='bbox 997 2059 1061 2118; x_wconf 84' lang='lat' dir='ltr'><strong>quae</strong></span> <span class='ocrx_word' id='word_1_176' title='bbox 1073 2039 1167 2120; x_wconf 87' lang='lat' dir='ltr'><strong>ipsius</strong></span> <span class='ocrx_word' id='word_1_177' title='bbox 1178 2061 1276 2128; x_wconf 59' lang='lat' dir='ltr'><strong>lippum,</strong></span> 
     </span>
     <span class='ocr_line' id='line_1_21' title="bbox 119 2120 1167 2206; baseline 0.001 -22"><span class='ocrx_word' id='word_1_178' title='bbox 119 2123 131 2154; x_wconf 93' lang='lat'>‘</span> <span class='ocrx_word' id='word_1_179' title='bbox 145 2120 334 2203; x_wconf 85' lang='lat' dir='ltr'><strong>majorumve</strong></span> <span class='ocrx_word' id='word_1_180' title='bbox 344 2120 409 2202; x_wconf 89' lang='lat' dir='ltr'><strong>ejus</strong></span> <span class='ocrx_word' id='word_1_181' title='bbox 420 2122 544 2183; x_wconf 91' lang='lat' dir='ltr'><strong>honoris</strong></span> <span class='ocrx_word' id='word_1_182' title='bbox 556 2141 663 2183; x_wconf 89' lang='lat' dir='ltr'><strong>caussa</strong></span> <span class='ocrx_word' id='word_1_183' title='bbox 672 2121 813 2183; x_wconf 88' lang='lat' dir='ltr'><strong>instituta</strong></span> <span class='ocrx_word' id='word_1_184' title='bbox 823 2134 935 2200; x_wconf 88' lang='lat' dir='ltr'><strong>essent,</strong></span> <span class='ocrx_word' id='word_1_185' title='bbox 948 2124 1051 2184; x_wconf 90' lang='lat' dir='ltr'><strong>omnia</strong></span> <span class='ocrx_word' id='word_1_186' title='bbox 1062 2129 1167 2206; x_wconf 78' lang='lat' dir='ltr'><strong>⁵⁵pro-</strong></span> 
     </span>
     <span class='ocr_line' id='line_1_22' title="bbox 120 2205 1168 2294; baseline 0 -24"><span class='ocrx_word' id='word_1_187' title='bbox 120 2207 330 2270; x_wconf 76' lang='lat' dir='ltr'><strong>‘sanarentua</strong></span> <span class='ocrx_word' id='word_1_188' title='bbox 353 2205 438 2270; x_wconf 86' lang='lat' dir='ltr'><strong>Loca</strong></span> <span class='ocrx_word' id='word_1_189' title='bbox 452 2227 582 2294; x_wconf 90' lang='lat' dir='ltr'><strong>quoque,</strong></span> <span class='ocrx_word' id='word_1_190' title='bbox 600 2209 631 2268; x_wconf 94' lang='lat' dir='ltr'><strong>in</strong></span> <span class='ocrx_word' id='word_1_191' title='bbox 646 2207 753 2290; x_wconf 89' lang='lat' dir='ltr'><strong>quibus</strong></span> <span class='ocrx_word' id='word_1_192' title='bbox 769 2209 902 2289; x_wconf 90' lang='lat' dir='ltr'><strong>positum</strong></span> <span class='ocrx_word' id='word_1_193' title='bbox 915 2207 1029 2289; x_wconf 90' lang='lat' dir='ltr'><strong>aliquid</strong></span> <span class='ocrx_word' id='word_1_194' title='bbox 1041 2209 1168 2292; x_wconf 89' lang='lat' dir='ltr'><strong>inscrip-</strong></span> 
     </span>
     <span class='ocr_line' id='line_1_23' title="bbox 119 2289 1168 2375; baseline 0 -19"><span class='ocrx_word' id='word_1_195' title='bbox 119 2295 133 2327; x_wconf 85' lang='lat'>‘</span> <span class='ocrx_word' id='word_1_196' title='bbox 145 2295 381 2356; x_wconf 81' lang='lat' dir='ltr'><strong>tumvehonoris</strong></span> <span class='ocrx_word' id='word_1_197' title='bbox 391 2291 456 2375; x_wconf 88' lang='lat' dir='ltr'><strong>ejus</strong></span> <span class='ocrx_word' id='word_1_198' title='bbox 466 2315 575 2355; x_wconf 86' lang='lat' dir='ltr'><strong>caussa</strong></span> <span class='ocrx_word' id='word_1_199' title='bbox 584 2292 698 2370; x_wconf 83' lang='lat' dir='ltr'><strong>luisset,</strong></span> <span class='ocrx_word' id='word_1_200' title='bbox 707 2289 899 2354; x_wconf 90' lang='lat' dir='ltr'><strong>detestabilia</strong></span> <span class='ocrx_word' id='word_1_201' title='bbox 909 2314 973 2354; x_wconf 88' lang='lat' dir='ltr'><strong>esse</strong></span> <span class='ocrx_word' id='word_1_202' title='bbox 982 2314 1080 2374; x_wconf 91' lang='lat' dir='ltr'><strong>neque</strong></span> <span class='ocrx_word' id='word_1_203' title='bbox 1090 2295 1120 2356; x_wconf 93' lang='lat' dir='ltr'><strong>in</strong></span> <span class='ocrx_word' id='word_1_204' title='bbox 1131 2295 1168 2356; x_wconf 91' lang='lat' dir='ltr'><strong>iis</strong></span> 
     </span>
     <span class='ocr_line' id='line_1_24' title="bbox 121 2378 1168 2463; baseline 0.001 -22"><span class='ocrx_word' id='word_1_205' title='bbox 121 2381 133 2414; x_wconf 93' lang='lat'>‘</span> <span class='ocrx_word' id='word_1_206' title='bbox 148 2380 426 2463; x_wconf 87' lang='lat' dir='ltr'><strong>quidquampostea</strong></span> <span class='ocrx_word' id='word_1_207' title='bbox 435 2379 509 2461; x_wconf 90' lang='lat' dir='ltr'><strong>poni</strong></span> <span class='ocrx_word' id='word_1_208' title='bbox 519 2379 712 2459; x_wconf 84' lang='lat' dir='ltr'><strong>dedicarique</strong></span> <span class='ocrx_word' id='word_1_209' title='bbox 723 2378 841 2461; x_wconf 89' lang='lat' dir='ltr'><strong>placere</strong></span> <span class='ocrx_word' id='word_1_210' title='bbox 851 2399 966 2456; x_wconf 88' lang='lat' dir='ltr'><strong>eorum,</strong></span> <span class='ocrx_word' id='word_1_211' title='bbox 979 2399 1044 2460; x_wconf 86' lang='lat' dir='ltr'><strong>quae</strong></span> <span class='ocrx_word' id='word_1_212' title='bbox 1055 2380 1086 2442; x_wconf 92' lang='lat' dir='ltr'><strong>in</strong></span> <span class='ocrx_word' id='word_1_213' title='bbox 1099 2381 1168 2442; x_wconf 91' lang='lat' dir='ltr'><strong>loco</strong></span> 
     </span>
     <span class='ocr_line' id='line_1_25' title="bbox 119 2462 1169 2549; baseline 0.001 -22"><span class='ocrx_word' id='word_1_214' title='bbox 119 2465 133 2500; x_wconf 83' lang='lat'>‘</span> <span class='ocrx_word' id='word_1_215' title='bbox 148 2485 227 2549; x_wconf 91' lang='lat' dir='ltr'><strong>puro</strong></span> <span class='ocrx_word' id='word_1_216' title='bbox 237 2468 308 2548; x_wconf 92' lang='lat' dir='ltr'><strong>poni</strong></span> <span class='ocrx_word' id='word_1_217' title='bbox 319 2466 512 2546; x_wconf 88' lang='lat' dir='ltr'><strong>dedicarique</strong></span> <span class='ocrx_word' id='word_1_218' title='bbox 522 2465 667 2528; x_wconf 81' lang='lat' dir='ltr'><strong>fasesset.</strong></span> <span class='ocrx_word' id='word_1_219' title='bbox 690 2462 870 2526; x_wconf 90' lang='lat' dir='ltr'><strong>Sacerdotes</strong></span> <span class='ocrx_word' id='word_1_220' title='bbox 877 2464 1025 2547; x_wconf 89' lang='lat' dir='ltr'><strong>publicos,</strong></span> <span class='ocrx_word' id='word_1_221' title='bbox 1032 2467 1169 2546; x_wconf 84' lang='lat' dir='ltr'><strong>quoties·</strong></span> 
     </span>
     <span class='ocr_line' id='line_1_26' title="bbox 122 2551 1172 2635; baseline 0 -21"><span class='ocrx_word' id='word_1_222' title='bbox 122 2553 281 2634; x_wconf 83' lang='lat' dir='ltr'><strong>‘cumque</strong></span> <span class='ocrx_word' id='word_1_223' title='bbox 296 2574 352 2635; x_wconf 91' lang='lat' dir='ltr'><strong>pro</strong></span> <span class='ocrx_word' id='word_1_224' title='bbox 367 2552 481 2634; x_wconf 90' lang='lat' dir='ltr'><strong>populo</strong></span> <span class='ocrx_word' id='word_1_225' title='bbox 496 2551 687 2629; x_wconf 86' lang='lat' dir='ltr'><strong>Atheniensi,</strong></span> <span class='ocrx_word' id='word_1_226' title='bbox 703 2551 861 2630; x_wconf 88' lang='lat' dir='ltr'><strong>sociisque,</strong></span> <span class='ocrx_word' id='word_1_227' title='bbox 882 2560 914 2611; x_wconf 90' lang='lat' dir='ltr'><strong>et</strong></span> <span class='ocrx_word' id='word_1_228' title='bbox 928 2552 1122 2630; x_wconf 87' lang='lat' dir='ltr'><strong>exercitibus,</strong></span> <span class='ocrx_word' id='word_1_229' title='bbox 1139 2562 1172 2614; x_wconf 90' lang='lat' dir='ltr'><strong>et</strong></span> 
     </span>
     <span class='ocr_line' id='line_1_27' title="bbox 125 2635 1170 2720; baseline -0.002 -19"><span class='ocrx_word' id='word_1_230' title='bbox 125 2639 136 2673; x_wconf 94' lang='lat'>‘</span> <span class='ocrx_word' id='word_1_231' title='bbox 150 2637 299 2701; x_wconf 90' lang='lat' dir='ltr'><strong>classibus</strong></span> <span class='ocrx_word' id='word_1_232' title='bbox 311 2657 416 2700; x_wconf 88' lang='lat' dir='ltr'><strong>eorum</strong></span> <span class='ocrx_word' id='word_1_233' title='bbox 429 2649 634 2720; x_wconf 88' lang='lat' dir='ltr'><strong>precarentur,</strong></span> <span class='ocrx_word' id='word_1_234' title='bbox 652 2637 744 2698; x_wconf 88' lang='lat' dir='ltr'><strong>toties</strong></span> <span class='ocrx_word' id='word_1_235' title='bbox 761 2635 906 2697; x_wconf 86' lang='lat' dir='ltr'><strong>detestari</strong></span> <span class='ocrx_word' id='word_1_236' title='bbox 918 2649 1010 2717; x_wconf 90' lang='lat' dir='ltr'><strong>atque</strong></span> <span class='ocrx_word' id='word_1_237' title='bbox 1021 2638 1170 2699; x_wconf 87' lang='lat' dir='ltr'><strong>exsecrari</strong></span> 
     </span>
     <span class='ocr_line' id='line_1_28' title="bbox 122 2722 1171 2809; baseline -0.002 -22"><span class='ocrx_word' id='word_1_238' title='bbox 122 2726 135 2760; x_wconf 88' lang='lat'>‘</span> <span class='ocrx_word' id='word_1_239' title='bbox 149 2723 455 2809; x_wconf 87' lang='lat' dir='ltr'><strong>Philippum,liberos</strong></span> <span class='ocrx_word' id='word_1_240' title='bbox 466 2724 541 2805; x_wconf 90' lang='lat' dir='ltr'><strong>ejus,</strong></span> <span class='ocrx_word' id='word_1_241' title='bbox 551 2741 748 2804; x_wconf 82' lang='lat' dir='ltr'><strong>regnumque,</strong></span> <span class='ocrx_word' id='word_1_242' title='bbox 758 2732 914 2784; x_wconf 84' lang='lat' dir='ltr'><strong>terrestres</strong></span> <span class='ocrx_word' id='word_1_243' title='bbox 924 2722 1105 2804; x_wconf 88' lang='lat' dir='ltr'><strong>navalesque</strong></span> <span class='ocrx_word' id='word_1_244' title='bbox 1115 2744 1171 2786; x_wconf 89' lang='lat' dir='ltr'><strong>co-</strong></span> 
     </span>
     <span class='ocr_line' id='line_1_29' title="bbox 54 2805 1171 2895; baseline -0.003 -22"><span class='ocrx_word' id='word_1_245' title='bbox 54 2847 59 2856; x_wconf 94' lang='lat'><strong>·</strong></span> <span class='ocrx_word' id='word_1_246' title='bbox 125 2810 227 2895; x_wconf 86' lang='lat' dir='ltr'><strong>‘pias,</strong></span> <span class='ocrx_word' id='word_1_247' title='bbox 243 2809 451 2873; x_wconf 89' lang='lat' dir='ltr'><strong>Macedonum</strong></span> <span class='ocrx_word' id='word_1_248' title='bbox 463 2829 559 2891; x_wconf 89' lang='lat' dir='ltr'><strong>genus</strong></span> <span class='ocrx_word' id='word_1_249' title='bbox 574 2829 665 2871; x_wconf 89' lang='lat' dir='ltr'><strong>omne</strong></span> <span class='ocrx_word' id='word_1_250' title='bbox 676 2805 867 2890; x_wconf 66' lang='lat' dir='ltr'><strong>nomenque!</strong></span> <span class='ocrx_word' id='word_1_251' title='bbox 883 2807 1022 2870; x_wconf 88' lang='lat' dir='ltr'><strong>additum</strong></span> <span class='ocrx_word' id='word_1_252' title='bbox 1034 2809 1171 2890; x_wconf 88' lang='lat' dir='ltr'><strong>decreto,</strong></span> 
     </span>
     <span class='ocr_line' id='line_1_30' title="bbox 124 2891 1170 2982; baseline -0.004 -22"><span class='ocrx_word' id='word_1_253' title='bbox 124 2897 137 2933; x_wconf 90' lang='lat'>‘</span> <span class='ocrx_word' id='word_1_254' title='bbox 151 2895 185 2959; x_wconf 82' lang='lat' dir='ltr'><strong>si</strong></span> <span class='ocrx_word' id='word_1_255' title='bbox 197 2899 263 2982; x_wconf 89' lang='lat' dir='ltr'><strong>quis</strong></span> <span class='ocrx_word' id='word_1_256' title='bbox 275 2897 347 2982; x_wconf 91' lang='lat' dir='ltr'><strong>quid</strong></span> <span class='ocrx_word' id='word_1_257' title='bbox 357 2908 475 2980; x_wconf 90' lang='lat' dir='ltr'><strong>postea,</strong></span> <span class='ocrx_word' id='word_1_258' title='bbox 492 2895 573 2978; x_wconf 89' lang='lat' dir='ltr'><strong>quod</strong></span> <span class='ocrx_word' id='word_1_259' title='bbox 587 2894 626 2956; x_wconf 90' lang='lat' dir='ltr'><strong>ad</strong></span> <span class='ocrx_word' id='word_1_260' title='bbox 640 2906 747 2955; x_wconf 89' lang='lat' dir='ltr'><strong>notam</strong></span> <span class='ocrx_word' id='word_1_261' title='bbox 763 2893 1022 2976; x_wconf 87' lang='lat' dir='ltr'><strong>ignominiamque</strong></span> <span class='ocrx_word' id='word_1_262' title='bbox 1038 2891 1170 2977; x_wconf 89' lang='lat' dir='ltr'><strong>Philippi</strong></span> 
     </span>
     <span class='ocr_line' id='line_1_31' title="bbox 126 2978 1169 3066; baseline -0.004 -20"><span class='ocrx_word' id='word_1_263' title='bbox 126 2983 137 3017; x_wconf 94' lang='lat'>‘</span> <span class='ocrx_word' id='word_1_264' title='bbox 152 2985 331 3066; x_wconf 89' lang='lat' dir='ltr'><strong>pertineret,</strong></span> <span class='ocrx_word' id='word_1_265' title='bbox 343 2983 445 3060; x_wconf 78' lang='lat' dir='ltr'><strong>ferret,</strong></span> <span class='ocrx_word' id='word_1_266' title='bbox 463 2981 494 3044; x_wconf 93' lang='lat' dir='ltr'><strong>id</strong></span> <span class='ocrx_word' id='word_1_267' title='bbox 507 3001 596 3042; x_wconf 92' lang='lat' dir='ltr'><strong>omne</strong></span> <span class='ocrx_word' id='word_1_268' title='bbox 612 2978 757 3062; x_wconf 90' lang='lat' dir='ltr'><strong>populum</strong></span> <span class='ocrx_word' id='word_1_269' title='bbox 768 2978 988 3041; x_wconf 89' lang='lat' dir='ltr'><strong>Atheniensem</strong></span> <span class='ocrx_word' id='word_1_270' title='bbox 995 2979 1169 3061; x_wconf 85' lang='lat' dir='ltr'><strong>jussurum:</strong></span> 
     </span>
     <span class='ocr_line' id='line_1_32' title="bbox 121 3063 1171 3152; baseline -0.004 -20"><span class='ocrx_word' id='word_1_271' title='bbox 121 3071 137 3104; x_wconf 74' lang='lat'>‘</span> <span class='ocrx_word' id='word_1_272' title='bbox 151 3071 177 3132; x_wconf 89' lang='lat' dir='ltr'><strong>si</strong></span> <span class='ocrx_word' id='word_1_273' title='bbox 192 3072 260 3152; x_wconf 90' lang='lat' dir='ltr'><strong>quis</strong></span> <span class='ocrx_word' id='word_1_274' title='bbox 275 3079 382 3132; x_wconf 89' lang='lat' dir='ltr'><strong>contra</strong></span> <span class='ocrx_word' id='word_1_275' title='bbox 396 3067 609 3149; x_wconf 87' lang='lat' dir='ltr'><strong>ignominiam,</strong></span> <span class='ocrx_word' id='word_1_276' title='bbox 624 3085 716 3149; x_wconf 89' lang='lat' dir='ltr'><strong>prove</strong></span> <span class='ocrx_word' id='word_1_277' title='bbox 724 3066 840 3128; x_wconf 91' lang='lat' dir='ltr'><strong>honore</strong></span> <span class='ocrx_word' id='word_1_278' title='bbox 851 3064 916 3147; x_wconf 84' lang='lat' dir='ltr'><strong>ejus</strong></span> <span class='ocrx_word' id='word_1_279' title='bbox 931 3066 1068 3145; x_wconf 88' lang='lat' dir='ltr'><strong>dixisset,</strong></span> <span class='ocrx_word' id='word_1_280' title='bbox 1080 3063 1171 3128; x_wconf 84' lang='lat' dir='ltr'><strong>iecis-</strong></span> 
     </span>
     <span class='ocr_line' id='line_1_33' title="bbox 123 3149 1175 3237; baseline -0.007 -18"><span class='ocrx_word' id='word_1_281' title='bbox 123 3158 137 3192; x_wconf 85' lang='lat'>‘</span> <span class='ocrx_word' id='word_1_282' title='bbox 151 3169 247 3234; x_wconf 88' lang='lat' dir='ltr'><strong>setve,</strong></span> <span class='ocrx_word' id='word_1_283' title='bbox 263 3156 314 3237; x_wconf 92' lang='lat' dir='ltr'><strong>qui</strong></span> <span class='ocrx_word' id='word_1_284' title='bbox 326 3155 487 3216; x_wconf 89' lang='lat' dir='ltr'><strong>accidisset</strong></span> <span class='ocrx_word' id='word_1_285' title='bbox 498 3173 579 3230; x_wconf 87' lang='lat' dir='ltr'><strong>eum,</strong></span> <span class='ocrx_word' id='word_1_286' title='bbox 587 3149 827 3233; x_wconf 72' lang='lat' dir='ltr'><strong>jureeasurum!</strong></span> <span class='ocrx_word' id='word_1_287' title='bbox 844 3162 998 3233; x_wconf 89' lang='lat' dir='ltr'><strong>postremo</strong></span> <span class='ocrx_word' id='word_1_288' title='bbox 1010 3152 1175 3229; x_wconf 86' lang='lat' dir='ltr'><strong>inclusum,¹</strong></span> 
     </span>
     <span class='ocr_line' id='line_1_34' title="bbox 125 3233 1171 3324; baseline -0.007 -20"><span class='ocrx_word' id='word_1_289' title='bbox 125 3239 201 3306; x_wconf 88' lang='lat' dir='ltr'><strong>‘Ut</strong></span> <span class='ocrx_word' id='word_1_290' title='bbox 223 3242 339 3318; x_wconf 86' lang='lat' dir='ltr'><strong>omnia,</strong></span> <span class='ocrx_word' id='word_1_291' title='bbox 358 3259 422 3324; x_wconf 82' lang='lat' dir='ltr'><strong>quae</strong></span> <span class='ocrx_word' id='word_1_292' title='bbox 445 3239 621 3300; x_wconf 77' lang='lat' dir='ltr'><strong>³⁶adversus</strong></span> <span class='ocrx_word' id='word_1_293' title='bbox 639 3233 846 3298; x_wconf 87' lang='lat' dir='ltr'><strong>Pisistratidas</strong></span> <span class='ocrx_word' id='word_1_294' title='bbox 872 3236 994 3297; x_wconf 87' lang='lat' dir='ltr'><strong>decreta</strong></span> <span class='ocrx_word' id='word_1_295' title='bbox 1015 3237 1171 3316; x_wconf 87' lang='lat' dir='ltr'><strong>quondam</strong></span> 
     </span>
     <span class='ocr_line' id='line_1_35' title="bbox 121 3318 1170 3406; baseline -0.006 -18"><span class='ocrx_word' id='word_1_296' title='bbox 121 3329 136 3362; x_wconf 75' lang='lat'><em>⁴</em></span> <span class='ocrx_word' id='word_1_297' title='bbox 155 3339 255 3404; x_wconf 88' lang='lat' dir='ltr'><strong>erant,</strong></span> <span class='ocrx_word' id='word_1_298' title='bbox 267 3327 372 3388; x_wconf 92' lang='lat' dir='ltr'><strong>eadem</strong></span> <span class='ocrx_word' id='word_1_299' title='bbox 385 3327 416 3387; x_wconf 89' lang='lat' dir='ltr'><strong>in</strong></span> <span class='ocrx_word' id='word_1_300' title='bbox 428 3323 569 3406; x_wconf 90' lang='lat' dir='ltr'><strong>Philippo</strong></span> <span class='ocrx_word' id='word_1_301' title='bbox 582 3319 793 3384; x_wconf 69' lang='lat' dir='ltr'><strong>servarentur!</strong></span> <span class='ocrx_word' id='word_1_302' title='bbox 830 3318 1032 3382; x_wconf 90' lang='lat' dir='ltr'><strong>Athenienses</strong></span> <span class='ocrx_word' id='word_1_303' title='bbox 1045 3321 1170 3401; x_wconf 90' lang='lat' dir='ltr'><strong>quidem</strong></span> 
     </span>
     <span class='ocr_line' id='line_1_36' title="bbox 124 3403 1171 3494; baseline -0.007 -19"><span class='ocrx_word' id='word_1_304' title='bbox 124 3415 155 3461; x_wconf 80' lang='lat'><strong>⁸7</strong></span> <span class='ocrx_word' id='word_1_305' title='bbox 165 3414 262 3476; x_wconf 88' lang='lat' dir='ltr'><strong>literis</strong></span> <span class='ocrx_word' id='word_1_306' title='bbox 276 3413 441 3494; x_wconf 86' lang='lat' dir='ltr'><strong>verbisque,</strong></span> <span class='ocrx_word' id='word_1_307' title='bbox 468 3411 575 3492; x_wconf 87' lang='lat' dir='ltr'><strong>quibus</strong></span> <span class='ocrx_word' id='word_1_308' title='bbox 590 3407 662 3470; x_wconf 88' lang='lat' dir='ltr'><strong>solis</strong></span> <span class='ocrx_word' id='word_1_309' title='bbox 677 3407 790 3486; x_wconf 87' lang='lat' dir='ltr'><strong>valent,</strong></span> <span class='ocrx_word' id='word_1_310' title='bbox 816 3406 928 3468; x_wconf 82' lang='lat' dir='ltr'><strong>bellurn</strong></span> <span class='ocrx_word' id='word_1_311' title='bbox 943 3404 1084 3468; x_wconf 89' lang='lat' dir='ltr'><strong>adversus</strong></span> <span class='ocrx_word' id='word_1_312' title='bbox 1098 3403 1171 3468; x_wconf 91' lang='lat' dir='ltr'><strong>Phi-</strong></span> 
     </span>
     <span class='ocr_line' id='line_1_37' title="bbox 122 3500 770 3583; baseline -0.002 -20"><span class='ocrx_word' id='word_1_313' title='bbox 122 3501 241 3583; x_wconf 90' lang='lat' dir='ltr'><strong>lippum</strong></span> <span class='ocrx_word' id='word_1_314' title='bbox 257 3500 415 3582; x_wconf 87' lang='lat' dir='ltr'><strong>gerebant.</strong></span> <span class='ocrx_word' id='word_1_315' title='bbox 764 3537 770 3546; x_wconf 90' lang='lat'><strong>·</strong></span> 
     </span>
    </p>

    <p class='ocr_par' dir='ltr' id='par_1_7' title="bbox 167 3575 1171 3662">
     <span class='ocr_line' id='line_1_38' title="bbox 167 3575 1171 3662; baseline -0.011 -12"><span class='ocrx_word' id='word_1_316' title='bbox 167 3583 267 3650; x_wconf 82' lang='lat' dir='ltr'><strong>XLV.</strong></span> <span class='ocrx_word' id='word_1_317' title='bbox 300 3586 422 3648; x_wconf 88' lang='lat' dir='ltr'><strong>Attalus</strong></span> <span class='ocrx_word' id='word_1_318' title='bbox 454 3579 658 3662; x_wconf 87' lang='lat' dir='ltr'><strong>Romanique,</strong></span> <span class='ocrx_word' id='word_1_319' title='bbox 691 3599 784 3660; x_wconf 88' lang='lat' dir='ltr'><strong>quum</strong></span> <span class='ocrx_word' id='word_1_320' title='bbox 822 3575 969 3641; x_wconf 86' lang='lat' dir='ltr'><strong>Piraeeum</strong></span> <span class='ocrx_word' id='word_1_321' title='bbox 1001 3578 1101 3660; x_wconf 89' lang='lat' dir='ltr'><strong>primo</strong></span> <span class='ocrx_word' id='word_1_322' title='bbox 1132 3579 1171 3640; x_wconf 86' lang='lat' dir='ltr'><strong>ab</strong></span> 
     </span>
    </p>
   </div>
   <div class='ocr_carea' id='block_1_6' title="bbox 122 3733 1188 4520">
    <p class='ocr_par' dir='ltr' id='par_1_8' title="bbox 122 3733 1172 3866">
     <span class='ocr_line' id='line_1_39' title="bbox 161 3733 1172 3802; baseline -0.006 -11"><span class='ocrx_word' id='word_1_323' title='bbox 161 3741 183 3777; x_wconf 59' lang='grc' dir='ltr'>Β</span> <span class='ocrx_word' id='word_1_324' title='bbox 199 3741 322 3791; x_wconf 66' lang='lat' dir='ltr'><strong>&amp;amillio</strong></span> <span class='ocrx_word' id='word_1_325' title='bbox 331 3735 561 3802; x_wconf 81' lang='lat' dir='ltr'><strong>peditam,stspru&#39;tes]</strong></span> <span class='ocrx_word' id='word_1_326' title='bbox 581 3738 635 3786; x_wconf 87' lang='lat' dir='ltr'><strong>Sine</strong></span> <span class='ocrx_word' id='word_1_327' title='bbox 668 3737 711 3784; x_wconf 86' lang='lat' dir='ltr'><strong>bus</strong></span> <span class='ocrx_word' id='word_1_328' title='bbox 719 3738 873 3785; x_wconf 84' lang='lat' dir='ltr'><strong>monumentis</strong></span> <span class='ocrx_word' id='word_1_329' title='bbox 880 3736 973 3801; x_wconf 85' lang='lat' dir='ltr'><strong>publicis</strong></span> <span class='ocrx_word' id='word_1_330' title='bbox 980 3733 1077 3785; x_wconf 77' lang='lat' dir='ltr'><strong>subisti.</strong></span> <span class='ocrx_word' id='word_1_331' title='bbox 1094 3735 1172 3800; x_wconf 84' lang='lat' dir='ltr'><strong>Atque</strong></span> 
     </span>
     <span class='ocr_line' id='line_1_40' title="bbox 122 3799 986 3866; baseline -0.01 -10"><span class='ocrx_word' id='word_1_332' title='bbox 122 3808 198 3856; x_wconf 89' lang='lat' dir='ltr'><strong>dubio</strong></span> <span class='ocrx_word' id='word_1_333' title='bbox 208 3807 292 3855; x_wconf 79' lang='lat' dir='ltr'><strong>excidit</strong></span> <span class='ocrx_word' id='word_1_334' title='bbox 304 3819 414 3852; x_wconf 86' lang='lat' dir='ltr'><strong>numerus</strong></span> <span class='ocrx_word' id='word_1_335' title='bbox 425 3805 537 3866; x_wconf 85' lang='lat' dir='ltr'><strong>equitum.</strong></span> <span class='ocrx_word' id='word_1_336' title='bbox 669 3799 712 3849; x_wconf 91' lang='lat' dir='ltr'><strong>boe</strong></span> <span class='ocrx_word' id='word_1_337' title='bbox 723 3801 789 3849; x_wconf 87' lang='lat' dir='ltr'><strong>uobis</strong></span> <span class='ocrx_word' id='word_1_338' title='bbox 798 3802 897 3865; x_wconf 81' lang='lat' dir='ltr'><strong>placeret</strong></span> <span class='ocrx_word' id='word_1_339' title='bbox 909 3803 986 3863; x_wconf 83' lang='lat' dir='ltr'><strong>magis.</strong></span> 
     </span>
    </p>

    <p class='ocr_par' dir='ltr' id='par_1_9' title="bbox 124 3865 1188 4520">
     <span class='ocr_line' id='line_1_41' title="bbox 161 3865 1175 3932; baseline -0.005 -14"><span class='ocrx_word' id='word_1_340' title='bbox 161 3871 185 3906; x_wconf 62' lang='grc' dir='ltr'><strong><em>Ἀ</em></strong></span> <span class='ocrx_word' id='word_1_341' title='bbox 202 3867 338 3932; x_wconf 79' lang='lat' dir='ltr'><strong>Nomiuaqus</strong></span> <span class='ocrx_word' id='word_1_342' title='bbox 351 3870 439 3930; x_wconf 71' lang='lat' dir='ltr'><strong>murm]</strong></span> <span class='ocrx_word' id='word_1_343' title='bbox 459 3870 496 3917; x_wconf 85' lang='lat' dir='ltr'><strong>An</strong></span> <span class='ocrx_word' id='word_1_344' title='bbox 510 3868 576 3916; x_wconf 85' lang='lat' dir='ltr'><strong>tituli</strong></span> <span class='ocrx_word' id='word_1_345' title='bbox 590 3879 636 3915; x_wconf 86' lang='lat' dir='ltr'><strong>sts-</strong></span> <span class='ocrx_word' id='word_1_346' title='bbox 700 3866 722 3899; x_wconf 69' lang='lat'><strong>⁵⁵</strong></span> <span class='ocrx_word' id='word_1_347' title='bbox 734 3867 748 3895; x_wconf 75' lang='lat'>¹</span> <span class='ocrx_word' id='word_1_348' title='bbox 759 3866 947 3930; x_wconf 70' lang='lat' dir='ltr'><strong>Prosmsarsntur]</strong></span> <span class='ocrx_word' id='word_1_349' title='bbox 965 3865 994 3913; x_wconf 90' lang='lat' dir='ltr'><strong>ln</strong></span> <span class='ocrx_word' id='word_1_350' title='bbox 1011 3865 1131 3928; x_wconf 80' lang='lat' dir='ltr'><strong>profanum</strong></span> <span class='ocrx_word' id='word_1_351' title='bbox 1147 3876 1175 3913; x_wconf 89' lang='lat' dir='ltr'><strong>et</strong></span> 
     </span>
     <span class='ocr_line' id='line_1_42' title="bbox 129 3930 1173 4000; baseline -0.011 -12"><span class='ocrx_word' id='word_1_352' title='bbox 129 3937 178 3988; x_wconf 85' lang='lat' dir='ltr'><strong>tuis</strong></span> <span class='ocrx_word' id='word_1_353' title='bbox 189 3934 285 4000; x_wconf 85' lang='lat' dir='ltr'><strong>Philippi</strong></span> <span class='ocrx_word' id='word_1_354' title='bbox 294 3946 318 3983; x_wconf 86' lang='lat' dir='ltr'><strong>et</strong></span> <span class='ocrx_word' id='word_1_355' title='bbox 325 3933 459 3996; x_wconf 73' lang='lat' dir='ltr'><strong>imaginibus</strong></span> <span class='ocrx_word' id='word_1_356' title='bbox 470 3935 492 3980; x_wconf 86' lang='lat' dir='ltr'><strong>in</strong></span> <span class='ocrx_word' id='word_1_357' title='bbox 505 3937 555 3998; x_wconf 82' lang='lat' dir='ltr'><strong>ejus</strong></span> <span class='ocrx_word' id='word_1_358' title='bbox 562 3935 637 3980; x_wconf 89' lang='lat' dir='ltr'><strong>hono·</strong></span> <span class='ocrx_word' id='word_1_359' title='bbox 668 3930 823 3994; x_wconf 84' lang='lat' dir='ltr'><strong>promiscuum</strong></span> <span class='ocrx_word' id='word_1_360' title='bbox 841 3947 908 3979; x_wconf 70' lang='lat' dir='ltr'><strong>ustam</strong></span> <span class='ocrx_word' id='word_1_361' title='bbox 930 3943 1059 3993; x_wconf 84' lang='lat' dir='ltr'><strong>statumque</strong></span> <span class='ocrx_word' id='word_1_362' title='bbox 1080 3943 1173 3978; x_wconf 83' lang='lat' dir='ltr'><strong>revoca·</strong></span> 
     </span>
     <span class='ocr_line' id='line_1_43' title="bbox 124 3999 756 4064; baseline -0.009 -12"><span class='ocrx_word' id='word_1_363' title='bbox 124 4017 178 4052; x_wconf 83' lang='lat' dir='ltr'><strong>tens</strong></span> <span class='ocrx_word' id='word_1_364' title='bbox 190 4001 309 4064; x_wconf 82' lang='lat' dir='ltr'><strong>inscripsi?</strong></span> <span class='ocrx_word' id='word_1_365' title='bbox 328 4001 367 4048; x_wconf 86' lang='lat' dir='ltr'><strong>An</strong></span> <span class='ocrx_word' id='word_1_366' title='bbox 383 4001 501 4048; x_wconf 65' lang='lat' dir='ltr'><strong>movenda</strong></span> <span class='ocrx_word' id='word_1_367' title='bbox 517 4009 571 4047; x_wconf 89' lang='lat' dir='ltr'><strong>sunt</strong></span> <span class='ocrx_word' id='word_1_368' title='bbox 585 3999 636 4046; x_wconf 85' lang='lat' dir='ltr'><strong>loco</strong></span> <span class='ocrx_word' id='word_1_369' title='bbox 667 4008 756 4046; x_wconf 83' lang='lat' dir='ltr'><strong>rentur.</strong></span> 
     </span>
     <span class='ocr_line' id='line_1_44' title="bbox 126 4055 1174 4130; baseline -0.009 -15"><span class='ocrx_word' id='word_1_370' title='bbox 126 4067 281 4122; x_wconf 59' lang='lat' dir='ltr'><strong>bresma</strong></span> <span class='ocrx_word' id='word_1_371' title='bbox 292 4065 416 4130; x_wconf 78' lang='lat' dir='ltr'><strong>legendum</strong></span> <span class='ocrx_word' id='word_1_372' title='bbox 428 4063 636 4112; x_wconf 83' lang='lat' dir='ltr'><strong>sxVictorinoco·</strong></span> <span class='ocrx_word' id='word_1_373' title='bbox 701 4057 723 4093; x_wconf 71' lang='lat'><strong>⁵⁶</strong></span> <span class='ocrx_word' id='word_1_374' title='bbox 743 4057 851 4108; x_wconf 77' lang='lat' dir='ltr'><strong>Adamas</strong></span> <span class='ocrx_word' id='word_1_375' title='bbox 871 4055 1032 4123; x_wconf 76' lang='lat' dir='ltr'><strong>Pisistratidas]</strong></span> <span class='ocrx_word' id='word_1_376' title='bbox 1060 4055 1174 4106; x_wconf 76' lang='lat' dir='ltr'><strong>Pisistrati</strong></span> 
     </span>
     <span class='ocr_line' id='line_1_45' title="bbox 128 4123 1174 4191; baseline -0.009 -11"><span class='ocrx_word' id='word_1_377' title='bbox 128 4132 321 4191; x_wconf 68' lang='lat' dir='ltr'><strong>dimuosissqus</strong></span> <span class='ocrx_word' id='word_1_378' title='bbox 331 4145 414 4187; x_wconf 75' lang='lat' dir='ltr'><strong>mnan,</strong></span> <span class='ocrx_word' id='word_1_379' title='bbox 428 4139 453 4177; x_wconf 88' lang='lat' dir='ltr'><strong>et</strong></span> <span class='ocrx_word' id='word_1_380' title='bbox 470 4129 501 4176; x_wconf 86' lang='lat' dir='ltr'><strong>sie</strong></span> <span class='ocrx_word' id='word_1_381' title='bbox 513 4127 635 4176; x_wconf 79' lang='lat' dir='ltr'><strong>ordinanda</strong></span> <span class='ocrx_word' id='word_1_382' title='bbox 668 4126 760 4188; x_wconf 86' lang='lat' dir='ltr'><strong>tyrsnui</strong></span> <span class='ocrx_word' id='word_1_383' title='bbox 780 4123 848 4182; x_wconf 85' lang='lat' dir='ltr'><strong>lilios,</strong></span> <span class='ocrx_word' id='word_1_384' title='bbox 867 4123 984 4186; x_wconf 77' lang='lat' dir='ltr'><strong>Hippiam,</strong></span> <span class='ocrx_word' id='word_1_385' title='bbox 1003 4135 1126 4187; x_wconf 80' lang='lat' dir='ltr'><strong>tyrannum</strong></span> <span class='ocrx_word' id='word_1_386' title='bbox 1148 4135 1174 4172; x_wconf 84' lang='lat' dir='ltr'><strong>et</strong></span> 
     </span>
     <span class='ocr_line' id='line_1_46' title="bbox 125 4187 1173 4256; baseline -0.012 -10"><span class='ocrx_word' id='word_1_387' title='bbox 125 4207 177 4246; x_wconf 85' lang='lat' dir='ltr'><strong>tots</strong></span> <span class='ocrx_word' id='word_1_388' title='bbox 187 4195 271 4252; x_wconf 82' lang='lat' dir='ltr'><strong>ontio,</strong></span> <span class='ocrx_word' id='word_1_389' title='bbox 285 4203 312 4241; x_wconf 87' lang='lat' dir='ltr'><strong>ut</strong></span> <span class='ocrx_word' id='word_1_390' title='bbox 327 4193 426 4256; x_wconf 80' lang='lat' dir='ltr'><strong>Philippi</strong></span> <span class='ocrx_word' id='word_1_391' title='bbox 436 4203 522 4250; x_wconf 74' lang='lat' dir='ltr'><strong>uetita,</strong></span> <span class='ocrx_word' id='word_1_392' title='bbox 531 4195 636 4256; x_wconf 82' lang='lat' dir='ltr'><strong>imagines</strong></span> <span class='ocrx_word' id='word_1_393' title='bbox 668 4189 752 4252; x_wconf 79' lang='lat' dir='ltr'><strong>iprum,</strong></span> <span class='ocrx_word' id='word_1_394' title='bbox 764 4189 802 4252; x_wconf 86' lang='lat' dir='ltr'><strong>qui</strong></span> <span class='ocrx_word' id='word_1_395' title='bbox 817 4188 894 4252; x_wconf 87' lang='lat' dir='ltr'><strong>pulsus</strong></span> <span class='ocrx_word' id='word_1_396' title='bbox 907 4187 1006 4236; x_wconf 84' lang='lat' dir='ltr'><strong>Athenis</strong></span> <span class='ocrx_word' id='word_1_397' title='bbox 1016 4199 1061 4243; x_wconf 84' lang='lat' dir='ltr'><strong>est,</strong></span> <span class='ocrx_word' id='word_1_398' title='bbox 1069 4187 1173 4252; x_wconf 76' lang='lat' dir='ltr'><strong>Hippar-</strong></span> 
     </span>
     <span class='ocr_line' id='line_1_47' title="bbox 127 4250 1174 4322; baseline -0.008 -12"><span class='ocrx_word' id='word_1_399' title='bbox 127 4276 209 4322; x_wconf 68' lang='grc' dir='ltr'><strong>σιω,</strong></span> <span class='ocrx_word' id='word_1_400' title='bbox 222 4261 276 4307; x_wconf 86' lang='lat' dir='ltr'><strong>item</strong></span> <span class='ocrx_word' id='word_1_401' title='bbox 286 4259 394 4320; x_wconf 77' lang='lat' dir='ltr'><strong>majontai</strong></span> <span class='ocrx_word' id='word_1_402' title='bbox 401 4261 447 4320; x_wconf 66' lang='lat' dir='ltr'><strong>eius</strong></span> <span class='ocrx_word' id='word_1_403' title='bbox 456 4259 527 4306; x_wconf 82' lang='lat' dir='ltr'><strong>virilis</strong></span> <span class='ocrx_word' id='word_1_404' title='bbox 542 4275 569 4306; x_wconf 85' lang='lat' dir='ltr'><strong>oc</strong></span> <span class='ocrx_word' id='word_1_405' title='bbox 584 4273 635 4303; x_wconf 86' lang='lat' dir='ltr'><strong>mu.</strong></span> <span class='ocrx_word' id='word_1_406' title='bbox 667 4255 737 4302; x_wconf 84' lang='lat' dir='ltr'><strong>chum</strong></span> <span class='ocrx_word' id='word_1_407' title='bbox 753 4255 780 4302; x_wconf 85' lang='lat' dir='ltr'><strong>ab</strong></span> <span class='ocrx_word' id='word_1_408' title='bbox 793 4250 919 4301; x_wconf 76' lang='lat' dir='ltr'><strong>Hemodis</strong></span> <span class='ocrx_word' id='word_1_409' title='bbox 929 4263 953 4299; x_wconf 89' lang='lat' dir='ltr'><strong>et</strong></span> <span class='ocrx_word' id='word_1_410' title='bbox 964 4252 1117 4313; x_wconf 74' lang='lat' dir='ltr'><strong>Aristogitone</strong></span> <span class='ocrx_word' id='word_1_411' title='bbox 1132 4269 1174 4302; x_wconf 88' lang='lat' dir='ltr'><strong>oc·</strong></span> 
     </span>
     <span class='ocr_line' id='line_1_48' title="bbox 126 4316 934 4388; baseline -0.012 -14"><span class='ocrx_word' id='word_1_412' title='bbox 126 4326 199 4374; x_wconf 70' lang='lat' dir='ltr'><strong>tauta</strong></span> <span class='ocrx_word' id='word_1_413' title='bbox 214 4339 274 4371; x_wconf 68' lang='lat' dir='ltr'><strong>mut</strong></span> <span class='ocrx_word' id='word_1_414' title='bbox 287 4325 391 4379; x_wconf 74' lang='lat' dir='ltr'><strong>matam,</strong></span> <span class='ocrx_word' id='word_1_415' title='bbox 408 4323 537 4388; x_wconf 74' lang='lat' dir='ltr'><strong>malaeque</strong></span> <span class='ocrx_word' id='word_1_416' title='bbox 555 4337 638 4380; x_wconf 72' lang='lat' dir='ltr'><strong>mrum,</strong></span> <span class='ocrx_word' id='word_1_417' title='bbox 668 4317 749 4377; x_wconf 89' lang='lat' dir='ltr'><strong>cisum,</strong></span> <span class='ocrx_word' id='word_1_418' title='bbox 758 4316 934 4367; x_wconf 66' lang='lat' dir='ltr'><strong>etlhemlum.</strong></span> 
     </span>
     <span class='ocr_line' id='line_1_49' title="bbox 125 4381 1174 4448; baseline -0.007 -10"><span class='ocrx_word' id='word_1_419' title='bbox 125 4387 271 4438; x_wconf 73' lang='lat' dir='ltr'><strong>tollerentur?</strong></span> <span class='ocrx_word' id='word_1_420' title='bbox 287 4400 312 4435; x_wconf 91' lang='lat' dir='ltr'><strong>ut</strong></span> <span class='ocrx_word' id='word_1_421' title='bbox 324 4385 635 4448; x_wconf 78' lang='lat' dir='ltr'><strong>intelliganturnominama.</strong></span> <span class='ocrx_word' id='word_1_422' title='bbox 703 4384 724 4421; x_wconf 76' lang='lat'><strong>⁵⁷</strong></span> <span class='ocrx_word' id='word_1_423' title='bbox 741 4385 757 4412; x_wconf 75' lang='lat' dir='ltr'><strong>s</strong></span> <span class='ocrx_word' id='word_1_424' title='bbox 769 4381 870 4444; x_wconf 81' lang='lat' dir='ltr'><strong>Litteris]</strong></span> <span class='ocrx_word' id='word_1_425' title='bbox 897 4381 1003 4448; x_wconf 81' lang='lat' dir='ltr'><strong>Scriptis,</strong></span> <span class='ocrx_word' id='word_1_426' title='bbox 1025 4381 1048 4430; x_wconf 88' lang='lat' dir='ltr'><strong>id</strong></span> <span class='ocrx_word' id='word_1_427' title='bbox 1068 4393 1112 4442; x_wconf 80' lang='lat' dir='ltr'><strong>est,</strong></span> <span class='ocrx_word' id='word_1_428' title='bbox 1131 4381 1174 4431; x_wconf 79' lang='lat' dir='ltr'><strong>de·</strong></span> 
     </span>
     <span class='ocr_line' id='line_1_50' title="bbox 125 4445 1188 4520; baseline -0.006 -17"><span class='ocrx_word' id='word_1_429' title='bbox 125 4449 417 4520; x_wconf 73' lang='lat' dir='ltr'><strong>ioruml’ltilippi,etelus</strong></span> <span class='ocrx_word' id='word_1_430' title='bbox 428 4450 507 4516; x_wconf 85' lang='lat' dir='ltr'><strong>ipsius,</strong></span> <span class='ocrx_word' id='word_1_431' title='bbox 523 4467 551 4500; x_wconf 84' lang='lat' dir='ltr'><strong>es</strong></span> <span class='ocrx_word' id='word_1_432' title='bbox 562 4451 638 4500; x_wconf 85' lang='lat' dir='ltr'><strong>omui·</strong></span> <span class='ocrx_word' id='word_1_433' title='bbox 669 4447 771 4502; x_wconf 63' lang='lat' dir='ltr'><strong>cretissn</strong></span> <span class='ocrx_word' id='word_1_434' title='bbox 783 4445 885 4513; x_wconf 71' lang='lat' dir='ltr'><strong>publicat</strong></span> <span class='ocrx_word' id='word_1_435' title='bbox 894 4445 1078 4498; x_wconf 78' lang='lat' dir='ltr'><strong>tabulurelstis.</strong></span> <span class='ocrx_word' id='word_1_436' title='bbox 1184 4477 1188 4483; x_wconf 96' lang='lat'>-</span> 
     </span>
    </p>
   </div>
   <div class='ocr_carea' id='block_1_7' title="bbox 0 0 1562 5194">
    <p class='ocr_par' dir='ltr' id='par_1_10' title="bbox 0 0 1562 5194">
     <span class='ocr_line' id='line_1_51' title="bbox 0 0 1562 5194; baseline 0 0"><span class='ocrx_word' id='word_1_437' title='bbox 0 0 1562 5194; x_wconf 95' lang='lat' dir='ltr'><strong> </strong></span> 
     </span>
    </p>
   </div>
  </div>
 </body>
</html>
