3038 5200
381 386 437 444 ιω
681 449 682 452 w
726 409 733 418 ·
788 375 872 436 rtur
889 375 995 437 ,trun

211 551 351 606 κως,
379 552 491 614 magna
517 551 660 615 pecorum
686 529 854 614 predaeque
871 542 970 609 essen,
993 542 1133 614 peratum
1155 541 1222 592 crot
1244 527 1429 614 praesidium,

211 617 242 669 Αἰ
254 619 284 668 C·
298 619 352 671 ¹⁹3·
377 641 431 703 per
446 619 528 702 quod
542 619 574 681 in
589 617 715 680 castella
730 639 833 681 eorum
849 619 990 701 vicosque
1006 613 1155 699 ageretur.
1211 615 1214 670 ἶ

211 720 239 769 t.
250 721 351 771 &muti
420 705 475 768 lV.
486 705 599 786 ,Quum
614 704 727 766 bellurn
743 703 933 784 Ligustinum
950 705 990 768 ad
1016 701 1099 766 Pisas
1123 703 1323 782 constitisset,
1348 725 1425 768 cou-

210 799 332 914 ffim?
377 793 422 856 sul
446 793 523 855 ulter
545 791 580 854 L.
601 789 759 852 Cornelius
781 789 903 852 Merula
923 811 977 873 per
999 802 1152 854 extremos
1179 788 1328 872 Ligurum
1351 790 1427 852 fruet

288 853 544 944 ¹³⁰'⁰⁵‘errercitum
570 878 602 940 in
627 897 735 958 agrum
757 875 902 940 Boiorum
927 877 1058 955 induxit,
1080 877 1131 939 ubi
1155 877 1247 958 longe
1267 877 1330 939 alia
1355 878 1424 939 belli

377 966 466 1042 ratio,
481 983 659 1047 quemcum
674 961 847 1046 Liguribus,
872 975 946 1028 erat.
992 963 1105 1027 Consul
1131 965 1161 1027 in
1185 964 1283 1026 aciem
1308 964 1423 1042 exibat,

376 1053 479 1114 hostes
504 1071 639 1134 pugnam
666 1049 898 1114 detrectabantt
921 1051 1161 1134 praedetumquc,
1182 1051 1235 1113 ubi
1260 1071 1355 1113 nemo
1369 1051 1424 1112 ob-

374 1139 455 1200 viam
481 1138 587 1216 exiret,
613 1136 821 1200 discurrebant
847 1135 1091 1226 Romani;·Boii
1118 1137 1205 1218 diripi
1227 1155 1284 1200 sua
1298 1137 1423 1220 inpune,

376 1245 468 1306 quarn
483 1224 599 1286 tuendo
615 1244 653 1285 ee
672 1237 830 1286 conserere
854 1236 1020 1304 certamen,
1046 1223 1212 1286 malebant.
1256 1221 1423 1305 Postquam

375 1311 480 1375 omnia
494 1310 574 1373 ferro
588 1310 712 1392 ignique
733 1311 807 1373 satis
834 1321 969 1373 evastata
995 1322 1092 1389 erant,
1119 1309 1224 1373 consul
1250 1330 1327 1392 agro
1351 1309 1421 1372 bos·

374 1398 453 1460 tium
468 1397 609 1475 excessit,
635 1397 721 1460 etad
736 1395 890 1460 Mutinam
915 1398 1037 1479 agmine
1060 1395 1196 1476 incauto,
1217 1407 1253 1458 ut
1272 1398 1355 1458 inter
1369 1417 1421 1480 ps·

375 1495 471 1562 catos,
495 1484 636 1546 docebat.
681 1481 762 1561 Boii,
785 1483 839 1546 ubi
861 1505 1015 1566 egressum
1041 1505 1058 1544 c
1083 1483 1192 1546 finibus
1218 1483 1278 1544 suis
1302 1484 1422 1545 hostem

375 1591 505 1649 sensere,
521 1570 725 1652 sequebantur
739 1570 841 1633 silenti
864 1571 996 1652 agmine,
1021 1570 1122 1632 locum
1145 1569 1262 1632 insidiis
1286 1590 1422 1653 quaeren-

374 1667 430 1718 tes.
451 1671 542 1720 nocte
567 1657 769 1739 praetergressi
793 1667 893 1719 castra
919 1655 1060 1719 Romana
1086 1657 1207 1735 saltum,
1233 1668 1421 1737 qua'traus·

373 1743 508 1804 eundum
536 1753 600 1805 erat
626 1742 785 1820 Romanis,
812 1743 999 1807 insederunt.
1020 1742 1058 1805 Id
1072 1763 1165 1825 quum
1178 1762 1287 1825 parum
1303 1743 1421 1804 occidte

373 1828 526 1907 iecissent,
542 1829 659 1908 consul,
681 1831 733 1910 qui
757 1830 855 1892 multa
878 1839 970 1892 nocte
993 1830 1099 1893 solitus
1123 1841 1189 1892 erat
1207 1849 1333 1891 movere
1355 1849 1419 1891 cas·

359 1926 431 1994 tra,
446 1937 485 1978 ne
499 1935 563 1977 nox
577 1926 723 1978 terrorem
744 1916 775 1979 in
802 1916 999 1979 tumultuario
1023 1916 1133 2000 proelio
1159 1927 1296 1997 augeret,
1321 1915 1418 1977 lucem

371 2002 578 2086 exspectavit:
601 2014 643 2082 et,
671 2021 763 2083 quum
789 2003 857 2064 luce
882 2015 1028 2082 moveret,
1055 2016 1158 2066 temen
1181 2014 1317 2064 turmam
1335 2003 1418 2082 equi-

371 2100 437 2150 tum
453 2088 648 2171 exploratum
664 2089 760 2151 misit.
804 2089 970 2172 Postquam
993 2091 1123 2153 relatum
1150 2099 1209 2168 est,
1230 2101 1355 2172 quantae
1369 2109 1418 2150 oo-

370 2176 439 2258 piae,
456 2186 489 2236 et
502 2176 532 2237 in
554 2195 614 2256 quo
637 2175 706 2238 loco
728 2189 839 2253 essent,
865 2177 959 2238 totius
985 2177 1115 2257 agminis
1138 2175 1273 2238 sarcinas
1296 2175 1330 2237 in
1354 2195 1417 2236 me·

371 2259 582 2342 dium'conjici
594 2261 697 2344 jussit.
724 2265 779 2324 ⁶et
801 2263 919 2324 triarios
944 2262 1057 2325 vallum
1081 2260 1312 2342 circumjicere:
1338 2275 1418 2324 cete·

370 2367 405 2410 ro
420 2349 555 2411 exercitu
569 2349 719 2411 instnrcto
735 2348 774 2410 ad
797 2349 918 2411 hostem
942 2349 1081 2412 accessit.
1126 2347 1212 2412 ldem
1228 2360 1261 2411 et
1275 2347 1359 2410 Galli
1373 2349 1416 2410 ic-

369 2447 488 2513 cerunt,
513 2446 675 2517 postquam
704 2447 823 2518 apertus
849 2457 915 2497 esse
941 2436 1077 2515 insidias,
1103 2445 1135 2497 et
1160 2445 1244 2496 recto
1276 2455 1313 2496 oc
1334 2433 1415 2517 justo

369 2521 488 2603 proelio,
502 2521 555 2581 ubi
569 2540 641 2581 vera
653 2521 746 2582 virtus
760 2521 907 2601 vinceret,
923 2522 1130 2584 dimicandum
1143 2521 1302 2584 viderunt'

317 2618 320 2626 ·
414 2603 453 2667 V.
468 2603 557 2667 Hora
582 2606 716 2668 secunda
739 2606 835 2669 ferme
862 2629 1042 2673 concursum
1066 2620 1122 2670 est.
1142 2607 1291 2670 ⁷sinistra
1317 2607 1416 2670 socio·

368 2700 461 2752 rumss
487 2691 537 2752 ala
555 2702 592 2774 ¹et
608 2693 628 2754 .⁸
640 2693 874 2756 extraordinarii
895 2695 993 2779 prima
1008 2697 1039 2757 in
1054 2696 1119 2758 acie
1134 2695 1323 2778 pugnabant.
1339 2715 1416 2776 prae·

369 2787 456 2840 erant
472 2778 532 2838 duo
548 2779 722 2841 consulares
736 2780 842 2861 legati,
858 2779 905 2844 M.
917 2777 1082 2844 Marcellus
1098 2793 1131 2844 et
1144 2779 1193 2843 Ti.
1207 2778 1419 2863 Sempronius,

369 2864 478 2945 prioris
506 2865 577 2927 anni
590 2865 721 2934 consul·
764 2864 867 2952 Novus
893 2869 999 2930 consul
1025 2867 1114 2931 nunc‘
1136 2867 1176 2929 ad
1200 2867 1297 2950 prima
1324 2868 1417 2947 signa

369 2961 444 3029 crat,
467 2972 547 3013 nunc
571 2951 707 3033 legiones
733 2954 911 3017 continebat
934 2956 966 3018 in
989 2954 1150 3032 subsidiis3
1180 2973 1218 3014 ne
1234 2952 1415 3015 'certaminis

369 3038 473 3100 studio
489 3038 570 3122 prius
586 3050 800 3121 procurrerent
809 3039 836 3118 ¹¹,
857 3061 948 3123 quam
964 3042 1069 3104 datum
1084 3040 1206 3123 signum
1221 3051 1313 3102 esset.
1329 3039 1414 3120 equi·

369 3136 415 3187 tes
441 3145 544 3187 earum
569 3136 657 3188 extra
680 3125 777 3189 aciem
803 3127 834 3188 in
858 3127 959 3189 locum
979 3139 1137 3211 patentem
1158 3127 1197 3198 Q.
1213 3137 1247 3188 ct
1260 3125 1295 3187 P.
1310 3123 1413 3188 Minu-

367 3211 432 3272 cios
444 3212 580 3274 tribunos
591 3211 722 3274 militum
734 3205 863 3276 educere
870 3212 972 3295 jussit.
983 3214 1066 3293 inde,
1078 3234 1172 3294 quum
1180 3214 1303 3295 signum
1314 3212 1412 3274 dedis·

323 3347 328 3356 .
368 3309 425 3376 set,
441 3298 577 3382 inpetum
594 3293 750 3381 exsperto
765 3299 912 3366 facerent.
956 3299 1031 3363 Haec
1044 3302 1147 3382 agenti
1159 3299 1288 3362 nuncius
1303 3298 1414 3360 venite

367 3380 419 3464 'lt
433 3382 615 3468 Sempronio
624 3383 743 3467 Longo,
755 3387 838 3448 ‘non
851 3386 999 3450 sustinere
1011 3386 1269 3449 extraordinarios
1278 3386 1412 3466 inpetum

367 3469 378 3502 ‘
391 3468 559 3548 Gallorum,
574 3483 606 3532 et
621 3492 713 3534 caesos
728 3473 896 3555 permultos
907 3494 991 3535 esset
1008 3488 1051 3552 et,
1066 3475 1117 3555 qui
1128 3473 1292 3556 supersint,
1301 3470 1410 3554 partim

369 3553 379 3586 ‘
395 3555 509 3632 labore,
525 3557 638 3638 partim
653 3568 736 3620 metu
751 3560 902 3622 remisisse
913 3560 1054 3622 ardorem
1064 3581 1183 3643 pugnae.
1198 3559 1353 3640 legionem
1368 3556 1411 3618 ul·

369 3639 379 3672 ‘
395 3649 491 3702 teram
507 3661 545 3703 ex
560 3641 687 3722 duabus,
702 3645 728 3706 ai
742 3646 907 3728 videretur,
918 3648 1123 3727 submitteret,
1135 3648 1314 3731 priusquam
1325 3644 1411 3725 iguo·

531 3818 704 3881 reparamina.
715 3820 786 3872 Cres.
866 3865 869 3870 ,
914 3822 1089 3874 'mmmmm
1099 3825 1174 3878 Groa.
1183 3823 1253 3874 Cret.

397 3977 453 4026 ter
476 3979 572 4030 Triariae
600 3982 683 4030 oollstm
715 3982 873 4050 cirerrmjiure]
937 3985 1271 4054 'lSr'nr'stroeoer'ontmepnituur
1280 3987 1330 4052 alo]
1353 3988 1412 4038 Dela

365 4039 457 4106 Nempe
475 4049 582 4106 torcim'r,¹
597 4048 684 4095 cirum
704 4049 803 4096 sarcinas
824 4047 872 4096 ml·
905 4051 1003 4100 fidenter
1013 4069 1066 4101 cum
1077 4053 1227 4117 la'psi0‚l.rr.
1239 4055 1268 4104 de
1280 4055 1336 4106 Mil.
1347 4055 1413 4104 Rom.

365 4109 413 4158 lum
429 4111 522 4174 jecere:
543 4123 570 4160 ut
590 4113 647 4160 vallo
665 4112 758 4177 objecto
778 4114 872 4162 sarcinae
904 4117 957 4165 dial.
977 4121 1000 4167 7.
1020 4135 1098 4167 vocem
1117 4123 1228 4181 quitum:
1246 4119 1284 4168 hic
1307 4121 1368 4168 enim
1384 4119 1413 4166 de

365 4173 458 4222 intuto
476 4189 562 4237 merit,
577 4193 603 4226 ec
614 4180 749 4241 praesertim,
765 4191 790 4227 ut
801 4179 872 4228 babe-
902 4182 1015 4246 peditibus
1036 4183 1104 4232 sociis
1131 4185 1213 4245 egitur.
1256 4183 1313 4234 Hoc
1335 4185 1413 4249 pubet

365 4249 417 4287 rent
435 4239 499 4301 liqui
510 4245 774 4306 pugneruriermt,quo
788 4259 813 4293 es
834 4259 872 4292 re·
903 4257 953 4296 tota
974 4249 1046 4311 prelii
1067 4251 1174 4299 auretio.
1207 4247 1264 4300 vid.
1282 4261 1335 4302 not.
1353 4250 1381 4298 ed
1395 4248 1412 4296 l.

365 4303 476 4365 ciperem,
501 4307 520 4351 si
551 4308 698 4370 pellerentur.
743 4309 797 4357 Moe
823 4321 872 4357 ent
905 4324 967 4359 xxv.
978 4327 999 4360 e.
1010 4315 1134 4377 21.supra.

364 4366 467 4417 'llisrios
488 4370 515 4416 ed
536 4373 658 4422 moechm
687 4384 812 4423 ternorum
834 4389 871 4423 re·
936 4374 1149 4442 memoranter]
1162 4379 1247 4429 Itidem
1255 4378 1413 4445 pedlreellrd.

365 4431 452 4495 linqui:
470 4435 529 4496 quod
539 4437 643 4486 observet
653 4453 681 4486 er
692 4438 806 4505 Dionysio
816 4439 870 4506 Llp-
903 4453 952 4494 not.
965 4443 991 4490 ed
1002 4441 1019 4492 l.
1032 4453 1117 4498 xxvii.
1127 4459 1148 4496 e.
1160 4447 1199 4497 12.

366 4497 759 4555 slusl.tv.deblil.llcm.dirl.r.
860 4565 865 4572 ί
960 4547 964 4556 .
1023 4549 1025 4554 .
