3100 5194
456 389 533 454 tto.
547 389 678 454 xxxn.
697 389 777 454 CAP.
791 391 846 453 xi.
1136 401 1176 462 67

127 561 214 614 tates
230 547 395 612 liberanda
417 560 528 627 essent,
552 546 715 612 Thessalos
740 551 853 632 primos
879 549 1015 614 omnium
1034 548 1174 614 nomina·
1188 551 1333 603 &04⁵4-

127 638 176 700 vit
191 636 308 699 consul.
335 637 362 676 ³⁹
375 635 414 696 ad
429 635 461 696 id
476 655 548 697 vero
562 635 640 698 adeo
655 656 800 699 accensus
822 637 1033 718 indignatione
1048 647 1096 699 est
1110 648 1174 714 rex,

1187 619 1220 667 A.
1231 616 1260 666 C.
1271 618 1326 666 198.

124 737 164 786 ut
179 724 375 801 exclamaret,
402 721 494 802 ‘quid
512 722 593 784 victo
615 725 735 804 gravius
761 724 935 805 imperares,
959 721 1001 784 T.
1012 723 1139 794 Quincti
1150 721 1174 786 ι’
1187 683 1257 800 ἔξω
1271 695 1341 730 ‘m'

127 821 222 891 atque
238 810 285 870 ita
298 830 331 872 se
345 829 385 871 ex
399 808 561 890 conloquio
575 809 733 891 proripuit.
755 821 786 872 et
804 820 1006 892 temperatum
1021 830 1101 891 segre
1116 819 1174 887 est,

129 898 204 978 quin
226 898 256 936 ⁴⁰
265 895 438 973 missilibus,
462 895 533 976 quia
548 894 669 957 diremti
692 897 794 958 medio
818 897 920 959 amni·
943 895 1074 975 luerent,
1096 916 1174 980 pug-

131 1003 204 1046 nam
220 983 303 1044 inter
324 1002 357 1042 se
379 991 582 1044 consererent.
627 981 751 1044 Postero
771 983 823 1045 die
846 1003 900 1065 per
923 984 1115 1046 excursiones
1137 983 1175 1044 ab

131 1069 314 1134 stationibus
330 1068 429 1150 primo
445 1068 475 1128 in
491 1067 630 1149 planitie,
645 1069 718 1130 satis
734 1068 774 1130 ad
792 1068 823 1130 id
844 1070 973 1151 patenti,
988 1069 1084 1131 multa
1098 1069 1177 1131 levia
1188 1073 1324 1152 tesame-

133 1155 299 1218 eommissa
324 1154 431 1237 proelia
460 1165 553 1216 sunt:
586 1154 697 1216 deinde
720 1155 936 1236 recipientibus
960 1177 993 1218 se
1023 1156 1113 1238 regiis
1142 1141 1226 1218 iu¹¹²·

132 1255 197 1305 arta
211 1253 246 1304 et
261 1241 443 1323 confragosa
458 1239 537 1318 loca,
558 1240 703 1303 aviditate
719 1241 839 1302 accensi
854 1243 1030 1304 certaminis
1045 1262 1083 1306 eo
1098 1261 1175 1323 quo-

133 1349 189 1410 que
210 1327 343 1390 Romani
367 1337 575 1410 penetravere.
618 1325 677 1388 Pro
700 1327 747 1388 his
770 1327 855 1404 ordo,
882 1338 914 1389 et
928 1327 1068 1390 militaris
1082 1329 1175 1390 disci·

137 1416 230 1498 plina,
246 1425 279 1475 et
286 1435 380 1496 genus
392 1433 543 1475 armorum
565 1423 640 1490 erat,
655 1416 679 1452 ⁴¹
691 1423 795 1495 aptum
808 1414 970 1494 orguendis
985 1415 1096 1496 regiisr
1118 1435 1174 1497 pro

132 1503 222 1563 hoste
237 1500 316 1578 loca,
331 1511 364 1562 et
377 1500 538 1582 catapulta
552 1499 747 1580 ballistaque,
772 1499 803 1560 in
817 1500 959 1562 omnibus
974 1521 1069 1582 prope
1091 1501 1174 1583 rupi²

133 1589 199 1664 bus,
229 1587 314 1668 quasi
343 1586 375 1648 in
404 1586 509 1664 muris,
540 1585 701 1667 dispositae.
744 1583 852 1647 Multis
875 1585 947 1648 hinc
973 1599 1066 1668 atque
1091 1587 1175 1648 illine

132 1673 305 1736 vulneribus
321 1673 466 1755 acceptis,
482 1691 573 1754 quum
586 1673 691 1750 etiam,
711 1683 746 1735 ut
767 1673 805 1734 in'
819 1672 927 1756 proelio
938 1671 1034 1756 justo,
1058 1673 1175 1756 aliquot

136 1759 327 1836 cecidissent,
343 1781 404 1822 nox
419 1779 528 1841 pugna
542 1758 634 1820 linem
650 1758 734 1822 lecit.
884 1761 886 1764 ’
1038 1769 1040 1775 ’

177 1844 236 1908 ΧΙ.
258 1845 359 1915 Quum
373 1846 406 1907 in
426 1846 486 1907 hoc
502 1855 582 1907 statu
603 1856 755 1924 recesset,
779 1857 884 1928 pastor
905 1847 1041 1929 quidam,
1056 1869 1076 1908 a
1090 1845 1173 1910 Clra·
1186 1854 1209 1933 d
1221 1867 1308 1920 maon

131 1953 209 2015 ropo
235 1932 372 2014 principe
400 1929 595 2014 Epirotarum
621 1932 739 2010 missus,
762 1933 920 1996 deducitur
946 1933 986 1994 ad
1009 1935 1173 1996 consulem.
1185 1924 1331 2000 suammet.

132 2018 162 2081 ls
178 2021 231 2080 ‘se
242 2019 323 2079 in'eo
332 2018 423 2097 saltu,
440 2018 490 2098 qui
503 2017 592 2099 regiis
608 2028 680 2080 tune
692 2030 834 2082 oneratus
844 2020 951 2082 castris
961 2031 1038 2099 erat,
1053 2041 1173 2084 armen·
1186 1997 1228 2103 3¹0¹,
1236 1987 1326 2038 &¹⁰⁶⁹

132 2106 142 2138 ‘
158 2115 224 2167 tum
236 2101 374 2187 pascere’
391 2105 453 2165 ait:
477 2103 605 2166 ‘omnes
615 2105 765 2167 montium
777 2109 881 2168 eorum
890 2105 1054 2168 amfractus
1065 2108 1174 2169 calles-

132 2191 218 2271 ‘que
230 2211 331 2252 nosse.
374 2188 407 2252 Si
423 2208 525 2252 secum
541 2191 659 2271 aliquos
674 2190 797 2254 mittere
816 2192 900 2270 velit,
918 2211 981 2253 non
998 2192 1103 2273 iniquo
1117 2213 1174 2256 nec

131 2279 143 2312 ‘
156 2276 331 2359 perdifficili
343 2277 429 2338 aditu
440 2297 530 2358 supra
542 2287 634 2358 caput
644 2277 777 2339 hostium
788 2278 996 2341 deducturum.
1040 2282 1067 2318 ⁴²
1077 2277 1174 2358 Haec,’

131 2361 295 2445 Charopis
304 2363 471 2425 renunciari
481 2361 582 2444 jubet,
597 2363 660 2424 ‘ita
675 2363 821 2441 crederet,
834 2381 869 2426 ut
879 2385 939 2426 suae
949 2364 1049 2446 potius
1060 2367 1174 2444 omnia,

128 2450 140 2484 ‘
157 2469 253 2530 quarn
268 2449 357 2526 illius,
371 2449 530 2532 potestatis
547 2447 668 2510 essent?
706 2449 807 2520 Quum
823 2451 921 2531 magis
934 2451 1027 2512 vellet
1040 2452 1173 2531 credere,

131 2555 225 2616 quam
241 2536 375 2613 auderet,
399 2537 515 2614 consul,
539 2536 730 2616 mixtumque
745 2537 858 2617 gaudio
877 2558 914 2598 ac
936 2549 1023 2600 metu
1037 2538 1173 2600 animum

130 2631 263 2705 gereret,
287 2622 468 2684 auctoritate
491 2632 593 2684 motus
619 2620 763 2706 Charopi,
787 2623 916 2704 experiri
935 2643 1021 2705 spem
1037 2623 1173 2688 oblatam

131 2708 261 2771 statuit:
285 2721 328 2786 et,
349 2719 385 2770 ut
406 2719 555 2772 averteret
575 2729 647 2770 rem*
661 2730 680 2769 a
697 2709 877 2792 suspicione,
898 2709 991 2771 biduo
1003 2710 1173 2792 insequenti

129 2795 277 2856 lacessere
292 2795 423 2872 hostem,
439 2794 596 2876 dispositis
612 2796 651 2856 ab
665 2795 748 2856 omni
762 2807 850 2879 parte
861 2796 969 2875 copiis,
984 2797 1173 2858 suceedenti-

129 2882 245 2962 busque
254 2881 383 2962 integris
396 2880 426 2940 in
445 2881 547 2942 locum
563 2880 760 2958 defessorum,
781 2901 843 2944 non
864 2881 992 2944 destitit.
1035 2881 1173 2954 Quatuor

131 2967 228 3028 millia
239 2966 311 3028 inde
324 2967 405 3028 lecta
415 2967 551 3048 peditum
563 2976 596 3030 et
607 2977 759 3029 trecentos
769 2969 886 3048 equites
904 2969 1027 3030 tribuno
1041 2968 1174 3032 militurn

134 3053 237 3116 tradit.
258 3051 398 3133 Equites,
415 3052 517 3134 quoad
538 3053 609 3114 loca
627 3053 792 3135 patiantur,
811 3054 921 3116 ducere
936 3053 1043 3137 jubet:
1067 3056 1119 3118 ubi
1135 3055 1174 3116 ad

133 3140 215 3200 invia
235 3140 330 3221 equiti
345 3149 469 3200 ventum
489 3138 538 3216 sit,
565 3139 597 3199 in
617 3139 744 3222 planitie
758 3140 859 3220 aliqua
874 3140 967 3203 locari
982 3142 1150 3223 equitatum
1163 3163 1173 3218 3

130 3225 262 3308 pedites,
285 3245 345 3307 qua
367 3225 430 3287 dux
450 3237 634 3288 monstraret
647 3225 739 3303 viam,
762 3226 827 3288 ire:
851 3226 913 3305 ubi,
928 3231 956 3264 ⁴⁸
967 3237 1003 3288 ut
1015 3227 1174 3309 pollicere-

131 3309 212 3388 tur‘,
242 3331 328 3394 super
354 3322 448 3393 caput
471 3311 605 3373 hostium
628 3321 806 3392 perventum
831 3311 882 3387 sit,
908 3311 994 3372 fumo
1017 3311 1088 3374 dare
1107 3311 1173 3392 'eig-

132 3417 228 3460 unmr
252 3415 308 3460 nec
322 3409 394 3462 ante
410 3398 576 3461 clamorem
591 3396 709 3476 tollere,
730 3415 822 3479 quam
841 3397 880 3458 ab
894 3417 927 3457 se
942 3397 1030 3478 signo
1045 3411 1174 3482 accepto

126 3517 130 3526 ⁴
206 3527 211 3535 ’
288 3556 535 3608 women.
752 3524 761 3542 “
791 3554 1013 3618 cerauniam.

12 3743 15 3750 ,
127 3673 130 3682 ’
159 3686 183 3724 ³⁹
197 3685 235 3736 Aa
254 3687 280 3736 to
300 3701 351 3736 vero
372 3689 425 3736 eder
446 3703 547 3737 aemam
561 3689 637 3752 indig.
668 3685 792 3734 lectionem
810 3659 923 3736 Gelenius
932 3689 1046 3748 formarit,
1062 3703 1108 3738 nou
1118 3704 1175 3740 erae

126 3753 216 3800 seriae
235 3761 266 3801 at
282 3753 333 3816 rea]
354 3752 416 3802 Quia
432 3753 544 3802 ainrirum
559 3752 636 3801 'l'lree-
669 3751 800 3802 infeliciter.
833 3753 909 3814 Megia
917 3765 995 3803 tameo
1005 3755 1106 3819 placeret
1116 3769 1173 3804 eorr-

127 3816 250 3880 erliprimi
267 3819 317 3870 iere
331 3819 434 3866 omnium
454 3817 552 3867 Gracia
563 3833 636 3884 popu·
666 3815 755 3880 iectura
774 3819 897 3866 Grcnorii:
924 3829 1001 3881 upana
1019 3821 1118 3885 urgendo
1138 3837 1174 3869 eo·

126 3881 204 3929 lorum
228 3883 253 3929 in
276 3883 432 3930 Macedonum
451 3883 562 3932 ditionem
579 3897 636 3932 con·
667 3881 748 3930 mium.
781 3881 878 3932 Codices
894 3884 941 3932 boc
963 3883 1016 3933 loco
1033 3885 1174 3948 corruptissi-

127 3959 253 4008 oencrent,
272 3963 285 3995 a
304 3947 411 4010 Philippo
421 3945 637 4009 dimittimini
669 3947 701 3996 nri
712 3955 775 3994 eunt.

127 4022 202 4074 parre,
222 4011 250 4059 ad
272 4013 407 4061 scelerarem
427 4025 515 4071 rerum,
533 4013 572 4063 sed
592 4016 637 4061 im·
687 4007 723 4044 ‘⁴⁸
739 4009 802 4068 Hac,
823 4010 935 4076 etampes
952 4013 1080 4061 marmari
1093 4011 1171 4075 jaciet]

127 4077 177 4138 peri
194 4076 291 4134 foeaen,
303 4075 443 4140 jungendam
460 4077 544 4135 adacti,
558 4093 585 4128 ee
595 4079 637 4126 de·
669 4077 789 4140 Charmae
799 4075 926 4124 renunciari
934 4077 1002 4141 jubet
1016 4077 1111 4139 consuli,
1124 4093 1174 4125 mo·

127 4139 182 4188 inde
200 4141 334 4190 Alexandro
354 4142 566 4206 iambusque
588 4143 638 4207 ejus
667 4142 717 4190 neri
729 4141 797 4206 juber
811 4141 937 4199 consulem,
953 4143 1006 4189 herc
1019 4142 1177 4201 ita-erederet,

128 4220 220 4318 esempelr
238 4205 343 4320 subjecpi.
354 4206 408 4256 Vid.
423 4207 507 4256 lustin.
521 4209 539 4257 l.
556 4221 603 4259 vn.
616 4223 638 4258 o.
668 4219 699 4320 pq
706 4206 870 4321 rapueneqrppia
885 4207 962 4269 potius
980 4207 1004 4254 iu
1018 4221 1058 4285 rua
1069 4208 1121 4322 ‘ipse
1133 4207 1174 4255 lra-

148 4286 178 4318 .e
209 4285 337 4321 .xr.c..
700 4285 724 4321 re
862 4285 951 4328 ,ιιιιιι
1018 4287 1102 4321 cnrr
1135 4287 1174 4321 er·

159 4335 183 4368 ⁴⁰
200 4335 329 4397 Missilibus,
351 4340 404 4400 prta
419 4336 533 4400 αιιιιιριι]
556 4335 636 4385 Mini-
669 4283 787 4386 salustii.t
883 4287 898 4334 q
968 4282 1018 4336 pm
1119 4289 1134 4338 P

127 4396 203 4460 libau
221 4411 298 4463 neque
315 4401 378 4450 enim
394 4403 498 4452 eominus
515 4416 636 4474 conserere
700 4403 723 4436 ⁴⁸
741 4400 773 4449 Ut
788 4399 929 4462 pollicentes]
957 4400 1023 4459 Dur,
1041 4413 1118 4466 pretor
1134 4403 1173 4451 ille

128 4477 209 4513 meniu
219 4475 336 4528 poterent,
352 4469 429 4516 medio
442 4481 510 4515 amne
520 4467 636 4532 dirempti.
668 4467 800 4531 eCirrropo
810 4465 899 4515 missas.
932 4464 994 4514 Vict-
1008 4467 1060 4520 rod.
1072 4469 1174 4530 utpolli·

159 4529 180 4594 ,⁴¹¹
208 4529 298 4594 Apron
321 4533 427 4598 mordis
456 4531 534 4598 regiis]
565 4531 636 4586 Hanc
669 4541 762 4586 seretur.
793 4530 1002 4596 Sedperrireiert.
