3080 5196
493 343 501 378 l

378 398 437 454 26⁴
573 415 576 420 Δ
802 381 885 492 TlTl
905 385 1005 448 LlVll

212 561 285 612 tac.
296 565 352 616 sal.
380 551 580 632 inposterum
596 549 725 612 cauerim
749 547 806 609 sibi
821 546 943 624 vellent,
966 542 1147 606 Corinthum
1163 541 1203 604 sd
1221 561 1255 603 se
1274 539 1428 620 venirent.

212 627 243 674 A
255 628 284 678 ⁶·
297 631 351 678 ¹⁹¹·
378 634 574 718 Diophanem
588 635 751 699 concilium
765 633 947 696 Achaor'um
962 631 1118 712 extemplo
1132 630 1189 691 sibi
1205 628 1340 710 praebere
1357 625 1430 708 jus*

212 713 360 778 z⁸⁶l¹¹²¹²¹¹m
378 723 428 784 sit.
473 721 529 800 lbi,
545 722 583 784 de
597 720 756 805 Zacyntho
771 722 942 802 intercepta
956 739 1010 801 per
1021 717 1162 778 fraudem
1177 713 1282 775 insula·
1291 723 1426 794 questus,

212 782 362 896 fflffffiffi
379 809 555 891 postulauit,
575 819 611 869 ut
635 809 843 870 restitueretur
866 805 1029 868 Romanius
1066 801 1198 883 Philippi
1214 797 1425 860 Macedonum

212 910 282 958 nani.
380 897 459 977 regis
489 892 662 979 Zacynthus
693 895 813 956 fuerat:
850 913 919 954 eam
945 889 1117 951 mercedem
1135 886 1359 970 Amynandro-
1372 886 1425 948 de·

380 983 477 1059 derat,
501 992 534 1042 ut
558 1002 611 1064 per
634 980 851 1043 Athamaniam
867 976 988 1042 ,ducere
1009 975 1175 1035 exercitum
1191 975 1223 1033 in
1238 973 1425 1054 superiorem

360 1100 365 1113 ·
378 1079 497 1149 partem
512 1064 636 1129 AEtoliae
650 1067 766 1128 liceret.
777 1085 838 1146 qua
847 1061 1041 1144 expeditione
1051 1059 1156 1122 ‘fractis
1168 1055 1425 1136 animis,-AEtolos

379 1153 533 1235 compulit
551 1152 590 1214 ad
614 1151 776 1233 petendam
791 1167 908 1232 pacem.
952 1145 1148 1230 Amynander
1162 1142 1339 1227 Philippum
1354 1143 1426 1205 Me·

377 1239 619 1322 galopolitanum
642 1236 746 1298 insula'e
769 1234 924 1317 praefecit:
957 1245 1065 1315 postea
1086 1253 1139 1316 per
1159 1231 1284 1308 bellum,
1308 1249 1366 1311 quo
1388 1251 1423 1292 se

377 1325 531 1387 Antiocho
546 1323 686 1384 adversus
710 1321 866 1384 Romanos
890 1318 1061 1400 conjunxit,
1087 1316 1229 1400 Philippo
1255 1318 1297 1378 ad
1320 1316 1423 1378 munia

377 1410 449 1473 belli
462 1420 613 1486 revocato,
637 1407 810 1470 Hieroclem
823 1405 1276 1490 ¹Agrigentinumsuccessorem
1292 1404 1388 1466 misit.

419 1493 555 1558 XXXll.
577 1491 617 1573 ls,
642 1505 712 1576 post
738 1494 841 1576 fugam
865 1494 904 1555 ab
918 1489 1307 1573 Thermopylis‘Antiochi,
1328 1490 1424 1574 Amy-

376 1581 587 1663 nandrumque
602 1602 621 1641 a
635 1578 777 1663 Philippo
792 1578 979 1642 Athamania
1001 1579 1131 1661 pulsum,
1154 1577 1254 1638 missis
1280 1577 1363 1638 ultro
1387 1577 1424 1638 sd

376 1667 573 1750 Diophanem
587 1679 747 1749 pretorem
769 1667 948 1729 Achaeorum
968 1665 1099 1742 nunciis,
1122 1665 1284 1747 pecuniam
1307 1673 1425 1747 pactus,

377 1754 506 1824 insulam
518 1752 637 1815 Achaeis
648 1753 784 1815 tradidit.
807 1751 844 1816 ld
858 1753 1013 1836 praemium
1029 1750 1100 1812 belli
1116 1771 1203 1813 suum
1215 1771 1294 1829 esse,
1305 1771 1423 1832 aequum

377 1841 542 1902 censebant
561 1839 704 1901 Romani.
727 1840 814 1902 ‘non
835 1839 916 1900 enim
932 1836 991 1900 M'.
1005 1836 1139 1900 Acilium
1154 1838 1312 1900 consulem
1327 1838 1425 1918 legio*

375 1926 388 1959 ‘
402 1946 515 2007 uesque
529 1925 685 1989 Romanos
699 1924 856 2008 Diophani
871 1937 903 1987 et
916 1923 1036 1986 Achaeis
1051 1924 1091 1984 ad
1106 1922 1329 2006 Thermopylas
1349 1942 1424 2004 pug-

377 2011 509 2076 ‘nasse.'
562 2010 740 2095 Diophanes
766 2013 907 2073 adversus
933 2011 997 2072 haec
1023 2030 1152 2091 purgare
1179 2009 1333 2070 interdum
1360 2029 1422 2071 sese

375 2111 580 2180 gentemque3
603 2099 754 2160 interdum
767 2097 881 2179 dejure
893 2097 967 2158 facti
982 2096 1137 2158 disserere.
1165 2095 1300 2165 Quidam
1314 2095 1424 2158 Acha-

376 2205 462 2246 0rum
483 2197 514 2247 et
536 2185 624 2247 initio
644 2205 712 2246 eam
732 2206 765 2246 se
787 2205 851 2246 rem
866 2183 1063 2265 adspematos
1079 2183 1279 2258 testabantur,
1303 2195 1336 2245 et
1351 2195 1422 2246 tunc

375 2271 575 2354 pertinaciam
592 2272 816 2352 increpitabant
830 2270 983 2353 praetoris:
1013 2269 1244 2349 auctoribusque
1266 2269 1304 2329 iis
1319 2270 1425 2332 decre·

375 2369 442 2419 tum
457 2368 514 2435 est,
536 2369 572 2420 ut
584 2355 623 2419 T.
641 2353 787 2428 Quinctio
803 2378 839 2418 ea
859 2377 906 2418 res
930 2354 1165 2437 permitteretur.
1208 2353 1286 2416 Erat
1308 2355 1425 2426 Quine-

375 2444 447 2521 tius,
464 2443 565 2505 ¹sicut
579 2444 805 2506 adversantibus
821 2463 916 2524 asper,
938 2442 993 2518 ita,
1015 2441 1040 2501 si
1059 2440 1190 2519 cederes,
1213 2441 1297 2503 idem
1321 2443 1426 2524 placa·

374 2529 454 2590 bilis.
485 2529 608 2590 Omissa
620 2529 712 2608 igitur
727 2529 923 2591 contentione
938 2527 1020 2590 vocis
1035 2526 1206 2608 vultusque,
1221 2528 1231 2560 ‘
1247 2526 1280 2588 si
1297 2527 1425 2606 utilem}

376 2614 484 2694 inquit,
505 2614 743 2696 ‘possessionem
754 2612 817 2694 ejus
825 2613 929 2675 insulae
938 2622 1093 2676 censerem
1102 2612 1306 2692 Achaeis'esse,
1318 2630 1428 2676 auctor

375 2701 498 2760 ‘essem
520 2700 636 2760 senatui
657 2700 830 2781 populoque
850 2699 1002 2778 Romano,
1016 2711 1051 2761 ut
1062 2719 1131 2762 eam
1147 2699 1200 2762 virs
1216 2700 1326 2762 hahere
1339 2702 1431 2776 siue-

374 2785 386 2818 ‘
402 2795 478 2845 rent.
502 2795 636 2856 ceterum
657 2785 762 2847 'sicut
779 2785 974 2865 testudinem,
997 2786 1047 2847 ubi
1063 2784 1209 2848 conlecta
1220 2785 1251 2846 in
1262 2807 1350 2848 suurn
1367 2801 1427 2849 te-

375 2871 514 2950 ‘gumen
536 2882 607 2948 cst,¹
619 2881 717 2933 tutam
738 2872 779 2933 ad
803 2891 908 2934 omnes
929 2873 1007 2934 ictus
1030 2871 1120 2934 video
1135 2892 1219 2933 esse:
1240 2872 1291 2933 ubi
1307 2875 1428 2937 exserit

374 2957 386 2992 ¹
400 2967 504 3037 partes
523 2957 649 3038 aliquas,
666 2959 876 3040 quodcumque
891 2959 1027 3037 nudavit,
1049 2959 1216 3021 obnoxium
1232 2970 1324 3042 atque
1339 2960 1427 3022 inhr-

375 3039 484 3104 ‘mum
500 3043 611 3105 habere
623 3066 643 3121 ς’
656 3042 739 3105 haud
761 3043 947 3108 dissimiliter
966 3067 1034 3125 yos,
1054 3043 1170 3121 Achaei,
1193 3043 1314 3108 clarnos
1333 3049 1425 3110 undi-

374 3123 460 3209 ‘que
477 3129 564 3207 mari,
586 3150 652 3210 quae
665 3130 747 3193 intra
761 3129 959 3212 Peloponnesi
975 3132 1036 3192 rint
1050 3131 1216 3207 terminos3
1240 3152 1278 3193 ea
1297 3143 1331 3193 et
1351 3133 1427 3212 juu·.

371 3215 470 3294 igere
496 3215 593 3293 vobis,
617 3228 650 3278 et
672 3214 782 3298 juncta
805 3219 883 3278 tueri
906 3216 1017 3295 facile,
1050 3216 1138 3278 simul
1163 3217 1314 3288 aviditate
1336 3217 1426 3301 plura

372 3301 602 3388 ‘amplectendi
619 3301 690 3364 hinc
706 3301 872 3380 excedatis,
898 3302 981 3364 nuda
1003 3303 1087 3365 vobis
1108 3303 1222 3381 omnia,
1247 3323 1315 3386 quae
1335 3318 1423 3368 extra

371 3383 469 3464 ‘siut
494 3397 526 3448 ct
545 3385 685 3469 exposita
707 3388 747 3449 ud
762 3409 868 3448 omnes
889 3389 967 3450 ictus
989 3387 1073 3450 essc.’
1116 3387 1322 3452 Adsentieute
1338 3394 1423 3453 omni

369 3468 585 3618 concilip,'nec
599 3469 762 3554 Diophane
776 3472 855 3536 ultra
869 3473 993 3534 tendere
1009 3494 1093 3551 auso,
1114 3471 1292 3558 Zacynthus
1308 3475 1424 3539 Roma-

371 3559 419 3620 nis
434 3569 482 3619 tra
504 3559 575 3620 itur.
1003 3587 1006 3592 ¹
1417 3597 1421 3602 1

374 3639 380 3674 ·’
415 3639 566 3732 XXXlll.
600 3641 657 3705 Per
686 3643 768 3706 idem
797 3654 918 3726 tempus
942 3643 1097 3728 Philippus
1131 3669 1195 3725 rex,
1225 3649 1423 3731 proficiscen·

328 3749 331 3754 ·
369 3741 436 3792 tem
459 3727 615 3790 consulem
640 3730 681 3790 ad
706 3729 902 3813 Naupactum
928 3740 1151 3813 percunctatus,
1166 3734 1208 3794 'si
1232 3756 1264 3796 se
1286 3737 1424 3816 interim,

368 3835 438 3898 quae
468 3815 650 3878 defecissent
672 3816 710 3877 ab
734 3815 1057 3897 'societate‘Romana
1085 3820 1173 3882 urbes
1198 3823 1333 3903 recipere
1361 3824 1424 3884 vel-

205 3907 347 4042 goffia
368 3907 425 4016 let,
440 3902 639 3988 permittente
659 3923 706 3980 eo,
729 3903 768 3968 ad
792 3903 1020 3968 Demetriadem
1046 3908 1152 3990 copias
1169 3906 1319 4016 admovit,
1341 3909 1426 3974 haud

204 4037 276 4090 dedit.
1137 4025 1141 4042 .

796 4079 870 4112 muers
880 4061 953 4114 Gron.
962 4065 1033 4126 Creu.

404 4191 490 4242 ¹Sicut
506 4193 668 4242 ndrmmntilur
681 4208 751 4254 asper,
765 4191 809 4254 ita]
829 4193 878 4242 Ob·
910 4207 935 4244 et
946 4197 1028 4248 mollit.
1076 4211 1079 4220 ’
1116 4193 1121 4199 ’

369 4269 443 4304 mmet
454 4259 583 4306 Gronovius
597 4259 692 4322 scriptor
702 4269 726 4306 et
736 4269 793 4306 vett.
804 4258 877 4308 editos
942 4261 1030 4311 'Sina
1048 4265 1186 4330 medinam]
1211 4265 1239 4316 ln
1260 4269 1363 4318 ommis
1381 4285 1427 4319 ιι-

368 4319 454 4368 habers
471 4338 533 4383 arpa·
551 4326 594 4380 ira,
614 4325 654 4371 ita.
686 4323 728 4389 (Et
744 4324 878 4387 sicquoque
909 4324 987 4388 tiquir,
1000 4331 1332 4391 praemanantibus,
1348 4352 1371 4399 p
1384 4337 1429 4386 ts.

367 4385 529 4450 nosterVict.)
544 4386 877 4452 NonsbwrdaerteJ'uscon-
910 4389 1079 4456 Peloponnesus
1122 4397 1233 4446 testudini
1276 4400 1428 4450 nannum.

366 4449 470 4514 jactura:
487 4452 824 4515 sinatudmntr'burarperior,
838 4457 879 4504 itu.
907 4455 978 4505 Tito.
990 4459 1141 4515 liniemus.
1173 4461 1323 4520 Evelludtre
1333 4465 1429 4520 ridetur:

368 4515 461 4568 Nomen
478 4517 655 4593 comparativum
672 4519 709 4570 bic
726 4533 776 4570 reru
788 4520 878 4583 mitigat
910 4518 1029 4580 suanus.
1108 4531 1122 4536 “’
1243 4519 1250 4524 ’
