3068 5186
359 393 419 446 804
777 384 862 444 ΤΙΤΙ
882 383 982 446 LIVII

168 548 331 600 'ucoca
359 539 600 624 promontorium
626 550 721 617 erant,
748 560 841 622 quum
865 541 983 602 hostem
1008 557 1203 622 conspexere.
1251 537 1294 600 Et
1320 539 1410 622 regia

193 615 224 662 A.
238 615 332 665 ⁰¹⁹⁰·
358 627 472 705 classis,
496 627 572 689 binis
597 627 629 688 in
654 626 792 688 ordinem
818 627 942 688 navibus
964 625 1056 707 longo
1072 625 1194 706 agmine
1208 625 1345 702 veniens,
1372 637 1409 688 et

358 714 423 798 ipsa
438 713 535 775 aciem
551 713 704 774 adversam
722 713 889 795 explicuit3
921 723 1041 774 tantum
1065 710 1138 772 laevo
1165 721 1270 773 evecta
1296 733 1407 790 cornu,

357 811 392 862 ut
407 800 549 882 amplecti
565 810 597 860 et
617 799 775 860 circumire
798 799 956 861 dexterum
980 818 1073 859 comu
1098 796 1307 859 Romanorum
1330 817 1406 880 pos·

357 898 415 948 set.
437 885 517 968 quod
534 886 585 947 ubi
600 883 765 965 Eudamus,
781 886 831 966 qui
846 886 978 967 cogebat
994 878 1115 966 agmen,
1129 883 1217 961 vidit,
1232 905 1296 946 non
1313 903 1419 967 posse·

358 981 492 1053 aequare⁰
508 967 647 1033 ordinem
664 970 829 1049 Romanos,
855 985 887 1033 et
908 981 1028 1034 tantum
1043 990 1106 1032 non
1123 968 1190 1051 jam
1208 971 1363 1032 circumiri
1386 991 1406 1032 a

358 1059 466 1121 dextro
482 1079 586 1136 comu,
613 1059 781 1120 ⁸‘·¹concitat
803 1079 913 1136 naves3
949 1055 994 1138 (et
1022 1067 1108 1118 erant
1134 1056 1284 1119 Rhodiae?
1311 1057 1406 1139 longe

358 1145 494 1207 omnium
512 1145 674 1207 celerrima
697 1156 764 1221 tota
790 1143 896 1224 classe)
924 1154 1100 1225 aequatoque
1124 1163 1230 1222 cornu,
1255 1145 1405 1226 praetoriae

200 1291 205 1300 „
357 1233 437 1309 navi,
448 1232 479 1293 in
495 1253 554 1316 qua
568 1231 769 1314 Polyxenidas
784 1243 859 1308 erat,
874 1251 958 1291 suam
974 1228 1097 1312 objecit.

194 1305 347 1384 Pugnatum·
400 1317 502 1380 XXX.
532 1317 603 1380 Jam
629 1319 700 1380 totis
725 1317 870 1378 classibus
897 1317 985 1378 simul
1012 1317 1051 1378 ab
1072 1316 1156 1387 omui
1177 1329 1267 1401 parte
1297 1337 1403 1399 pugna

193 1384 301 1424 mmm*
359 1417 500 1468 conserta
527 1416 602 1466 erat.
649 1403 700 1466 Ab
727 1401 872 1466 Romanis
902 1403 1061 1484 octoginta
1089 1424 1181 1466 naves
1210 1404 1404 1488 pugnabant,

359 1493 528 1574 exquibus
552 1490 679 1552 Rhodiae
703 1489 768 1552 duae
794 1502 826 1552 et
850 1490 958 1572 viginti
988 1500 1083 1551 erant.
1127 1487 1271 1552 Hostium
1296 1491 1404 1550 classis

358 1578 609 1660 undenonaginta
631 1577 751 1638 navium
778 1575 847 1655 luit,
873 1585 905 1638 et
928 1577 1068 1638 maximae
1090 1576 1195 1638 sormae
1220 1597 1313 1638 naves
1340 1588 1403 1638 tres

358 1666 483 1727 hexeres
509 1665 651 1741 habebat,
675 1664 750 1724 duas
772 1664 923 1746 hepteres.
970 1660 1091 1724 Robore
1106 1664 1226 1724 navium
1242 1673 1276 1723 et
1288 1662 1402 1724 virtute

358 1752 489 1813 militum
505 1749 668 1812 ⁰⁰Romani
684 1750 774 1832 longe
795 1750 892 1832 regios
918 1749 1121 1832 praestabant:
1154 1747 1284 1812 Rhodiae
1309 1769 1403 1810 naves

359 1838 505 1919 agilitate,
521 1849 553 1898 et
569 1823 637 1898 arte
648 1837 892 1918 gubernatorum,
908 1847 939 1897 et
953 1836 1081 1898 scientia
1095 1837 1252 1918 remigum.
1295 1833 1402 1896 Maxi·

358 1945 409 1984 mo
426 1935 528 1985 tamen
548 1923 685 1984 hostibus
708 1923 813 1984 terrori
841 1923 932 2001 fitero,
959 1942 1024 2004 quae
1046 1922 1132 2004 ignes
1158 1944 1219 2005 prae
1242 1943 1276 1984 se
1295 1935 1402 2004 porta·

358 2011 453 2072 baut:
476 2021 518 2088 et,
534 2009 615 2090 quod
629 2031 722 2070 unum
747 2009 783 2070 iis
807 2009 847 2070 ad
862 2007 1044 2070 Panormum
1072 2008 1282 2071 circumventis
1309 2009 1402 2070 saluti

359 2095 468 2175 fuerat,
490 2096 522 2157 id
542 2108 606 2158 tum
623 2097 788 2157 maximum
804 2105 992 2157 momentum
1008 2095 1048 2156 ad
1061 2096 1219 2157 victoriam
1235 2095 1304 2156 fuit.
1328 2113 1401 2157 nam

358 2195 444 2244 metu
475 2182 553 2264 ignis
580 2183 695 2244 adversi
723 2182 811 2263 regia
837 2203 938 2260 naves,
964 2185 1035 2242 ⁹¹ne
1059 2202 1149 2264 prora
1174 2194 1400 2259 concurrerent,

359 2290 451 2352 quum
476 2269 688 2346 declinassent,
713 2289 810 2349 neque
832 2269 903 2350 ipsae
927 2267 1016 2329 ferire
1043 2278 1139 2329 rostro
1165 2269 1285 2331 hostem
1311 2279 1401 2352 pote·

359 2369 438 2433 rant,
462 2369 494 2417 et
518 2355 654 2436 obliquas
679 2375 711 2416 se
738 2355 809 2437 ipsae
835 2355 875 2416 ad
900 2355 977 2417 ictus
1002 2355 1187 2438 praebebant.
1219 2366 1260 2431 et,
1287 2355 1312 2415 si
1339 2375 1401 2436 quo

360 2453 564 2519 concurrerat,
589 2442 771 2503 obruebatur
797 2439 897 2503 infuso
923 2441 986 2522 igni
998 2463 1009 2519 3
1048 2441 1203 2522 magisque
1228 2441 1267 2503 ad
1295 2441 1400 2502 incen-

358 2526 452 2606 dium,
478 2547 569 2607 quam
597 2529 636 2589 ad
659 2528 808 2610 proelium,
834 2527 1040 2610 trepidabant.
1092 2525 1256 2588 Plurimum
1284 2538 1401 2606 tamen,

358 2632 423 2693 quae
438 2614 526 2693 solet,
552 2614 683 2675 militum
697 2615 790 2676 virtus
815 2615 847 2675 in
871 2614 950 2676 bello
974 2614 1078 2676 valuit.
1109 2614 1242 2676 mediam
1265 2634 1400 2694 namque

358 2699 454 2760 aciem
480 2700 614 2761 hostium
649 2697 780 2762 Romani
813 2721 904 2783 quum
930 2701 1092 2783 rupissent,
1125 2701 1314 2762 circumvecti
1354 2701 1397 2760 ab

357 2796 445 2866 tergo
472 2787 676 2868 pugnantibus
703 2787 843 2848 adversus
872 2785 1007 2849 Rhodios
1033 2786 1124 2868 regiis
1142 2797 1212 2848 'sese
1233 2785 1396 2868 objecere:

358 2885 573 2954 momentoque
590 2875 732 2956 temporis
752 2886 784 2936 et
802 2873 903 2935 media
927 2875 1007 2935 acies
1028 2873 1186 2951 Antiochi,
1208 2884 1238 2935 et
1262 2874 1336 2934 laevo
1362 2872 1400 2934 itt

358 2979 451 3020 cornu
466 2961 675 3022 circumventae
690 2981 780 3022 naves
801 2961 1024 3044 mergebantur.
1067 2958 1201 3022 Dextera
1223 2980 1291 3044 pars
1317 2960 1401 3020 inte·

357 3067 422 3129 gra,
448 3048 598 3109 sociorum
623 3047 719 3129 magis
743 3048 841 3126 clade,
865 3068 954 3131 quam
978 3068 1032 3108 suo
1055 3047 1200 3130 periculo,
1222 3045 1401 3108 terrebatur.

357 3145 503 3212 ceterum,
532 3146 693 3217 postquam
724 3134 796 3196 alias
827 3135 1055 3211 circumventas,
1091 3135 1261 3216 praetoriam
1288 3153 1396 3194 navem

357 3217 558 3304 Polyxenidae,
574 3221 685 3283 relictis
700 3221 800 3300 sociis,
818 3221 1024 3284 veladantem
1039 3219 1150 3300 videre,
1175 3220 1299 3282 sublatis
1326 3239 1396 3301 rap·

549 3395 683 3459 “ereptore
694 3397 768 3444 Gron.
779 3395 848 3444 Creu.
979 3395 1054 3446 rado.
1065 3411 1131 3444 moes
1140 3393 1205 3444 End.

387 3551 409 3587 ⁸9
425 3548 524 3598 Corcitot
549 3565 630 3607 neom
658 3551 689 3614 (at
711 3559 773 3598 oront
795 3549 857 3596 Rho·
889 3547 1024 3596 curavimus.
1055 3549 1082 3596 ln
1100 3546 1128 3595 iis
1145 3563 1196 3610 qua
1210 3547 1393 3614 praceduotexi

353 3617 396 3664 dic
414 3615 497 3677 aava]
516 3615 627 3676 Ultimrm
650 3631 728 3664 vocem
748 3626 859 3678 respuunt
888 3614 964 3677 posuit
983 3611 1072 3670 Livius,
1097 3628 1194 3676 quonam
1216 3629 1242 3662 re
1268 3612 1396 3676 superiores

354 3681 446 3729 Thoan.
462 3693 486 3726 et
498 3681 587 3728 Victor.
599 3681 702 3730 codices:
726 3692 750 3728 et
768 3681 855 3742 ingrata
889 3690 964 3726 essent
982 3678 1048 3738 regii,
1070 3693 1153 3742 nempe
1174 3693 1272 3728 numero
1293 3678 1394 3725 narium.

320 3775 326 3786 .
353 3743 391 3792 hic
401 3748 450 3811 ejus
461 3745 566 3807 repetitio
577 3759 621 3795 est.
889 3743 935 3791 Hic
946 3743 1048 3790 obstruet
1065 3744 1148 3791 ceteris
1165 3747 1273 3794 omnibus
1291 3744 1395 3807 superlo-

385 3812 408 3848 ιθ
431 3809 525 3858 lionam
542 3811 604 3874 longe
626 3811 694 3874 regior
710 3811 854 3871 pronobontr
888 3809 1017 3857 renituisse
1029 3810 1132 3872 prtetoria
1144 3809 1249 3870 clamem,
1265 3825 1338 3871 quum
1353 3823 1397 3856 ro-

353 3873 445 3924 thotlt'tr
469 3876 544 3941 moer]
580 3877 641 3924 Ante
669 3875 794 3924 Gelonium
817 3876 855 3924 hic
888 3873 943 3922 bore
962 3875 1053 3921 nauium
1073 3886 1097 3923 et
1116 3873 1202 3924 uirtute
1224 3875 1324 3924 militum
1345 3872 1397 3922 Ro-

353 3939 420 4002 vulgo
437 3940 569 4002 legebatur:
595 3939 688 3989 vllonuoti
707 3941 769 4004 lortge
787 3943 857 4006 regios
888 3941 967 4000 motti3
992 3937 1075 3987 Rhodii
1093 3941 1185 3987 navium
1202 3942 1301 4003 agiliore
1320 3950 1398 4002 etpe-

350 4007 494 4067 medabam,-
516 4008 581 4071 regio
596 4021 668 4054 maes.
700 4007 722 4054 lt
739 4009 855 4054 excodlce
887 4005 938 4054 titia
948 4005 1124 4068 gubernatorum
1134 4006 1209 4066 regios
1220 4013 1363 4070 superarent.

352 4071 418 4132 Mog.
439 4071 526 4120 invertit
550 4087 601 4119 eam
628 4071 758 4128 lectionem,
787 4087 855 4134 quam
919 4071 939 4107 ⁹¹
966 4069 1002 4118 Ne
1030 4085 1096 4132 prora
1125 4069 1289 4132 connumeret]
1329 4069 1397 4117 Vttt.

351 4149 432 4184 omnes
449 4148 499 4200 post
520 4153 574 4185 eum
595 4137 693 4201 amplexi
714 4149 783 4195 tuntt
808 4139 854 4185 tlte
887 4137 967 4194 codex,
988 4132 1023 4182 No
1039 4150 1112 4196 prope.
1144 4134 1201 4184 Vult
1222 4149 1304 4199 nempe
1322 4149 1399 4196 prore,

352 4202 428 4264 potius
448 4202 547 4251 restituit
571 4218 631 4262 earn,
660 4217 728 4264 quom
755 4201 857 4250 Andreae
887 4201 958 4249 idest
972 4201 1058 4265 (neque
1074 4197 1136 4247 enim
1150 4200 1175 4247 in
1190 4201 1230 4249 illo
1248 4201 1306 4249 libro
1325 4199 1399 4263 diph-

350 4265 399 4328 jam
421 4265 474 4314 olim
497 4282 649 4329 expresserat:
683 4265 776 4315 lbtmotd
793 4267 855 4332 longe
886 4263 1145 4328 thongorumerturur)
1162 4281 1239 4326 proto.
1274 4263 1310 4317 Nu
1323 4279 1397 4325 pm

266 4359 267 4366 .
353 4329 449 4376 Rhodios
477 4334 619 4392 praetulerit:
660 4327 752 4380 Reate
784 4347 855 4380 muer.
887 4346 944 4390 rure,
965 4342 989 4379 et
1007 4328 1100 4377 hostiles
1118 4329 1207 4391 ignibus
1228 4342 1322 4379 armatae
1339 4344 1397 4376 corr-

352 4394 457 4456 Utraque
472 4395 542 4444 lectio
557 4396 609 4461 jure
619 4399 664 4446 viso
683 4408 718 4446 est
735 4397 856 4446 Perizonio
888 4403 1015 4446 currerent:
1044 4410 1074 4443 ne
1092 4411 1166 4460 protae
1182 4413 1230 4446 rute
1249 4396 1399 4444 incurrerent

352 4474 382 4508 ex
401 4471 466 4523 parte
482 4475 553 4520 recta,
572 4473 682 4528 exparte
700 4475 814 4526 corrupta,
828 4479 855 4511 ec
888 4463 912 4510 in
923 4477 999 4526 proras
1014 4459 1133 4518 hostilium
1147 4460 1248 4525 uatium,
1259 4477 1312 4529 quoe
1330 4460 1398 4526 ignes

352 4524 444 4589 proinde
460 4529 598 4576 emendando
616 4544 645 4578 eo
662 4528 738 4589 modo,
756 4544 801 4592 quo
819 4527 856 4578 edi
887 4527 1104 4594 procumbant.
