3026 5164
345 304 405 362 ros
764 297 848 360 rm
864 297 968 390 ⁴mvn
1016 357 1023 384 ἦ

182 471 258 524 uc,
269 475 324 525 566.
346 457 457 542 probus
472 458 649 522 adolescens
677 455 716 538 (⁴⁹
727 453 779 519 Dii
795 455 918 541 propitii
934 455 1049 535 essent)
1077 452 1241 533 obseoeu'rs,
1262 463 1299 516 ut
1314 452 1394 517 fama

180 537 216 587 Α·
226 541 257 592 ⁰·
268 541 324 592 ¹⁸⁶·
348 557 439 622 esset,
454 547 546 608 sacris
561 547 674 609 initiari
689 545 796 608 nollet.

104 639 106 644 ’
181 641 277 708 Hispal·
296 659 336 694 vo·
391 630 463 696 ΧΠ.
486 631 569 695 Satis
592 632 630 694 de
645 629 775 694 AEbutio
798 632 989 715 exploratum
1015 640 1097 691 ratus
1120 627 1236 707 consul,
1259 648 1324 690 non
1344 649 1396 690 ra-

179 721 246 825 :32‘
256 727 269 759 ¹
280 727 336 764 Μ·
348 741 422 782 num
438 733 595 783 auctorem
610 741 687 798 esse,
709 719 834 782 dimissa
846 713 986 796 AEbutia,
1008 736 1128 778 socrum
1147 726 1249 796 rogat,
1271 727 1308 776 ut
1325 713 1397 778 His-

231 808 238 828 '
282 841 287 852 ·
349 807 463 890 palam,
484 806 622 868 indidem
646 828 686 868 ex
699 807 852 868 Aventino
873 805 1059 882 libertinam,
1080 823 1143 864 uon
1167 802 1310 884 ignotam
1323 801 1397 864 vici-

349 895 418 972 nia,
442 905 605 957 arcesseret
624 894 664 956 ad
686 914 762 955 sese.
778 913 857 970 eam,
878 912 997 974 quoque
1023 911 1099 968 esse,
1123 911 1189 971 quae
1204 890 1399 972 percunctari

349 980 451 1044 vellet.
494 980 551 1043 Ad·
560 979 644 1062 cujus
664 980 809 1042 nuncium
827 980 1005 1061 perturbata
1020 976 1160 1060 Hispala,
1181 975 1321 1058 quod-ad
1335 987 1399 1037 tam

349 1067 484 1130 nobilem
498 1079 532 1131 et
542 1089 664 1150 gravem
677 1067 821 1130 feminam
834 1068 941 1148 ignara
950 1086 1062 1127 caraea
1073 1076 1295 1126 arcesseretur:
1313 1075 1401 1146 post-

350 1174 442 1235 quam
457 1155 579 1218 lictores
599 1154 794 1218 investibulo
819 1154 998 1236 turbamque
1021 1151 1209 1214 consularem
1229 1163 1263 1212 et
1286 1169 1401 1212 coasu-

350 1241 411 1303 lem
434 1241 532 1325 ipsum
548 1241 718 1324 conspexit,
740 1261 836 1324 prope
862 1240 1037 1302 exanimata
1061 1247 1118 1300 est.
1162 1235 1197 1298 ln
1221 1236 1399 1300 interiorem

350 1343 470 1411 partem
485 1329 594 1391 adium
609 1329 772 1391 abductam
795 1348 885 1390 socru
905 1327 1043 1390 adhibita
1058 1325 1175 1403 consul,
1189 1324 1200 1357 ‘
1216 1321 1250 1386 Si
1265 1345 1341 1386 vera
1354 1326 1400 1386 di-

317 1464 319 1472 ,
350 1417 361 1448 ‘
377 1436 444 1478 cere
459 1415 600 1478 iuducere
615 1417 647 1478 in
663 1417 798 1478 animum
809 1412 933 1497 posset,'
949 1424 1052 1495 negat,
1067 1413 1077 1444 ‘
1092 1412 1264 1494 perturbari
1279 1412 1402 1475 debere.

350 1503 361 1536 ‘
376 1501 468 1565 lidem
483 1502 530 1564 vel
545 1524 565 1563 a
580 1500 727 1585 Sulpicia,
741 1503 795 1564 tali
812 1502 936 1579 femina,
950 1500 997 1562 vel
1014 1502 1053 1562 ab
1064 1519 1096 1560 sc
1109 1500 1275 1581 acciperet.
1287 1519 1401 1582 expro-

350 1588 362 1622 ‘
376 1599 473 1656 meret
484 1589 551 1669 sihi,
564 1611 629 1672 qua
641 1593 668 1630 ⁶⁰
676 1589 708 1650 in
719 1589 788 1650 luco
798 1585 911 1651 Simila
922 1586 1166 1650 Bacchanalibus
1177 1587 1209 1648 in
1221 1605 1311 1648 sacro
1326 1607 1402 1649 uoc-

350 1675 467 1738 ‘turno
482 1677 615 1739 solerent
627 1675 714 1740 fieri!
751 1673 822 1738 Hoc
838 1676 889 1737 ubi
903 1675 1028 1753 audivit,
1043 1684 1146 1736 tantus
1158 1694 1256 1757 pavor
1271 1685 1401 1736 tremor·

350 1783 408 1846 que
423 1763 561 1826 omnium
581 1765 785 1828 membrorum
801 1762 959 1825 mulierem
975 1761 1068 1844 cepit,
1086 1773 1121 1823 ut
1136 1759 1189 1823 diu
1203 1761 1326 1824 hiscere
1339 1782 1401 1824 non

350 1864 469 1932 posset:
492 1850 618 1913 tandem
633 1849 823 1928 confirmata,
846 1850 1003 1932 ‘puellam
1020 1847 1185 1911 admodum
1207 1869 1242 1910 se
1256 1848 1400 1912 ancillam

350 1935 502 2000 initiatam
514 1959 583 2000 cum
597 1937 741 2016 domina,’
758 1938 810 2000 ait.
819 1937 836 2004 .‘
848 1937 964 2018 aliquot
975 1935 1073 2014 annis,
1088 1955 1127 1997 ex
1138 1955 1199 2017 quo
1212 1937 1400 1999 manumissa

350 2023 427 2102 ‘sit,
441 2021 530 2103 nihil,
545 2024 619 2108 quid
635 2025 675 2087 ibi
687 2025 752 2104 fiat,
777 2022 874 2086 scire.'
896 2023 962 2106 jam
977 2023 1010 2084 id
1025 2024 1125 2106 ipsum
1141 2022 1250 2085 consul
1267 2023 1397 2103 laudare,

350 2110 470 2191 ‘quum
485 2112 639 2174 initiatam
654 2133 687 2173 se
701 2133 763 2175 non
779 2111 974 2173 inficiaretur.
989 2110 1041 2172 sed
1056 2121 1088 2172 et
1099 2120 1203 2173 cetera
1216 2109 1325 2172 eadem
1338 2111 1398 2173 hde

349 2196 585 2281 ‘expromeret
601 2199 726 2281 neganti
751 2198 831 2260 ultra
845 2198 1010 2281 quidquam
1028 2197 1104 2258 scire
1120 2200 1217 2258 ⁵¹non
1237 2197 1399 2278 eamdem‚’

351 2283 463 2364 dicere,
484 2286 495 2318 ‘
510 2281 535 2346 si
551 2297 734 2367 coarguatur
749 2286 794 2346 ab'
809 2285 880 2363 alio,
902 2305 937 2346 ac
949 2303 1003 2366 per
1017 2305 1050 2345 se
1065 2283 1186 2361 fatenti,
1208 2285 1332 2346 veniam
1347 2297 1398 2349 aut

244 2377 248 2386 '
349 2370 361 2402 ‘
374 2372 505 2451 gratiam
515 2371 590 2434 fore.
606 2393 674 2434 eum
685 2373 742 2434 sibi
754 2372 858 2434 omnia
867 2371 1052 2454 exposuisse,
1064 2371 1115 2452 qui
1129 2372 1168 2433 ab
1179 2371 1233 2432 illa
1241 2371 1399 2436 audisset?

392 2454 481 2520 Xlll.
504 2456 627 2538 Mulier,
649 2459 733 2521 haud
756 2459 859 2536 dubie,
881 2459 913 2519 id
937 2458 1018 2539 quod
1042 2468 1118 2536 erat,
1141 2455 1301 2520 AEbutium
1317 2459 1398 2522 iudi-

349 2563 417 2606 cem
431 2545 532 2607 arcani
548 2558 616 2608 rata
630 2566 706 2623 esse,
729 2547 768 2607 ad
783 2546 876 2628 pedes
891 2541 1031 2628 Sulpicia
1046 2544 1189 2626 procidit,
1204 2558 1236 2607 et
1250 2567 1318 2608 eam
1333 2547 1397 2630 pri-

349 2649 401 2691 nro
415 2652 503 2693 orare
519 2633 624 2713 coepit,
643 2633 652 2665 ‘
667 2630 717 2693 Ne
732 2633 866 2694 mulieris
881 2632 1029 2693 libertina
1044 2652 1114 2693 cum
1128 2643 1260 2694 amatore
1273 2653 1392 2695 sermo-

349 2717 360 2749 ‘
375 2737 445 2779 nem
455 2717 487 2779 in
496 2740 559 2780 rem
569 2738 631 2780 non
642 2719 751 2780 seriam
761 2719 923 2798 rnodo‚sed
934 2717 1393 2800 capitalemetiam,vertirellet:

349 2803 361 2836 ‘
375 2823 409 2866 se
420 2805 552 2867 terrendi
567 2804 632 2888 ejus
642 2826 759 2884 caussa,
774 2827 837 2868 non
849 2827 909 2886 quo
922 2807 1012 2867 sciret
1024 2806 1198 2886 quidquam,
1210 2806 1390 2868 ealoeutam

349 2889 362 2923 ‘
376 2891 463 2954 esse!
496 2891 556 2954 Hic
566 2890 737 2955 Postumius
749 2913 894 2954 accensus
906 2893 960 2970 ira,
976 2890 1074 2954 ‘Tum
1086 2890 1226 2974 quoque,'
1238 2893 1292 2972 ait,
1303 2893 1313 2926 ‘
1325 2914 1396 2956 eam

349 2977 361 3010 ⁴
375 2997 445 3040 cum
455 2975 585 3042 AEbutio
595 3001 627 3042 se
636 2992 771 3042 amatore
781 2979 912 3041 cavillari
925 2979 1059 3056 credere,
1067 3000 1130 3041 non
1139 2981 1170 3041 in
1181 2979 1273 3042 domo
1283 2981 1397 3061 grav'u-

349 3062 360 3097 ‘
375 3065 458 3126 simae
473 3065 592 3128 femina
607 3078 719 3129 etcum
735 3067 859 3129 consule
874 3064 976 3148 loqui.'
992 3078 1024 3128 et
1035 3065 1170 3149 Sulpicia
1183 3066 1330 3130 adtollere
1342 3089 1397 3152 pa-

348 3162 490 3230 ventem3
522 3153 611 3215 simul
641 3153 724 3214 illam
747 3153 914 3231 adhortari,
940 3153 1030 3214 simul
1060 3153 1134 3215 iram
1161 3155 1266 3235 generi
1294 3154 1399 3216 lenire.

348 3234 488 3300 Tandem
512 3239 701 3318 confirmata,
723 3240 854 3302 multum
876 3241 1016 3302 incusata
1041 3239 1168 3323 perfidia
1188 3237 1323 3318 AEbutii,
1346 3243 1397 3338 qui

348 3325 459 3407 optimi
473 3326 504 3388 in
519 3348 556 3388 eo
579 3329 645 3409 ipso
661 3327 760 3389 meriti
776 3326 868 3388 talem
883 3327 1014 3408 gratiam
1030 3328 1194 3404 retulisset,
1216 3328 1226 3359 ‘
1244 3326 1396 3410 Magnam

348 3410 360 3443 ‘
375 3411 431 3474 sibi
442 3425 555 3476 metum
568 3413 715 3491 Deorum,
729 3434 855 3494 quorum
866 3414 988 3475 occulta
999 3415 1283 3492 initiaenunciaret,
1301 3414 1397 3496 majo-

349 3497 360 3530 ‘
376 3521 438 3562 rem
449 3500 567 3580 multo,'
576 3502 665 3580 dixit,
677 3501 850 3562 ‘hominum
860 3521 937 3579 esse,
947 3502 998 3581 qui
1009 3501 1179 3562 scindicem
1190 3503 1331 3564 manibus
1337 3503 1396 3564 suis

379 3665 402 3702 ⁴⁹
417 3665 472 3732 (Dii
492 3669 580 3729 propitii
601 3665 699 3731 ΜΗ)
720 3668 848 3717 ohannis..
888 3667 988 3716 Stimulae
1008 3667 1052 3715 dec
1073 3668 1155 3714 lucum.
1193 3667 1312 3716 Stimulanr
1339 3685 1397 3732 quo-

347 3732 424 3794 eccrr'r]
444 3731 532 3780 Mulier
542 3735 621 3783 timide
640 3733 740 3792 religiosa
756 3748 802 3779 nou
814 3747 855 3778 au·
888 3748 933 3794 que
947 3734 1011 3780 deam
1029 3734 1130 3780 nominat
1141 3734 1293 3795 Augustinus,
1307 3735 1336 3782 dc
1348 3737 1398 3782 Cir.

347 3794 387 3842 det
407 3795 494 3844 Bacchi
514 3800 580 3845 sacris
596 3799 753 3848 ohreoeniratis
775 3807 855 3844 uotam
889 3797 944 3854 Dei,
955 3799 973 3846 l.
983 3812 1016 3846 iv.
1028 3813 1093 3862 capp.
1107 3801 1143 3846 ll.
1155 3809 1180 3846 et
1195 3799 1232 3846 16.
1261 3800 1348 3862 ltaque
1359 3802 1398 3848 hic

347 3858 475 3920 iniungere,
487 3863 537 3910 siue
547 3865 687 3925 praelatione,
704 3881 748 3926 qua
760 3865 855 3912 deorum
889 3879 979 3926 quoque
1002 3863 1063 3911 idem
1084 3863 1184 3912 Stimulae
1204 3877 1292 3914 nomen
1315 3868 1400 3914 admit·

347 3923 404 3973 iram
429 3927 573 3990 deprecetur.
616 3931 669 3976 ldeo
695 3943 748 3976 ante
774 3944 854 3976 vocem
888 3932 983 3977 tendum
994 3929 1224 3978 essecrediderimur.

344 3989 450 4047 ahmin
473 3993 585 4055 premittit
607 3994 668 4042 ilum
690 3994 854 4058 precationem,
918 3995 937 4026 ⁵¹
957 3995 972 4023 ⁶
986 3993 1037 4041 Non
1065 3995 1159 4042 eamdem
1251 3998 1337 4044 taniam
1357 4007 1398 4046 oue

345 4051 624 4185 Dtbp’l'llnlrlcedwgilnilae]
650 4123 784 4186 Suspicatur
804 4122 852 4172 Ge·
883 4058 1069 4188 pggpqpqnpgzl
1087 4057 1262 4172 ultlopmepggiqr
1278 4061 1396 4175 dddldddde

343 4182 419 4232 leuius
434 4187 540 4234 Semelen
553 4187 637 4236 Bacchi
655 4199 752 4236 matrem
764 4192 852 4237 detorta
884 4202 923 4236 tur
950 4190 1001 4246 sibi,
1023 4201 1048 4237 ut
1076 4188 1145 4237 etiam
1174 4191 1247 4248 gratia
1275 4193 1399 4242 habeatur.

343 4249 447 4297 nonnihil
469 4268 522 4300 voce
542 4251 571 4299 ab
595 4254 686 4302 indocto
710 4255 775 4314 vulgo
803 4255 851 4302 dio·
883 4253 977 4318 Nempe
1001 4255 1067 4301 minis
1089 4255 1196 4319 promissa
1219 4257 1321 4305 misoena
1341 4274 1398 4306 eorr-

342 4324 390 4361 tarn
406 4331 458 4364 esre
474 4317 581 4366 Similem.
613 4319 645 4367 At
661 4319 791 4368 scholiastes
805 4319 851 4366 ‹lu-
883 4321 919 4367 sul
940 4321 1016 4367 innuit
1037 4320 1119 4368 fatenti
1143 4337 1189 4368 non
1211 4323 1304 4370 reniam
1330 4326 1401 4372 modo

343 4381 428 4429 venalis
448 4383 475 4430 ad
493 4385 615 4433 arandam
636 4398 744 4448 satyram,
763 4387 792 4434 de
815 4387 851 4432 his
883 4399 982 4449 paratam
998 4401 1060 4448 erae,
1076 4388 1116 4436 sed
1133 4389 1203 4436 etiarn
1218 4387 1311 4439 laudem
1328 4402 1400 4455 atque

342 4448 397 4512 ipsis
438 4447 614 4501 bacchanalibus
646 4467 722 4513 agens,
753 4450 851 4516 appellat
883 4453 1021 4503 mercedem.
