3068 5186
423 353 498 424 Lm.
512 360 669 425 XXXVII.
691 362 773 424 CAP.
788 361 879 422 nvn.
1107 371 1165 428 829

134 519 146 554 ‘
160 518 278 605 oppida
292 518 322 581 in
338 519 477 582 libertate
492 518 628 598 fuissent,
642 518 844 602 pridiequam
860 538 929 581 cum
939 518 1093 582 Antiocho
1105 539 1175 604 rege
1190 530 1222 581 u.
1233 530 1261 580 C.
1270 532 1326 582 563.

136 607 195 668 ‘in
210 606 286 668 Asia
300 616 466 688 pugnaturn
482 603 550 668 est!
585 605 643 668 Pro
659 606 705 667 his
716 626 807 688 quum
822 607 934 688 gratias
949 606 1176 688 egissentRho-
1191 599 1220 646 A.
1232 597 1260 646 Ο·
1275 597 1324 674 ¹⁸9·
1362 666 1369 678 .

139 693 194 772 dii,
209 695 248 754 de
263 691 343 755 Solis
357 693 440 771 urbe,
455 713 520 776 quae
536 692 567 755 in
583 691 693 754 Cilicia
707 704 766 769 est,
777 705 919 774 egerunt:
936 693 1046 776 ‘Argis
1055 705 1087 756 et
1099 693 1178 772 illos,
1190 697 1237 746 son
1246 693 1344 745 citata.

136 781 241 842 ‘sieut
251 800 327 858 sese,
343 778 485 842 oriundos
507 799 582 841 esse.
605 781 644 840 ab
662 800 699 840 ea
717 779 916 861 germanitate
939 780 1101 844 fraternam
1121 780 1178 843 sibi

136 867 233 930 ‘cum
256 867 292 927 iis
315 867 472 928 caritatem
499 885 574 928 esse.
618 865 724 928 Petere
745 866 803 927 hoc
825 867 1095 930 extraordinarium
1110 887 1177 930 rnu-

136 956 147 988 ‘
163 976 232 1033 nus,
246 963 280 1016 ut
296 974 364 1016 eam
379 953 532 1016 civitatem
549 974 587 1016 ex
601 953 746 1016 servitute
762 953 845 1035 regia
856 953 1044 1017 eximerent!
1063 953 1176 1016 ·V0cati

138 1058 210 1104 sunt
221 1041 300 1122 regis
314 1039 459 1103 Antiochi
475 1041 580 1121 legati,
591 1053 767 1122 actumque
783 1059 852 1101 curn
875 1041 912 1102 iis
928 1053 992 1103 ests
1015 1061 1072 1104 nec
1088 1041 1176 1124 quid-

138 1149 229 1212 quam
245 1130 450 1210 impetratum,
474 1137 604 1190 testante
628 1127 743 1189 foedera
756 1125 931 1208 Antipatro,
955 1129 1097 1190 adversus
1113 1150 1178 1210 quae

139 1217 178 1276 ab
193 1214 321 1276 Rhodiis
337 1236 399 1278 non
415 1211 514 1292 Solos,
530 1215 582 1276 sed
599 1212 738 1276 Ciliciam
753 1214 827 1295 peti,
843 1223 874 1274 et
884 1212 960 1295 juga
973 1211 1066 1276 Tauri
1079 1203 1177 1277 trans·

136 1302 238 1363 cendi.
280 1300 441 1364 Revocatis
452 1301 483 1362 in
495 1313 633 1363 senatum
644 1299 782 1376 Rhodiis,
795 1320 898 1380 quurn,
910 1315 1097 1384 quantopere
1109 1316 1177 1364 terr·

137 1387 223 1450 derat
237 1389 352 1468 legatus
367 1389 477 1470 regius,
492 1387 701 1472 exposuissent
709 1385 822 1463 Patres,
835 1385 1011 1468 adjecerunt
1023 1411 1031 1464 ;
1050 1391 1059 1422 ‘
1073 1387 1106 1450 Si
1116 1389 1177 1450 uti-

137 1475 146 1508 ‘
163 1497 222 1556 que
237 1496 306 1537 earn
320 1497 384 1538 renr
400 1475 440 1536 ad
449 1475 578 1536 civitatis
590 1495 649 1535 suae
662 1473 841 1554 dignitatern
854 1463 1003 1554 pertinere
1019 1485 1178 1537 censerent

136 1561 146 1596 ‘
163 1559 287 1640 Rhodii,
302 1574 439 1624 senatum
454 1562 538 1622 omni
553 1561 645 1622 modo
660 1569 901 1642 expugnaturum
918 1560 1115 1642 pertinaciam
1134 1561 1177 1622 le-

137 1647 324 1730 ‘gatorum’
368 1647 448 1710 Turn
462 1665 533 1708 vero
547 1646 711 1728 inpensius,
728 1666 817 1727 quam
834 1655 915 1722 ante,
937 1644 1050 1708 Rhodii
1065 1648 1178 1730 gratias

138 1745 275 1818 egerunt,
300 1754 494 1817 cessurosque
517 1755 548 1795 sc
570 1733 672 1816 potius
698 1731 884 1814 adrogantiae
896 1731 1063 1815 Antipatri,
1086 1754 1177 1816 quarn

140 1843 276 1884 caussam
301 1821 457 1883 turbandae
478 1823 562 1904 pacis
588 1819 776 1903 praebituros,
802 1818 954 1896 dixerunt.
975 1820 1020 1882 ita
1041 1822 1115 1884 nihil
1139 1821 1177 1885 de

139 1907 219 1970 Solis
234 1918 383 1970 mutatum
398 1919 453 1970 est.
674 1963 677 1972 .
766 1909 769 1914 ’

182 1993 277 2057 ῑΝΙΙ.
301 1994 357 2057 Per
373 2015 424 2057 eos
448 1993 523 2072 dies,
547 1994 654 2077 quibus
677 1994 741 2056 hoec
765 2006 853 2075 gesta
875 2006 957 2070 sunt,
982 1994 1076 2076 legati
1091 1991 1177 2056 Mss-

139 2083 304 2145 siliensium
318 2083 502 2144 nunciarunt
511 2091 532 2160 f,
548 2078 604 2144 ‘L.
613 2079 748 2142 Baebium
763 2094 933 2164 praetorern,
949 2081 980 2142 in
993 2080 1178 2164 provinciam

140 2167 347 2252 ‘Hispaniam
375 2169 630 2252 proficiscentem,
661 2168 699 2229 ab
731 2165 890 2249 Liguribus
922 2167 1176 2246 circumventum3

139 2257 150 2290 ‘
165 2277 278 2338 magna
293 2268 379 2338 parte
394 2256 541 2318 comitum
557 2275 642 2332 caesa,
654 2255 844 2316 vulneratum
860 2255 971 2335 ipsum,
983 2274 1052 2315 cum
1064 2256 1178 2337 paucis,

139 2343 149 2375 ‘
165 2343 231 2405 sine
245 2342 409 2421 lictoribus,
421 2340 590 2404 Massiliam
601 2341 779 2424 perfugisse,
792 2353 824 2402 et
839 2341 920 2404 intra
931 2341 1062 2404 triduum
1077 2336 1178 2423 exspi-

136 2429 148 2463 ‘
166 2427 266 2491 rasse!
288 2426 429 2508 Senatus,
445 2449 482 2490 ca
496 2450 528 2490 re
544 2427 657 2506 audita,
670 2427 812 2504 decrevit,
827 2428 890 2489 ‘uti
901 2425 933 2489 P.
942 2427 1050 2490 Junius
1059 2425 1179 2506 Brutus,

138 2517 149 2548 ‘
166 2517 217 2598 qui
228 2526 391 2599 propraetor
406 2517 436 2578 in
447 2514 569 2576 Etruria
579 2524 667 2592 esset,
683 2513 837 2595 provincia
851 2515 1046 2596 exercituque
1062 2514 1179 2576 traditis
1225 2509 1229 2520 '

138 2603 151 2635 ‘
167 2603 230 2680 uni',
243 2601 291 2664 cui
310 2601 471 2680 videretur,
488 2622 525 2662 ex
541 2601 659 2682 legatis,
680 2599 744 2682 ipse
764 2600 795 2660 in
814 2599 987 2662 ulteriorem
999 2599 1179 2684 Hispaniam

140 2689 151 2724 ‘
167 2687 418 2771 proficisceretur,
433 2707 530 2769 eaque
542 2688 569 2748 ei
581 2686 736 2770 provincia
751 2684 851 2748 esset.'
896 2683 966 2748 Hoc
982 2700 1179 2750 senatuscon-

139 2775 253 2838 sultum
268 2773 417 2858 litoraque
432 2796 451 2836 a
466 2772 521 2857 Sp.
530 2771 686 2836 Postumio
711 2783 839 2855 praetore
861 2773 893 2834 in
908 2771 1060 2854 Etruriam
1081 2775 1180 2836 missae

141 2871 232 2924 sunt:
248 2859 459 2946 profectusque
474 2862 505 2922 in
521 2857 703 2943 Hispaniam
718 2872 766 2922 est
782 2855 815 2922 P.
822 2858 931 2922 Junius
943 2873 1118 2945 propraetor.
1144 2861 1180 2923 ln
1194 2853 1302 2912 AEmuti·

140 2948 383 3098 ffiprfflsscit
402 2949 485 3032 prius
511 2948 675 3032 aliquanto,
702 2967 793 3028 quam
818 2967 971 3009 successor
996 2949 1122 3026 veniret,
1145 2946 1180 3010 L.
1193 2932 1314 3044 ἔξω

217 3035 285 3096 ilius
300 3034 432 3114 Paullus,
447 3034 496 3116 qui
511 3045 620 3117 postea
634 3053 737 3116 regem
747 3032 855 3096 Persea
866 3053 979 3114 magna
992 3033 1181 3116 gloriavicit,
1235 3005 1274 3042 ω’

142 3143 235 3204 quum
249 3122 349 3204 priore
373 3141 454 3182 anno
473 3119 554 3182 haud
574 3139 801 3202 prospererem
814 3121 965 3202 gessisset,
985 3119 1181 3182 tumultuario

141 3209 278 3272 exercitu
303 3207 453 3285 conlecto,
480 3207 574 3288 signis
599 3205 728 3267 conlatis
754 3226 821 3267 curn
846 3203 997 3268 Lusitanis
1023 3208 1181 3289 pugnavit.

141 3293 385 3376 Fusitnganque
403 3304 475 3356 sunt
498 3293 609 3356 hostes.
636 3313 712 3354 caesa
738 3291 845 3353 decern
869 3304 900 3355 et
922 3305 993 3355 octo
1014 3294 1110 3355 millia
1132 3314 1182 3355 ar-

139 3391 315 3459 matorum3
342 3381 401 3443 tria
426 3380 522 3442 millia
548 3379 674 3442 trecenti
700 3380 794 3460 capti,
817 3390 848 3441 et
874 3391 973 3441 castra
998 3391 1182 3463 expugrata.

140 3467 241 3552 Hujus
267 3468 399 3530 victoria
421 3466 504 3530 fama
528 3466 748 3548 tranquilliores
784 3465 815 3528 in
842 3463 993 3550 Hispania
1024 3487 1070 3528 rcs
1098 3467 1181 3530 lecit.

141 3555 259 3620 Eodem
276 3575 357 3617 anno
370 3565 442 3616 ante
457 3555 538 3616 diem
554 3551 677 3617 tertium
690 3551 846 3615 Kalendas
865 3551 1027 3616 lanuarias
1040 3551 1180 3616 ⁷1Bono-

141 3645 227 3706 niam
261 3639 410 3703 latinam·
438 3641 589 3703 coloniam
622 3661 661 3702 ex
697 3639 960 3702 senatusconsulto
993 3639 1028 3703 L.
1043 3637 1181 3704 Valerius

143 3729 280 3806 llsccus,
311 3726 356 3789 M.
380 3726 491 3790 Atilius
517 3723 673 3805 Serranus,
702 3717 748 3789 ln*
761 3721 900 3789 Valerius
922 3723 1047 3810 Tappus
1074 3728 1181 3790 trium·

143 3817 200 3880 viri
216 3817 416 3878 deduxerunt.
442 3815 503 3878 tria
525 3813 621 3876 millia
643 3814 800 3876 hominurn
823 3825 894 3876 sunt
916 3813 1068 3876 deductas
1096 3814 1181 3896 equi·

144 3905 226 3966 tibus
252 3912 439 3986 septuagena
457 3899 575 3983 jugera,
601 3901 708 3962 ceteris
734 3900 851 3962 colonis
875 3899 1086 3983 quinquagena
1112 3901 1183 3965 snn't

145 3990 228 4052 data.
282 3991 364 4070 Ager
393 3999 499 4070 captus
530 3987 567 4049 dc
594 3987 690 4050 Gallis
720 3983 803 4050 Boiis
840 3986 958 4049 lirerat:
996 3985 1076 4048 Galli
1104 3985 1181 4070 'l’rrs7
1196 3989 1320 4040 emaum

144 4067 197 4138 cos
226 4079 413 4159 expulerant.
471 4072 590 4138 Eodem
625 4094 706 4138 anno
739 4094 895 4135 censuram
926 4073 1012 4135 multi
1043 4085 1075 4135 et
1110 4075 1181 4138 cluri
1195 4057 1336 4106 ΗΜ·

142 4163 197 4225 viri
213 4165 374 4247 petierunt.
399 4181 465 4245 quae
489 4181 547 4240 res,
572 4173 728 4243 tamquam
751 4163 782 4221 in
807 4181 840 4221 se
861 4181 966 4244 parum
990 4161 1094 4244 anagni
1116 4183 1180 4224 cer·

501 4293 511 4320 ¹
526 4287 684 4334 nunciaverunt
696 4284 771 4333 Gron.
781 4285 848 4334 cm.

175 4379 198 4418 ’1ι
217 4375 335 4426 Mam
353 4375 458 4426 Iatinon
475 4377 649 4424 conniumale·
681 4387 771 4423 tanturn
789 4373 848 4423 larii
865 4375 968 4426 heberet.
1004 4375 1059 4428 Vitl.
1079 4390 1127 4430 nor.
1143 4379 1182 4428 85.

143 4441 265 4506 rlssmsit]
285 4443 381 4491 Duxers
393 4443 521 4490 Bononiam
533 4443 649 4490 c'olonoss
682 4441 709 4490 nl
721 4442 737 4490 l.
750 4451 842 4492 xxxta.
856 4458 876 4494 c.
887 4442 926 4490 53.

143 4511 242 4568 Lerina,
259 4510 291 4559 ita
302 4522 334 4560 ut
345 4509 431 4560 colonia
449 4508 485 4556 illa
503 4507 597 4573 preinde
611 4507 650 4572 jus
