3038 5200
348 359 353 373 '
378 374 419 432 96
500 411 505 422 .
750 357 755 364 '
779 360 864 424 'utut
883 359 986 422 mvn

198 523 359 596 „ttcstn'
375 520 492 586 multun
511 519 650 592 citiorem
677 513 757 580 inter
777 528 895 578 ceteros
914 515 1009 598 cepit,
1032 516 1059 564 ¹⁷
1070 528 1107 578 ut
1120 514 1342 598 specularetur,
1364 534 1447 601 quoe

206 603 349 660 ΝΜ·
376 609 409 672 ἱιι
424 608 498 670 lteva
523 617 611 690 parte
635 624 757 668 suorum
785 602 909 666 fortuma
932 611 1034 664 esset:
1058 600 1181 681 deinde,
1203 611 1371 684 postquam
1387 602 1448 666 fu·

376 715 449 780 gam
475 694 602 756 effrrsem
627 689 854 768 animedvertit,
887 698 920 750 et
949 687 1093 749 ³⁸omnia
1121 688 1206 750 circs
1228 687 1306 770 juga
1337 689 1447 772 signis

145 778 150 785 ’
207 782 316 834 vineant
378 791 470 862 atque
495 778 588 842 erinis
613 771 741 858 fulgere,
763 770 829 836 turn
854 784 887 837 et
907 774 972 857 ipse
990 773 1055 836 scie
1070 775 1212 838 excessit.
1256 773 1445 858 Quinctius,

208 845 317 904 W·
378 885 472 949 quum
498 864 658 928 institisset
683 861 860 932 cedentibus
871 861 890 938 ¹,
914 869 1037 942 repente
1063 860 1136 941 quia
1155 861 1307 942 erigentes
1328 862 1444 926 ussus

358 951 568 1022 ,Macedonas
594 957 807 1030 conspexerat,
830 946 975 1028 quidnam
999 957 1145 1028 pararent
1167 947 1311 1024 incertus,
1344 947 1443 1030 paul·

357 1039 470 1121 ¹lisper
492 1037 627 1110 novitate
651 1035 694 1096 rei
721 1032 883 1094 constituit
907 1033 1020 1113 signat
1054 1027 1178 1110 deinde,
1207 1043 1243 1094 ut
1273 1034 1399 1116 accepit
1413 1044 1443 1073 ¹¹⁸

357 1117 598 1194 ¹huncmorem
616 1141 683 1182 esse
704 1115 912 1192 Macedonum
927 1117 1113 1181 tradentium
1128 1139 1205 1195 sese,
1226 1139 1355 1200 parcere
1369 1120 1440 1182 vic-

344 1199 348 1209 ’
378 1211 418 1271 tis
444 1194 470 1250 ⁴⁰
486 1209 518 1270 in
545 1206 682 1268 animum
708 1199 851 1268 habebat.
906 1202 1049 1267 Ceterum
1072 1205 1113 1266 ab
1143 1204 1255 1285 ignaris
1282 1201 1439 1267 militibus

377 1295 522 1358 omissam
538 1294 577 1354 ab
592 1294 681 1356 hoste
695 1311 841 1374 pugnem,
862 1299 895 1352 et
909 1290 984 1372 quid
998 1291 1164 1373 imperator
1183 1289 1285 1369 vellet,
1308 1291 1436 1373 inpetus

377 1381 410 1444 in
430 1379 555 1444 eosdem
565 1388 580 1417 ²¹
602 1378 712 1456 factus,
734 1386 766 1438 et
781 1376 887 1460 primis
901 1377 997 1454 caesis,
1012 1376 1113 1439 ceteri
1122 1376 1155 1438 in
1171 1375 1275 1458 iugum
1292 1375 1436 1458 dissipati

358 1477 459 1539 ¹sunt.
503 1464 571 1528 Rex
586 1464 682 1526 effuso
704 1483 793 1526 cursu
816 1461 935 1544 Tempe
958 1461 1046 1545 petit.
1070 1525 1074 1536 ,
1090 1461 1136 1524 ibi
1152 1461 1192 1523 ad
1206 1459 1334 1524 Gonnos
1350 1462 1436 1526 diem

359 1547 471 1620 ¹turum
498 1549 633 1612 substitit
659 1549 700 1610 ad
724 1548 933 1630 excipiendos,
962 1547 988 1608 si
1014 1547 1067 1628 qui
1095 1547 1203 1630 proelio
1228 1561 1435 1631 superessent.

358 1705 363 1716 ¹
377 1636 511 1710 Romani
521 1636 652 1698 victores
666 1636 698 1696 in
710 1643 811 1696 castra
821 1634 955 1696 hostium
969 1653 1024 1714 spe
1040 1634 1147 1714 praedae
1158 1634 1301 1698 inruunt:
1325 1655 1434 1700 verum

338 1795 343 1806 ,
379 1745 418 1786 ea
431 1719 544 1804 mag'na
563 1719 630 1802 jam
651 1741 689 1782 ex
703 1730 791 1802 parte
805 1719 924 1802 direpta
948 1720 987 1780 ab
1001 1715 1116 1782 AEtolis
1131 1720 1298 1784 inveniunt.
1344 1719 1435 1784 Caesa

358 1830 414 1880 ,eo
429 1808 479 1870 die
493 1811 521 1847 ⁴⁰
531 1819 603 1870 octo
619 1806 752 1867 hostium
766 1805 873 1883 millia,
895 1806 1029 1886 quinque
1053 1817 1159 1889 capta.
1201 1805 1250 1868 Ex
1264 1807 1432 1871 victoribus

376 1893 560 1977 septingenti
590 1892 685 1954 ferme
715 1890 899 1953 ceciderunt.
955 1886 990 1951 Si
1020 1894 1045 1930 ⁴¹
1062 1887 1186 1956 Valerio
1215 1893 1283 1974 quis
1313 1894 1433 1974 credat,

376 1981 513 2043 omnium
543 1999 643 2040 rerum
672 1976 825 2038 inmodice
853 1996 1014 2040 numemm
1055 1979 1190 2060 augenti,
1224 1978 1433 2062 quadraginta

357 2131 359 2136 ,
375 2065 473 2128 miliia
486 2065 620 2128 hostium
633 2085 671 2136 eo
686 2062 737 2124 die
752 2074 824 2125 sunt
838 2083 935 2141 caesa3
965 2073 1066 2145 capta,
1088 2065 1141 2126 ubi
1156 2064 1324 2127 modestius
1340 2086 1432 2130 men-

360 2151 499 2224 ¹decium
537 2161 594 2229 est,
638 2149 770 2230 quinque
807 2149 906 2210 millia
932 2147 1131 2231 septingenti,
1167 2150 1256 2232 signs
1284 2151 1435 2214 militaria

359 2237 508 2314 ,ducente
520 2257 614 2298 unum
638 2245 670 2297 et
693 2235 904 2316 quadraginta.
948 2238 975 2274 ⁴²
991 2232 1137 2298 Claudius
1164 2257 1283 2318 quoque
1309 2237 1371 2300 duo
1400 2251 1435 2302 et

358 2392 361 2406 1
375 2324 503 2406 triginta
517 2323 614 2386 millia
628 2321 763 2383 hostium
778 2341 855 2383 ctesa
872 2321 986 2398 scribit,
1009 2333 1101 2404 cepta
1112 2335 1254 2403 ‚quatuor
1278 2323 1374 2384 miliia
1399 2337 1433 2388 et

376 2421 540 2472 trecentos.
583 2405 650 2469 Nos
662 2426 724 2468 non
740 2407 867 2469 minimo
882 2407 1075 2489 potissimum
1090 2428 1217 2472 numero
1231 2409 1432 2490 credidimus,

358 2494 430 2556 sed
457 2493 616 2576 Polybium
643 2492 738 2553 secuti
761 2511 875 2570 sumus,
897 2513 959 2554 non
985 2493 1135 2556 incertum
1155 2506 1311 2576 auctorem
1335 2517 1432 2577 quum

339 2579 512 2670 ⁸omnium
527 2577 734 2640 Romanumru
749 2597 861 2655 rerum,
883 2575 948 2640 tuin
963 2580 1125 2662 ,precipue
1144 2581 1175 2643 in
1190 2579 1308 2644 Graecra
1321 2594 1434 2662 gestu·

376 2685 456 2728 rum.

419 2747 477 2812 XI.
498 2749 665 2834 Philippus,
688 2750 835 2814 conlectis
859 2771 897 2812 ex
919 2749 1003 2832 iuge,
1026 2753 1089 2832 qui,
1110 2751 1194 2815 variis
1209 2753 1329 2814 essibus
1347 2773 1438 2836 pug-

358 2857 423 2911 ¹utu
449 2836 599 2920 dissipati,
619 2837 750 2918 vestigia
775 2837 840 2920 ejus
865 2837 961 2898 secuti
988 2836 1118 2918 fuerant,
1139 2839 1294 2921 missisque
1322 2837 1439 2902 loris·

376 2943 443 2984 sam
465 2923 506 2984 ad
532 2923 768 2985 commentarios
794 2924 893 3006 regios
914 2923 1147 3004 comburendos,
1169 2945 1209 2986 ne
1233 2925 1266 2986 in
1291 2924 1436 2988 hostium

375 3008 514 3072 venirent
528 3017 725 3092 potestatem,
748 3011 779 3072 in
804 3008 1020 3071 Macedoniam
1045 3011 1211 3074 concessit.
1252 3010 1433 3091 Quinctius,

375 3096 403 3132 ⁴³
418 3096 547 3177 captivis
575 3093 737 3176 predaque
765 3095 967 3172 venumdatis,
1001 3096 1113 3177 partim
1141 3097 1231 3159 militi
1261 3099 1429 3178 concessis,

375 3175 529 3242 Larissam
555 3188 603 3240 est
627 3179 792 3262 profectus,
814 3180 970 3244 hauddum
985 3182 1059 3243 satis
1072 3203 1195 3264 gnarus,
1218 3202 1311 3264 quern
1327 3184 1429 3265 regio-

206 3263 354 3382 ffluffip·
374 3285 446 3329 nem
470 3267 597 3352 petisset
622 3279 699 3346 rex,
720 3269 830 3348 quidve
856 3276 986 3352 peruret.
1040 3263 1233 3332 Caduceetor
1259 3289 1297 3331 eo
1327 3271 1429 3352 regius

208 3475 289 3576 ἔξω
298 3474 352 3512 mi·
409 3473 549 3526 ¹esdentibus
558 3481 668 3531 unitim
678 3478 835 3533 Gremcmv.
902 3489 921 3514 ¹²
937 3479 1102 3544 occipitGrcn.
1169 3485 1227 3528 neos
1238 3475 1398 3529 Gremcmr.

341 3677 345 3684 ·
409 3646 433 3684 ³⁷
451 3645 483 3698 vt
503 3650 663 3715 mestus]
691 3654 778 3702 Abertt
799 3669 812 3701 ι
831 3653 882 3703 cod.
948 3655 971 3689 ⁴⁰
1003 3651 1057 3701 Otto
1083 3651 1176 3698 hostium
1204 3650 1287 3709 attin,
1317 3646 1430 3712 nequ}

357 3711 592 3777 'Wfiffllwbque
603 3726 681 3767 tamen
692 3717 817 3768 uscmrit
827 3729 882 3768 est:
913 3717 977 3767 Duoe
986 3729 1108 3782 murenas
1123 3729 1191 3764 vocet
1208 3715 1310 3778 adiecta
1329 3721 1386 3764 suut
1400 3728 1433 3762 st

375 3775 573 3828 atomum.
916 3783 1020 3846 Polybio.

353 3863 355 3870 ·
408 3841 432 3876 ³⁸
459 3842 540 3892 onusto
562 3847 623 3894 circo
639 3849 703 3914 jugo
719 3850 795 3914 ἐἰμὴ
819 3855 885 3910 utque
947 3847 969 3881 ⁴¹
989 3844 1086 3914 Valerio]
1100 3845 1201 3903 Antiati,
1216 3844 1245 3893 de
1264 3859 1312 3907 quc
1329 3842 1435 3894 dirim

375 3909 443 3954 omis
450 3907 555 3973 fulgere,
577 3921 625 3959 tum
643 3922 665 3962 et
683 3910 738 3978 ipa]
763 3911 884 3974 ingenim
916 3913 944 3961 td
954 3912 972 3961 1.
986 3925 1027 3961 ιιι.
1039 3926 1061 3960 c.
1072 3915 1097 3960 5.

377 3970 749 4040 Gronoviussutpicaturetmta.
763 3977 885 4040 quoderat
948 3976 972 4011 ⁴⁴
996 3975 1114 4040 cunutus]
1141 3974 1312 4039 intelligendus
1337 3973 1431 4022 ridetur

375 4033 489 4100 Rome,
499 4039 586 4089 iactum
596 4055 648 4091 esse
659 4050 717 4102 taor,
729 4053 754 4090 et
764 4043 796 4091 rie
805 4041 884 4102 legen·
917 4041 1091 4102 omnnem,
1109 4042 1149 4104 qui
1159 4040 1191 4088 ric
1201 4040 1262 4088 nude
1270 4041 1347 4102 janus
1359 4037 1433 4086 livio

377 4101 431 4150 dnm
453 4119 524 4153 esse:
548 4108 878 4169 postquam..onimodosrtit..
916 4106 1025 4156 Claudius
1034 4107 1166 4155 minatus
1183 4115 1230 4165 est,
1243 4103 1262 4154 i.
1274 4115 1335 4153 virt.
1353 4116 1375 4152 c.
1388 4102 1430 4152 19.

349 4169 882 4238 'omniacirsojugos'ffls'sutqueormitfub
915 4169 1122 4221 Vmibtocttt.

375 4229 802 4298 ngomnts‚otipoeoeiuseeatt.
894 4249 898 4256 ’
946 4231 1431 4306 ⁴³Captiuisprednpueobrussrdntt'mttt'·

410 4292 433 4330 ³⁹
448 4293 478 4344 In
492 4300 590 4348 amnuo
605 4298 704 4361 iubebat]
724 4301 771 4350 ste.
790 4300 849 4351 itt.
863 4317 884 4349 c.
917 4301 1035 4350 tmotttu
1049 4301 1159 4364 muttit]
1176 4295 1433 4353 rumorosorum,
1510 4359 1511 4362 Ἴ

348 4367 352 4378 ’
379 4357 419 4406 1⁴·
445 4359 471 4434 ab
494 4369 709 4420 mentemm-
748 4365 780 4414 Et
807 4366 884 4414 let.
918 4365 951 4413 its
968 4364 1270 4428 utprsttnminpubliouur
1280 4363 1436 4425 redigeretur,
1508 4379 1510 4442 q

376 4419 627 4487 turpissume.
668 4427 766 4478 Numero
784 4429 839 4478 uiti
859 4434 886 4479 to
918 4430 1214 4497 pretermittimus.
1508 4445 1510 4492 t

376 4486 532 4556 mutersatt
550 4489 631 4544 *vite
640 4503 663 4544 et
672 4496 755 4544 netad
766 4496 874 4548 xxiva.
1509 4493 1510 4516 ¹
