3136 5196
470 348 550 431 ura.
572 347 732 408 xxxvu.
755 348 837 422 aar.
856 348 912 406 xr.
1061 358 1063 365 ·
1160 350 1219 412 aar

170 513 323 584 ageretur,
347 502 496 566 incertum
520 514 616 582 ructu,
643 524 683 566 an
706 523 780 584 arga
801 523 870 564 suos
896 501 979 564 haud
1001 502 1123 564 sincera
1147 500 1219 578 side,
1233 507 1374 561 U.c.5ta.

169 589 275 650 omnia
301 590 419 671 aperit:
466 590 594 651 classem
625 590 805 651 instructam
834 601 1033 671 paratamque
1048 659 1051 666 Ι
1069 588 1100 648 in
1129 599 1220 670 portu
1233 575 1266 627 Α·
1279 573 1377 624 ⁰³⁹⁰·

170 686 271 736 stare:
303 678 330 713 33
343 675 502 757 remigium
523 696 617 750 ,omne
632 673 827 756 Magnesiam
851 675 892 736 ad
912 673 1049 758 Sipylum
1071 675 1217 734 missumr

170 779 337 842 perpaucas
353 783 444 824 naves
458 761 623 836 subductas
640 782 716 838 esse,
727 765 754 799 ³⁴
765 772 798 822 et
812 761 932 822 navalia
947 761 1027 842 tegis
1051 780 1219 840 numquam

170 847 317 909 intentius
344 868 407 910 rem
433 847 571 908 navalem
597 847 842 909 administratam
869 869 947 910 esse.
1007 845 1081 908 Haec
1105 867 1143 906 nc
1164 867 1220 927 pro

169 933 247 996 veris
278 931 462 1011 audirentur,
489 934 608 996 animus
633 953 732 996 errore
757 945 789 995 et
811 953 866 1016 spe
890 955 969 996 vana
992 945 1219 1016 praeoccupatus

170 1018 277 1082 lecit.¹
312 1019 524 1104 Polyxenidas,
555 1019 628 1082 sutis
659 1020 799 1082 omnibus
830 1021 1026 1102 comparatis,
1055 1033 1146 1080 nocte
1163 1039 1219 1078 rc·

169 1105 252 1186 mige
277 1127 297 1167 a
317 1105 481 1186 Magnesia
511 1105 667 1184 arcessito,
692 1106 894 1188 deductisque
921 1107 1044 1188 raptim,
1060 1126 1126 1186 quae
1148 1105 1219 1164 sub-

170 1191 271 1254 ductae
294 1204 392 1270 erant,
414 1193 552 1270 navibus,
567 1194 594 1232 33
608 1212 700 1272 quum
725 1193 807 1254 diem
834 1213 896 1254 non
921 1204 985 1254 tam
1014 1193 1047 1252 in
1072 1191 1220 1272 adparatu

171 1277 377 1356 absumsisset,
407 1299 500 1359 quam
538 1279 621 1358 quod
650 1279 786 1360 conspici
817 1279 1061 1358 proficiscentem
1091 1277 1219 1337 classem

168 1363 318 1441 nolebat3
353 1375 424 1445 post
447 1365 518 1426 solis
543 1384 686 1426 occasum
709 1363 863 1447 profectus
885 1365 1080 1446 septuaginta
1095 1363 1219 1424 navibus

172 1449 274 1526 tectis,
300 1460 392 1512 vento
422 1451 559 1527 adverso,
589 1461 659 1510 ante
690 1451 787 1511 lucem
814 1448 927 1532 Pygela
956 1460 1078 1531 portum
1109 1449 1218 1510 tenuit.
1231 1461 1386 1512 Eumincau·

170 1535 222 1596 ubi
245 1555 339 1616 quurn
364 1536 498 1598 interdiu
521 1536 562 1596 ob
585 1534 725 1596 eamdem
749 1555 887 1598 caussam
913 1535 1055 1616 quiesset,
1070 1545 1163 1596 nocte
1186 1534 1217 1594 in
1231 1538 1282 1606 ²¹¹‚m
1293 1527 1369 1592 obpri-

171 1621 313 1702 proxima
340 1619 449 1684 Samiae
474 1638 561 1684 terra
592 1620 723 1703 trajecit.
786 1620 869 1683 Hinc
895 1617 1053 1682 Nicandro
1084 1619 1218 1701 quodam
1230 1605 1281 1642 ¹²¹³·

169 1706 354 1790 archipirata
375 1707 508 1788 quinque
520 1718 542 1746 ¹³¹
557 1708 683 1769 navibus
705 1708 795 1770 tectis
810 1707 983 1770 Palinurum
1000 1705 1088 1788 jusso
1102 1718 1218 1789 petere,

168 1802 262 1874 atque
278 1793 349 1856 inde
365 1805 510 1871 annates,
526 1815 586 1875 qua
601 1793 772 1876 proximum
788 1813 842 1876 per
865 1813 954 1874 agros
977 1794 1035 1854 iter
1054 1805 1144 1871 esset,
1160 1791 1218 1854 Pa-

170 1898 313 1940 normurn
333 1880 376 1941 'ad
403 1891 523 1961 tergum
551 1881 686 1942 hostium
715 1881 837 1958 ducere,
868 1881 933 1962 ipse
963 1880 1097 1957 interim,
1123 1880 1220 1941 classe

172 1964 277 2044 divisa,
293 1978 328 2028 ut
346 1986 386 2027 ex
407 1977 535 2048 utraque
550 1979 637 2048 parte
652 1965 754 2028 lauces
769 1977 875 2047 portus
893 1977 1021 2043 teneret,
1036 1963 1220 2026 Panorrnum

174 2051 266 2132 petit.
317 2050 517 2114 Pausistratus
541 2052 651 2134 primo,
679 2064 713 2112 ut
742 2052 773 2112 in
804 2073 836 2112 re
865 2052 1058 2133 necopinata,
1083 2052 1223 2112 turbatus

161 2157 348 2219 pammper,
360 2138 472 2200 deinde
483 2149 574 2200 retus
589 2138 687 2216 miles,
699 2138 838 2199 celeriter
853 2138 996 2198 conlecto
1012 2137 1126 2214 auimo,
1142 2147 1223 2198 terra

149 2219 282 2285 'melius
304 2223 411 2302 arceri,
426 2244 518 2305 quam
542 2224 630 2302 mari,
645 2224 748 2285 hostes
769 2243 858 2304 posse
883 2237 976 2301 ratus,
992 2235 1127 2284 armatos
1142 2223 1219 2285 duo·

172 2309 228 2372 bus
254 2309 425 2390 agminibus
456 2309 496 2370 ad
525 2310 745 2391 promontoria,
769 2329 835 2391 quae
861 2309 1003 2370 cornibus
1026 2308 1155 2390 objectis
1182 2310 1223 2370 ab

170 2395 236 2458 alto
262 2407 384 2476 portum
410 2394 538 2473 faciunt,
565 2396 666 2458 ducit:
697 2395 769 2456 inde
796 2397 885 2457 facile
901 2399 927 2435 33
943 2395 1011 2456 telis
1037 2395 1223 2477 ancipitibus

173 2479 295 2542 hostem
323 2482 526 2542 submoturus.
556 2481 589 2543 id
614 2482 769 2563 inceptum
796 2480 860 2563 ejus
875 2483 901 2527 ⁸7
916 2477 1071 2542 Nicander
1097 2502 1117 2542 a
1143 2491 1226 2543 terra

170 2566 279 2627 visus¹¹
295 2585 387 2646 quum
410 2568 572 2645 turbasset,
588 2579 856 2650 repente‘mutato
877 2566 1016 2645 consilio,
1033 2587 1124 2628 naves
1147 2587 1223 2628 con·

173 2651 321 2713 scandere
351 2673 457 2714 omnes
483 2650 582 2733 jubet.
648 2651 730 2714 Tum
760 2674 831 2715 vero
862 2653 969 2734 ingens
999 2653 1112 2735 pariter
1141 2654 1224 2714 mili-

173 2748 240 2799 turn
266 2748 486 2820 nautarumque
513 2738 677 2820 trepidatio
703 2751 782 2816 orta,
810 2751 842 2800 et
866 2740 950 2802 velut
976 2737 1049 2821 fuga
1072 2741 1107 2816 in
1132 2761 1224 2802 naves

175 2823 252 2902 fieri,
278 2843 371 2904 quum
396 2845 429 2884 se
460 2825 536 2886 mari
563 2837 704 2906 terraque
734 2825 824 2886 simul
854 2837 1013 2888 cernerent
1037 2827 1224 2888 circumven-

174 2921 234 2972 tos.
271 2959 274 2968 .
300 2909 513 2990 Pausistratus,
537 2931 630 2972 unam
655 2913 736 2973 viam
762 2912 868 2973 salutis
898 2933 963 2973 esse
991 2924 1083 2990 retias,
1113 2913 1138 2973 si
1161 2913 1223 2974 vim

173 2995 274 3057 facere
299 3017 354 3078 per
379 2995 481 3058 lauces
508 3009 625 3079 portus,
652 3008 743 3077 atque
774 3017 932 3078 emmpere
962 2998 994 3058 in
1023 3019 1108 3060 marc
1136 3017 1223 3079 aper·

174 3091 241 3142 tum
255 3092 369 3164 posset,
384 3093 545 3164 postquam
571 3083 785 3144 conscendisse
808 3103 879 3144 suos
901 3083 987 3161 vidit,
1008 3084 1091 3163 sequi
1115 3084 1225 3144 ceteris

171 3165 275 3248 jussis,
290 3169 355 3250 ipse
376 3169 518 3251 princeps
537 3169 693 3230 concitata
713 3189 789 3230 nave
811 3169 901 3230 remis
922 3169 962 3230 ad
986 3170 1097 3230 ostium
1118 3181 1227 3250 portus

174 3253 285 3316 tendit.
343 3251 545 3336 superantem
571 3252 639 3335 jam
665 3255 767 3316 faisses
796 3275 905 3316 navem
933 3253 998 3336 ejus
1023 3254 1228 3338 Polyxenidas

369 3385 636 3450 ”sumqra'nqneorom
648 3387 719 3436 Cres.
851 3385 1030 3435 'naemGrom
1097 3401 1103 3408 ·

214 3491 237 3527 ³³
254 3491 318 3542 Rem'
337 3496 382 3542 'um
403 3509 464 3542 onas
492 3491 628 3559 Magnesiam
653 3497 683 3543 ud
749 3491 814 3542 ³⁴Et
831 3496 920 3542 naualia
936 3493 993 3560 tege]
1011 3495 1059 3551 An,
1075 3505 1139 3543 tectu
1156 3507 1239 3546 nara.

174 3553 277 3620 Sipylum
294 3575 316 3606 m
361 3559 395 3624 m]
421 3557 534 3607 Obserrat
553 3559 683 3608 Glareanus
715 3559 773 3608 lium
784 3560 865 3608 refici?
904 3559 1015 3622 Sedquld
1031 3561 1140 3608 adrem?
1176 3559 1226 3609 Hic

173 3621 318 3683 Magnesiam
332 3625 367 3670 sd
393 3622 499 3688 Sipylum
523 3626 608 3672 urbem
633 3639 683 3674 esse
716 3625 799 3688 aliquid
811 3626 960 3676 videturesse
971 3637 1112 3688 corruptum.

173 3689 374 3744 mediterrmsun,
391 3705 443 3751 quse
461 3689 551 3751 longius
572 3690 631 3738 absit
654 3690 683 3738 ab
748 3689 876 3754 ³?'Quum
888 3689 956 3752 diem]
980 3691 1061 3738 Ouum
1076 3693 1226 3738 diemtotum

174 3750 272 3817 Epheso
287 3765 311 3801 st
329 3753 356 3800 ab
374 3755 439 3811 mari,
447 3769 514 3818 quam
527 3763 554 3802 ut
567 3770 595 3802 eo
606 3755 683 3804 videa·
716 3756 826 3813 triv¹sset,
839 3771 885 3804 non
896 3770 943 3804 tarn
956 3757 1006 3818 qula
1018 3755 1062 3804 hoc
1073 3759 1169 3819 spatium
1181 3771 1224 3804 ne·

173 3827 215 3865 tar
225 3817 279 3865 satis
291 3821 408 3868 commode
417 3820 514 3879 remiges
525 3821 624 3879 coegisse
637 3822 684 3868 Po·
717 3821 891 3869 cessarium-illi
906 3821 981 3869 suern
999 3822 1025 3867 ad
1041 3834 1173 3885 apparatum
1190 3821 1229 3869 rai

164 3881 302 3946 tyxsntda.
340 3883 445 3932 Omnino
454 3895 558 3948 suspecta
568 3897 622 3933 sunt
633 3887 685 3933 hec
717 3885 880 3948 aggrediendae,
890 3901 957 3948 quam
969 3885 1085 3948 quod...

175 3947 246 3995 verba
263 3950 293 3994 ud
314 3947 424 4012 Sipylum,
445 3960 552 4011 tanquam
573 3950 685 4010 glossema
749 3949 862 3998 3333’Τεὶίε
876 3947 1018 4014 ancipitibus]
1036 3947 1099 3998 Telis
1116 3950 1142 3996 ab
1159 3961 1224 3997 utro·

176 4011 280 4059 additum
299 4013 327 4059 ab
347 4014 455 4078 imperito
468 4015 553 4076 'aliquo
575 4016 685 4063 emenda·
718 4031 762 4078 que
778 4017 941 4078 promontorio,
956 4032 969 4062 a
984 4017 1064 4063 dextra
1080 4014 1182 4062 simulet
1193 4014 1224 4062 si·

176 4087 238 4134 nore,
251 4076 289 4139 qui
306 4078 441 4138 ignoraverit
454 4080 524 4128 fuisse
542 4079 684 4141 Magnesiam
717 4081 796 4139 natm,
810 4081 949 4144 impetituris
965 4081 1058 4129 hostem
1076 4081 1227 4128 accedentem

175 4141 205 4189 ad
222 4141 378 4200 Maeandrum,
394 4145 523 4206 propiorem
540 4143 641 4209 Epheso,
654 4147 684 4194 ds
717 4145 744 4193 ad
756 4155 855 4208 portum.

176 4203 273 4268 quahic
289 4207 452 4272 proculdubio
469 4209 631 4270 intelligendus
648 4223 683 4260 est
749 4209 770 4246 ⁸⁷
783 4208 896 4258 ll'icuuder
912 4219 1001 4274 eterra
1018 4210 1087 4274 maus]
1116 4207 1162 4257 Pro
1179 4209 1226 4259 hac

174 4271 263 4322 Urius.
298 4273 334 4322 Eo
344 4273 413 4321 nobis
422 4273 508 4323 facilius
519 4275 642 4339 probamus
652 4274 685 4323 τὰ
716 4273 815 4324 lectione
824 4285 884 4322 stant
893 4275 939 4322 duo
948 4290 961 4322 e
969 4275 1039 4322 MSS.
1056 4275 1225 4333 Hearniimos·

175 4336 208 4384 ud
226 4333 328 4400 Sipylum
345 4337 442 4386 insiticia
459 4355 517 4396 esse,
531 4342 589 4402 quod
607 4340 684 4388 bisin
716 4339 855 4398 terVictor.
872 4349 896 4386 et
910 4340 1047 4402 antiquiores
1063 4341 1125 4388 editi.
1157 4340 1225 4392 Male

175 4401 222 4448 hac
240 4401 286 4463 ipsa
304 4402 434 4452 uenatione
445 4403 564 4470 Magnesia
579 4407 685 4456 uomina·
717 4404 811 4454 omnino
822 4405 961 4456 recentiores
972 4422 987 4454 a
998 4415 1058 4456 terra
1068 4409 1151 4456 missu.

133 4531 140 4542 .
175 4475 217 4516 tur
227 4465 277 4516 sins
287 4467 448 4522 additamento.
