3026 5164
336 323 412 422 '412
780 356 865 416 mm
885 355 985 416 mvu

234 527 265 578 c,
276 529 331 579 566.
353 515 365 548 ‘
379 526 432 578 aut
448 514 556 598 aliquis
572 535 611 577 ex
625 513 851 595 magistratibus
866 513 939 576 6⁴ad
954 513 1135 576 concionem
1151 523 1303 589 vocasset,
1322 511 1400 574 forte

229 593 258 642 ⁰·
271 593 325 644 ¹⁸⁶·
353 603 494 666 ‘temere
518 609 603 664 coire
628 601 838 663 ⁶⁵voluerunr=
863 615 905 677 et,
928 602 1111 682 ubicumque
1127 599 1295 662 multitudo
1310 613 1401 677 esset,

353 691 364 723 ‘
378 691 420 752 ibi
432 701 464 753 et
473 691 641 772 legitimum
652 699 800 750 rectorem
811 688 1013 754 multitudinis
1023 688 1190 750 censebant
1199 687 1314 748 debere
1323 707 1400 749 esse.

352 777 364 810 ‘
379 777 491 849 Quales
506 778 638 859 primurn
653 789 819 836 nocturnos
835 788 943 852 coetus,
960 775 1070 837 deinde
1084 775 1278 857 promiscuos
1293 774 1400 835 mulie-

254 917 257 926 .
280 919 282 924 .
353 865 363 898 ‘
379 886 445 926 rum
461 886 498 927 ac
508 864 651 941 virorum,
667 883 732 924 esse
744 862 885 924 creditis?
911 860 956 939 Si,
971 864 1079 943 quibus
1091 863 1231 924 aetatibus
1241 861 1400 922 initientur

353 950 364 985 ‘
379 971 488 1030 mares,
503 951 617 1028 sciatis,
631 969 694 1012 non
709 949 852 1013 misereat
865 971 919 1012 vos
930 970 1035 1011 eorum
1047 950 1155 1027 solum,
1169 949 1224 1011 sed
1236 949 1334 1010 etiam
1345 968 1400 1030 pu·

353 1039 461 1101 ‘deat
504 1035 574 1100 Hoc
597 1049 789 1099 sacramento
814 1036 952 1099 initiatos
971 1036 1098 1118 juvenes
1113 1036 1226 1098 milites
1241 1035 1400 1096 faciendos

352 1125 364 1160 ‘
377 1125 519 1203 censetis,
529 1124 679 1196 Quirites?
696 1125 733 1186 iis
743 1145 781 1186 ex
789 1125 934 1186 obscoeno
943 1123 1075 1185 sacrario
1086 1124 1204 1185 eductis
1215 1142 1304 1185 arma
1314 1141 1400 1184 eom-

351 1212 363 1246 ‘
379 1201 549 1275 mittenda?
568 1213 610 1290 hi,
622 1212 759 1294 cooperti
780 1211 889 1293 stupris
904 1212 966 1272 suis
981 1210 1156 1294 alienisque,
1176 1231 1234 1293 pro
1250 1208 1401 1292 pudicitia

353 1300 363 1331 ‘
378 1299 543 1382 conjugum
558 1319 594 1360 ac
610 1298 773 1360 liberomm
786 1309 953 1360 vestrorum
968 1298 1049 1360 ferro
1064 1296 1253 1360 decernenti

395 1384 481 1448 XVl.
497 1383 624 1447 ‘Minus
638 1398 743 1448 tamen
755 1396 844 1463 esset,
855 1386 880 1447 si
897 1385 1019 1466 flagitiis
1033 1395 1152 1446 tantum
1168 1383 1342 1446 effeminati
1353 1383 1399 1446 fo-

353 1474 364 1509 ‘
379 1484 460 1550 rent,
475 1473 621 1555 (ipsorum
632 1473 664 1536 id
674 1493 787 1556 magna
794 1492 833 1534 ex
844 1483 930 1556 parte
942 1471 1073 1534 dedecus
1084 1471 1163 1552 eret)
1183 1471 1398 1532 siacinoribus

352 1561 363 1596 ‘
378 1581 495 1638 manus,
508 1572 641 1622 mentem
652 1559 834 1622 airaudibus
844 1559 1067 1621 abstinuissent,
1088 1556 1266 1639 Numquam
1277 1569 1399 1620 tantum

353 1648 364 1681 ‘
378 1647 491 1708 rnalurn
502 1648 533 1708 in
543 1647 696 1729 republica
705 1647 771 1724 luit,
781 1667 837 1708 nec
847 1647 886 1708 ad
895 1647 1006 1729 plures,
1014 1667 1072 1707 nec
1082 1645 1121 1707 ad
1133 1645 1221 1727 plura
1231 1645 1399 1728 pertinens.

353 1735 364 1768 ‘
379 1734 525 1816 quidquid
537 1734 678 1796 hisannis
690 1733 826 1811 libidine,
838 1733 986 1817 quidquid
997 1733 1112 1811 fraude,
1122 1732 1273 1814 quidquid
1285 1733 1397 1794 scelere

354 1821 364 1855 ‘
379 1833 539 1904 peccatum
549 1832 649 1899 est,ex
656 1821 781 1883 illouno
790 1821 922 1882 sacrario
932 1821 1043 1882 scitote
1051 1831 1151 1882 ortum
1161 1841 1237 1881 esse.
1254 1817 1396 1881 Necdum

354 1908 365 1943 ‘
381 1908 495 1987 omnia,
507 1909 539 1969 in
549 1929 615 1990 quae
630 1906 872 1989 conjuraverunt,
895 1907 980 1970 edita
993 1906 1130 1968 facinora
1145 1907 1272 1969 habent.
1297 1906 1396 1968 adhuc

354 1995 501 2077 ‘privatis
517 1996 627 2073 noxiis,
642 1995 714 2076 quis
728 1995 862 2057 nondum
872 1995 912 2057 ad
928 1994 1144 2077 rempublicam
1161 1994 1394 2076 obprimendam

353 2082 364 2114 ‘
380 2083 453 2144 satis
468 2082 575 2144 virium
587 2094 644 2160 est,
657 2081 828 2164 conjuratio
844 2103 909 2144 sese
922 2082 1006 2164 inpia
1017 2094 1112 2144 tenet.
1128 2081 1240 2143 crescit
1254 2091 1288 2142 et
1302 2082 1394 2164 serpit

353 2170 364 2203 ‘
380 2169 518 2250 quotidie
533 2170 657 2232 malum.
673 2172 699 2208 ⁶⁶
706 2161 772 2250 jam
785 2168 882 2252 majus
892 2181 950 2247 est,
962 2189 1053 2250 cluam
1066 2179 1102 2230 ut
1115 2189 1224 2250 capere
1234 2168 1266 2229 id
1279 2169 1396 2250 privata

353 2256 365 2288 ‘
380 2257 501 2318 fortuna
510 2257 607 2339 possit
620 2279 628 2319 τ
646 2255 684 2318 ad
694 2277 843 2318 summum
856 2256 1074 2338 rempublicam
1085 2267 1213 2336 spectat.
1240 2253 1310 2316 Nisi
1322 2277 1396 2338 prae-

354 2343 364 2376 ‘
380 2343 654 2421 cavetis,Quirites,
661 2341 727 2425 jam
737 2343 806 2404 huie
817 2343 939 2421 diomae,
945 2343 1079 2424 legitime
1090 2342 1128 2403 ab
1138 2343 1262 2404 consule
1271 2357 1396 2420 vocata,

353 2430 364 2462 ‘
379 2452 434 2514 par
442 2443 592 2492 nocturna
600 2431 708 2492 concio
718 2451 784 2493 esse
790 2431 914 2514 poterit.
924 2451 1005 2491 nunc
1015 2430 1058 2491 illi
1064 2451 1117 2491 vos
1124 2429 1396 2511 singuliuuiversos

353 2517 364 2549 ‘
379 2518 595 2580 concionantes
607 2519 732 2579 timent:
750 2517 827 2599 jam,
847 2518 898 2578 ubi
919 2539 973 2578 vos
985 2517 1093 2599 dilapsi
1106 2517 1215 2578 domos
1231 2529 1263 2579 et
1278 2517 1310 2578 in
1325 2538 1394 2580 rura

354 2604 365 2635 ‘
380 2617 480 2666 vestra
490 2606 584 2684 eritis,
599 2605 643 2666 illi
653 2604 793 2681 coierint,
805 2605 1022 2666 consultabunt
1037 2605 1075 2666 de
1085 2625 1140 2664 sua
1149 2604 1246 2666 salute
1255 2605 1343 2666 simul
1356 2626 1393 2666 ac

352 2689 642 2775 ‘vestrapcmicie;
668 2703 732 2753 trun
757 2693 884 2774 singulis
898 2691 983 2753 vobis
997 2691 1126 2752 universi
1149 2691 1272 2752 timendi
1290 2703 1388 2754 erunt.

354 2776 365 2810 ‘
379 2777 494 2861 Optare
507 2778 601 2860 igitur
615 2779 819 2860 unusquisque
830 2781 965 2841 vestrum
981 2778 1083 2857 debet,
1097 2789 1133 2839 ut
1144 2780 1222 2840 bona
1233 2799 1314 2840 mens
1324 2781 1387 2840 suis

353 2865 363 2896 ‘
379 2867 519 2928 omnibus
535 2866 634 2927 luerit.
667 2863 699 2926 si
715 2886 805 2949 quem
821 2865 924 2944 libido,
940 2866 964 2926 si
985 2865 1066 2927 liuor
1082 2865 1112 2926 in
1135 2865 1218 2928 illum
1239 2864 1388 2947 gurgitem

354 2951 364 2984 ‘
379 2949 649 3037 abripuit,illorum
657 2973 737 3031 eum,
750 2973 819 3014 curn
829 2953 935 3035 quibus
947 2953 978 3013 in
985 2952 1229 3034 omnellsgitium
1238 2965 1267 3013 et
1275 2952 1392 3013 facinus

353 3038 364 3070 ‘
379 3039 558 3122 conjuravit,
568 3059 629 3102 non
639 3059 726 3100 suum
733 3039 852 3122 judicet
863 3061 939 3101 esse.
961 3037 1010 3101 Ne
1018 3039 1085 3121 quis
1097 3040 1190 3101 etiam
1202 3059 1302 3102 errore
1309 3039 1392 3100 laba·

355 3125 366 3160 ‘
381 3137 440 3205 tur,
450 3129 582 3189 vestrllm
593 3146 712 3209 quoque
722 3147 783 3188 non
796 3147 863 3189 suns
875 3147 1007 3188 securus.
1023 3125 1100 3187 nihil
1116 3127 1198 3188 enim
1215 3126 1395 3208 inspeciem

353 3212 364 3247 ‘
379 3213 518 3276 fallacius
533 3227 591 3291 est,
603 3235 694 3295 quam
710 3235 803 3296 prava
814 3213 931 3295 religio.
965 3211 1027 3274 Ubi
1041 3212 1177 3275 Deorum
1191 3232 1303 3274 nunren
1320 3234 1395 3295 pras·

354 3300 365 3332 ‘
380 3302 516 3366 tenditur
524 3301 697 3376 sceleribus,
707 3301 1038 3378 subitanimumtimor,
1045 3321 1082 3361 ne
1093 3299 1250 3362 fraudibus
1257 3301 1396 3362 humanis

355 3387 365 3419 ‘
380 3389 568 3452 vindicandis
586 3388 677 3449 divini
684 3385 761 3467 juris
772 3388 885 3469 aliquid
895 3388 1055 3448 inmixtum
1072 3387 1228 3448 violemus.
1267 3378 1336 3449 Hac
1347 3409 1397 3448 ros

354 3474 365 3506 ‘
381 3476 527 3556 religione
538 3475 770 3536 innumerabilia
781 3475 905 3536 decreta
919 3472 1109 3556 pontificum,
1120 3475 1396 3552 senatusconsulta,

354 3562 365 3593 ‘
381 3563 551 3645 aruspicum
558 3562 981 3643 deniqueresponsalibcrant.
993 3559 1120 3630 Quoties
1127 3562 1315 3644 hoepatrum
1325 3582 1395 3623 aro·

355 3653 365 3680 ‘
382 3670 506 3731 rumque
517 3661 605 3710 aetate
615 3651 772 3730 negotium
783 3661 830 3710 est
842 3649 1190 3729 magistratibusdaturn,
1199 3662 1235 3710 ut
1246 3670 1335 3710 sacra
1343 3670 1396 3710 ex·

355 3736 365 3767 ‘
382 3748 469 3797 terna
478 3735 697 3813 fierivetarent‚
706 3735 890 3797 sacrificulos
900 3747 1043 3815 uatesque
1054 3734 1131 3813 fore,
1140 3736 1235 3814 circo,
1244 3739 1319 3798 urbe
1329 3757 1399 3819 pro-

354 3822 365 3854 ‘
381 3824 530 3902 luberent,
544 3824 692 3886 vaticinos
702 3823 794 3884 libros
806 3823 1017 3903 conquirerent
1032 3823 1315 3905 comburerentque,
1331 3843 1400 3884 om-

189 526 224 578 U.

187 595 219 646 A.

385 4045 686 4119 6⁴:ldconcionemriocrrrret]
699 4057 769 4105 Aliud
776 4067 814 4114 est,
824 4057 860 4104 in·
893 4056 1409 4119 ardumum:manifemomendaquodredar-
1507 3977 1509 4110 l

354 4125 405 4186 quit
417 4125 477 4170 idem
491 4123 588 4179 Gellius,
605 4124 620 4170 l.
636 4137 697 4172 xrrr.
716 4140 738 4171 cr
760 4125 795 4170 15.
811 4139 862 4170 cum
893 4131 968 4183 gaunt
979 4135 1003 4168 et
1015 4123 1130 4170 vetustius
1141 4123 1198 4178 cusi,
1208 4137 1232 4169 er
1243 4127 1316 4170 codex
1327 4122 1392 4173 vict.

352 4188 791 4251 pontuagerentmlcancunanmoac.
804 4186 861 4234 Num
925 4186 1009 4234 ⁶⁶er
1030 4191 1101 4251 neojur
1122 4197 1162 4245 est,
1187 4205 1253 4249 prtum
1273 4197 1301 4234 at
1327 4205 1406 4248 cem

354 4269 404 4300 cunr
413 4255 494 4316 populu
510 4271 583 4317 cgere,
597 4265 626 4301 est
637 4269 715 4330 rogum
728 4255 782 4316 quid
792 4270 861 4314 popu.
894 4253 918 4298 id
938 4255 1025 4314 privetu
1040 4257 1138 4318 sorluuc
1159 4251 1233 4313 ptuit]
1255 4253 1306 4300 ism
1329 4253 1405 4316 majus

355 4319 862 4386 trem,guodsnffingiissuisynbcnt‚astrueret:
895 4331 1018 4381 est,quarn
1041 4332 1065 4366 ut
1085 4319 1222 4382 privatorum
1242 4331 1334 4366 tentum
1353 4321 1404 4366 sor-

355 4387 475 4431 nnuinran
491 4394 564 4430 utilem
576 4385 661 4442 taber-r,
672 4393 703 4430 est
713 4385 775 4432 verim
783 4385 864 4449 jacere
895 4387 957 4432 turris
975 4385 1128 4435 convellendis
1142 4401 1167 4433 ac
1179 4385 1342 4435 labefactandi!
1354 4401 1406 4434 seso

355 4451 386 4495 uri
396 4450 499 4509 papulum
509 4451 553 4496 siue
561 4451 610 4495 ulla
620 4453 740 4512 rogutirme.
896 4453 1022 4502 contineor.

388 4511 410 4548 ⁶⁵
426 4513 555 4575 l'oluerturt]
583 4515 736 4564 Gronoviunre
750 4517 862 4566 editiones
