3026 5164
354 407 412 464 435
772 393 859 463 'Tth
880 403 979 463 len

195 606 218 653 U
240 607 260 656 c
279 607 334 659 503·
358 563 491 646 captivos
503 561 657 624 vendidit:
682 563 785 646 quieta
800 559 909 622 deinde
926 559 1052 622 hiberna
1067 571 1098 620 ct
1113 557 1237 621 citerior
1253 555 1403 641 provincia

197 641 269 719 alc:
281 672 332 718 184.
361 651 476 712 babuit.
521 647 645 712 Veteres
661 659 814 731 praetores,
836 647 874 709 C.
890 647 1070 732 Calpurnius
1087 643 1156 708 Piso
1172 655 1203 706 et
1227 643 1262 705 L.
1289 641 1402 713 Quinc-

195 735 330 815 'ratusque
362 738 433 815 tius,
452 737 583 798 Romam
599 736 762 797 redierunt.
778 735 894 816 utrique
910 754 1023 818 magno
1040 731 1162 796 Patrum
1178 749 1333 793 consensu
1348 731 1400 792 tri·

196 802 492 907 deH‘’1'²¹¹²⁸·umplrus
515 835 562 885 est
584 821 732 884 decretus.
777 821 861 894 Prior
887 819 923 882 C.
947 821 1128 904 Calpurnius
1144 818 1182 880 de
1198 815 1357 879 Lusitanis
1375 829 1403 880 rt

277 935 280 947 ⁴
363 908 522 971 Celtiberis
538 907 745 994 triumphavit.
761 929 888 990 coronas
902 929 1006 974 aureas
1021 907 1092 969 tulit
1106 907 1267 987 octoginta
1288 915 1363 981 tres,
1375 915 1403 965 et

363 995 390 1036 ⁵⁸
402 995 563 1060 duodecim
574 995 670 1057 millia
680 995 784 1080 pondo
796 996 923 1076 argenti.
946 993 1060 1056 Paucos
1072 1003 1141 1076 post
1155 991 1220 1054 dies
1237 989 1274 1053 lr.
1292 990 1404 1060 Quinc·

363 1081 422 1145 tius
441 1080 596 1165 Crispinus
608 1094 650 1144 'cx
666 1081 772 1144 iisdem
788 1079 946 1154 Lusitanis
965 1077 1181 1164 Celtiberisque
1196 1075 1407 1160 triumpharit.

363 1169 551 1232 tantumdem
579 1169 641 1230 auri
667 1179 757 1250 atque
784 1169 900 1253 argenti
920 1169 950 1230 in
975 1187 1012 1230 eo
1037 1163 1191 1248 triumpho
1214 1164 1407 1227 translatum.

364 1253 522 1333 Censores,
545 1253 592 1316 bl.
608 1254 730 1316 Porcius
745 1267 776 1316 et
797 1253 831 1324 L.
854 1253 1004 1332 Valerius,
1027 1265 1108 1315 metu
1133 1253 1231 1318 mixta
1244 1259 1407 1334 exspecta·

364 1337 458 1421 tione,
473 1354 611 1404 senatum
627 1342 784 1424 legerunt:
807 1353 923 1424 septem
940 1351 1097 1405 movemut
1112 1349 1228 1400 senatu.
1244 1335 1406 1423 exquibus

363 1449 455 1492 unum
482 1428 630 1510 insignem
658 1441 688 1490 et
713 1422 872 1489 nobilitate
899 1441 930 1489 et
956 1427 1131 1504 honoribus,
1164 1424 1199 1486 L.
1227 1424 1408 1494 Quinctium

364 1514 566 1577 ldamirrinum
583 1515 780 1578 consularem.
815 1511 937 1576 Petrum
953 1513 1100 1575 memoria
1115 1511 1289 1577 institutum
1305 1507 1409 1587 fertur,

275 1607 281 1622 ¹
362 1611 397 1664 ut
413 1621 551 1680 censores
566 1602 656 1663 motis
669 1612 775 1662 senatu
791 1601 997 1663 adscriberent
1009 1613 1109 1662 notas,
1154 1597 1283 1663 Catonis
1299 1602 1332 1659 et
1347 1597 1409 1658 aliar

363 1687 484 1770 quidem
501 1689 621 1770 acerbae·
629 1690 781 1750 orationes
797 1699 920 1750 exstant
942 1688 972 1749 in
994 1706 1056 1763 eos,
1080 1704 1154 1768 quos
1176 1697 1230 1747 aut
1252 1685 1408 1748 senatorio

364 1775 431 1836 loco
446 1775 551 1852 movit,
574 1787 627 1840 aut
653 1775 759 1858 quibus
784 1795 877 1856 equos
905 1774 1037 1841 ademit:
1070 1773 1160 1856 longe
1182 1771 1366 1854 gratissima
1380 1771 1408 1832 in

364 1859 400 1922 L.
416 1861 592 1931 Quinctium
609 1862 707 1922 oratio
722 1873 779 1938 est,
803 1882 863 1944 qua
887 1863 911 1922 si
938 1871 1096 1922 accusator
1119 1872 1189 1922 ante
1203 1871 1327 1936 nutam,
1350 1877 1408 1918 non

363 1967 470 2010 censor
484 1959 555 2040 post
567 1961 673 2009 notsm
708 1968 777 2010 usus
802 1961 892 2026 esset,
915 1950 1044 2010 retinere
1060 1946 1242 2016 Quinctium
1253 1947 1287 2007 in
1304 1955 1408 2006 senatu

363 2057 402 2096 ne
419 2034 511 2096 frater
526 2031 649 2115 quidem
663 1994 702 2096 'll
715 2033 887 2112 Quinctius,
903 2035 928 2095 si
944 2047 1008 2097 tum
1025 2052 1131 2096 censor
1145 2047 1235 2109 esset,
1249 2031 1407 2120 potuisset

364 2119 447 2183 luter
471 2133 573 2182 cetera
595 2120 709 2204 objecit
733 2122 771 2199 ei,
795 2118 969 2204 Philippum
992 2117 1129 2199 Poenum,
1154 2139 1259 2181 earum
1288 2139 1325 2183 ac
1353 2139 1405 2178 no-

276 2231 279 2238 *
363 2207 423 2284 bile
453 2217 596 2285 scortum,
633 2209 672 2269 ab
695 2207 795 2269 Roma
825 2208 856 2268 in
886 2205 1017 2270 Galliam
1053 2207 1241 2292 provinciam
1268 2225 1324 2288 spe
1360 2205 1405 2265 in-

363 2292 671 2376 gentium'donorum
700 2295 889 2378 perductum.
919 2307 988 2356 eum
1016 2315 1153 2376 puerum,
1176 2313 1230 2376 per
1254 2292 1407 2356 lasciviam

363 2397 455 2462 quum
471 2381 672 2459 cavillaretur,
695 2383 876 2464 exprobrare
894 2381 1009 2443 consuli
1026 2401 1156 2468 persaepe
1172 2379 1309 2456 solitum,
1325 2377 1405 2460 quod

363 2467 418 2530 sub
433 2469 532 2550 ipsum
548 2459 978 2552 spectaculumgladiatorium
991 2469 1139 2530 abductus
1156 2465 1194 2528 ab
1206 2465 1307 2528 Roma
1318 2475 1407 2542 esset

363 2564 397 2616 ut
427 2554 605 2636 obsequium
631 2555 758 2635 amatori
788 2551 979 2617 venditaret.¹
1021 2553 1115 2618 Forte
1142 2549 1332 2636 epulantibus
1359 2552 1407 2630 iis,

364 2660 456 2720 quum
467 2639 532 2721 jam
548 2640 618 2702 vino
633 2641 840 2717 incaluissent,
857 2643 1031 2704 nunciatum
1048 2643 1079 2704 in
1096 2641 1231 2704 convivio
1245 2659 1322 2716 esse,
1345 2659 1404 2701 no·

364 2725 455 2788 bilem
468 2723 579 2788 Boium
591 2747 659 2788 cum
676 2727 775 2788 liberis
792 2728 980 2810 transfugam
995 2730 1132 2804 venisse3
1156 2727 1308 2790 convenire
1322 2747 1400 2786 con·

364 2811 458 2874 sulem
475 2804 561 2892 v'elle,
577 2823 611 2875 ut
626 2815 663 2874 ab
679 2835 716 2874 eo
732 2813 823 2875 iidem
840 2835 968 2896 praesens
990 2815 1151 2898 acciperet.
1193 2813 1401 2874 introductum

341 2913 344 2920 “
364 2901 396 2962 iu
412 2899 638 2962 tabernaculum
653 2921 707 2982 per
721 2901 914 2984 interpretem
941 2903 1062 2983 adloqui
1090 2899 1240 2963 consulem
1262 2899 1404 2982 coepisse.

271 3003 276 3016 ’
365 2985 448 3051 lnter
473 2985 558 3067 cujus
583 3007 752 3070 sermonem
780 2988 940 3056 Quinctius
967 2997 1080 3065 scorto,
1110 2986 1192 3049 ‘Vis
1214 2985 1267 3064 tu,'
1293 2985 1406 3066 inquit,

332 3122 338 3130 .
365 3072 376 3105 ‘
391 3073 534 3156 quoniam
546 3072 759 3155 gladiatorium
772 3074 977 3156 spectaculum
991 3075 1148 3156 reliquisti,
1159 3073 1225 3155 jam
1238 3075 1319 3136 huuc
1332 3071 1404 3133 Gal·

365 3160 376 3192 ‘
391 3159 452 3221 lum
465 3161 645 3242 morientem
658 3161 758 3222 videre
769 3171 789 3198 “¹
802 3160 830 3222 ?’
855 3157 895 3222 Et
907 3175 997 3243 quum
1010 3162 1036 3222 is
1052 3161 1173 3222 vixdum
1190 3159 1269 3222 serio
1285 3159 1407 3222 adnrris-

364 3257 422 3324 set,
435 3245 473 3307 ad
489 3259 597 3308 nutum
613 3247 704 3308 scorti
719 3248 873 3308 consulem
891 3249 996 3310 stricto
1011 3247 1124 3329 gladio,
1139 3247 1188 3329 qui
1206 3267 1297 3329 super
1316 3257 1407 3329 caput

364 3333 528 3415 pendebat,
543 3334 678 3414 loquenti
694 3332 784 3394 Gallo
809 3345 902 3415 caput
927 3337 1057 3416 primurn
1083 3333 1276 3416 percussisse,
1300 3333 1408 3396 deiude

365 3419 505 3500 fugienti,
520 3419 671 3502 fidemque
686 3421 788 3504 populi
811 3419 952 3500 Romani,
968 3432 1059 3502 atque
1074 3442 1190 3498 eorum,
1205 3420 1259 3504 qui
1273 3421 1410 3496 aderant,

366 3505 540 3588 inploranti,
564 3505 644 3570 latus
660 3507 866 3570 transfodisse.
1022 3510 1026 3515 ’

408 3589 523 3658 XLlll.
554 3589 691 3654 Valerius
714 3593 834 3672 Antias,
860 3605 894 3656 ut
919 3593 1050 3675 quiusa
1081 3593 1209 3658 Catonis
1235 3591 1409 3658 orationem

365 3680 497 3760 legisset,
520 3691 551 3741 et
578 3683 604 3718 ⁶⁹
617 3679 724 3740 fabulae
750 3691 869 3742 tantum
894 3681 958 3741 sine
977 3695 1099 3743 arrctore
1114 3683 1204 3744 editae
1219 3680 1413 3756 credidisset,

365 3765 446 3827 aliud
473 3777 693 3847 argumentum,
716 3767 813 3828 simile
839 3779 943 3829 tamen
969 3778 1001 3827 et
1027 3769 1150 3829 libidine
1167 3777 1199 3829 et
1215 3766 1412 3842 crudelitate,

366 3852 494 3934 peragit.
540 3851 698 3914 Placentia
723 3853 870 3916 famosam
898 3853 1066 3930 mulierem,
1089 3853 1173 3935 enjus
1196 3875 1300 3916 amore
1316 3853 1413 3934 depe-

367 3940 450 4016 riret,
483 3939 514 4000 in
540 3939 710 4000 convivium
737 3940 911 4000 arcessitam
938 3941 1052 4002 scribit.
1077 3941 1118 4000 ibi
1144 3939 1318 4022 jactantem
1343 3959 1414 4000 sese

367 4037 467 4087 scorto
483 4025 562 4088 inter
577 4035 679 4086 cetera
701 4027 848 4104 retulisse,
870 4045 959 4106 quam
984 4027 1091 4088 acriter
1117 4027 1297 4107 quaestiones
1324 4045 1416 4087 exer·
1508 4015 1510 4037 ⁴

732 4181 749 4208 ¹²
766 4176 875 4238 sapam
886 4147 959 4224 Creu.
972 4147 1042 4226 Cres.

397 4273 419 4311 Ἰ
442 4273 563 4328 Duodecim
585 4279 656 4329 millia
677 4281 748 4344 prado
767 4277 866 4346 argenti]
901 4241 1167 4331 taroiuuiul'lrnrlaino¹
1175 4279 1417 4356 mielniluqepn·

365 4333 869 4474 Mt“t„trt“¹‘“ll.⁷ll„.a,1a,
901 4345 1189 4461 tat-„ltalia
1204 4351 1417 4471 illrum...

363 4475 441 4520 maren
460 4442 590 4586 oqlplbiriin
610 4479 705 4525 usuras
724 4471 808 4524 Cicero
826 4485 871 4535 err,
901 4473 985 4525 Βοίιιιιι
1003 4476 1030 4524 ab
1047 4475 1096 4539 lpas
1112 4475 1139 4526 1..
1153 4439 1416 4524 ammiramur
1507 4511 1508 4514 ,

364 4529 467 4587 Dubris
510 4536 620 4589 urata
642 4537 801 4604 aequumst
813 4537 869 4593 ern·
901 4534 1410 4608 dulamajumdruurararrdrm
1507 4547 1508 4608 ζ
