<?xml version="1.0" encoding="UTF-8"?>
<!DOCTYPE html PUBLIC "-//W3C//DTD XHTML 1.0 Transitional//EN"
    "http://www.w3.org/TR/xhtml1/DTD/xhtml1-transitional.dtd">
<html xmlns="http://www.w3.org/1999/xhtml" xml:lang="en" lang="en">
 <head>
  <title>
</title>
<meta http-equiv="Content-Type" content="text/html;charset=utf-8" />
  <meta name='ocr-system' content='tesseract 3.04.00' />
  <meta name='ocr-capabilities' content='ocr_page ocr_carea ocr_par ocr_line ocrx_word'/>
</head>
<body>
  <div class='ocr_page' id='page_1' title='image "./tliviipatavinih00grongoog_0437.png"; bbox 0 0 3026 5164; ppageno 0'>
   <div class='ocr_carea' id='block_1_1' title="bbox 388 344 1145 420">
    <p class='ocr_par' dir='ltr' id='par_1_1' title="bbox 388 344 1145 420">
     <span class='ocr_line' id='line_1_1' title="bbox 388 344 1145 420; baseline 0.013 -16"><span class='ocrx_word' id='word_1_1' title='bbox 388 344 464 405; x_wconf 77' lang='grc' dir='ltr'>ΜΒ.</span> <span class='ocrx_word' id='word_1_2' title='bbox 479 345 625 409; x_wconf 75' lang='lat' dir='ltr'>xxxix.</span> <span class='ocrx_word' id='word_1_3' title='bbox 645 345 726 408; x_wconf 74' lang='lat' dir='ltr'>cnlt</span> <span class='ocrx_word' id='word_1_4' title='bbox 739 347 870 408; x_wconf 82' lang='lat' dir='ltr'><strong>XXXII.</strong></span> <span class='ocrx_word' id='word_1_5' title='bbox 1087 359 1145 420; x_wconf 73' lang='lat'>427</span> 
     </span>
    </p>
   </div>
   <div class='ocr_carea' id='block_1_2' title="bbox 100 493 1300 1966">
    <p class='ocr_par' dir='ltr' id='par_1_2' title="bbox 105 493 1300 766">
     <span class='ocr_line' id='line_1_2' title="bbox 105 493 1300 588; baseline 0.005 -27"><span class='ocrx_word' id='word_1_6' title='bbox 105 493 235 561; x_wconf 73' lang='lat' dir='ltr'>alterum</span> <span class='ocrx_word' id='word_1_7' title='bbox 259 497 391 575; x_wconf 87' lang='lat' dir='ltr'>hostium</span> <span class='ocrx_word' id='word_1_8' title='bbox 421 500 498 562; x_wconf 88' lang='lat' dir='ltr'>latus</span> <span class='ocrx_word' id='word_1_9' title='bbox 528 500 661 567; x_wconf 82' lang='lat' dir='ltr'>invadit:</span> <span class='ocrx_word' id='word_1_10' title='bbox 691 502 745 580; x_wconf 77' lang='lat' dir='ltr'>sed</span> <span class='ocrx_word' id='word_1_11' title='bbox 775 502 864 584; x_wconf 86' lang='lat' dir='ltr'>lunge</span> <span class='ocrx_word' id='word_1_12' title='bbox 893 503 991 573; x_wconf 79' lang='lat' dir='ltr'>acrius</span> <span class='ocrx_word' id='word_1_13' title='bbox 1016 501 1300 588; x_wconf 71' lang='lat' dir='ltr'>Calpur-U·C·⁵⁶l·</span> 
     </span>
     <span class='ocr_line' id='line_1_3' title="bbox 106 567 1294 672; baseline 0.012 -33"><span class='ocrx_word' id='word_1_14' title='bbox 106 579 190 648; x_wconf 85' lang='lat' dir='ltr'>niani</span> <span class='ocrx_word' id='word_1_15' title='bbox 214 583 330 663; x_wconf 85' lang='lat' dir='ltr'>equites</span> <span class='ocrx_word' id='word_1_16' title='bbox 345 587 531 668; x_wconf 79' lang='lat' dir='ltr'>pugnabant,</span> <span class='ocrx_word' id='word_1_17' title='bbox 547 599 580 648; x_wconf 89' lang='lat' dir='ltr'>et</span> <span class='ocrx_word' id='word_1_18' title='bbox 598 600 706 672; x_wconf 82' lang='lat' dir='ltr'>praetor</span> <span class='ocrx_word' id='word_1_19' title='bbox 729 589 792 670; x_wconf 89' lang='lat' dir='ltr'>ipse</span> <span class='ocrx_word' id='word_1_20' title='bbox 817 601 886 651; x_wconf 82' lang='lat' dir='ltr'>ente</span> <span class='ocrx_word' id='word_1_21' title='bbox 909 589 993 654; x_wconf 68' lang='lat' dir='ltr'>alios</span> <span class='ocrx_word' id='word_1_22' title='bbox 1019 609 1089 659; x_wconf 80' lang='lat' dir='ltr'>nam</span> <span class='ocrx_word' id='word_1_23' title='bbox 1114 567 1294 669; x_wconf 32' lang='grc' dir='ltr'>πλαψ·</span> 
     </span>
     <span class='ocr_line' id='line_1_4' title="bbox 105 666 1144 766; baseline 0.008 -40"><span class='ocrx_word' id='word_1_24' title='bbox 105 667 221 766; x_wconf 79' lang='lat' dir='ltr'>primus</span> <span class='ocrx_word' id='word_1_25' title='bbox 238 669 356 735; x_wconf 87' lang='lat' dir='ltr'><strong>hostem</strong></span> <span class='ocrx_word' id='word_1_26' title='bbox 372 675 528 754; x_wconf 80' lang='lat' dir='ltr'>percussit,</span> <span class='ocrx_word' id='word_1_27' title='bbox 546 686 578 735; x_wconf 91' lang='lat' dir='ltr'>et</span> <span class='ocrx_word' id='word_1_28' title='bbox 600 675 643 734; x_wconf 82' lang='lat' dir='ltr'>ita</span> <span class='ocrx_word' id='word_1_29' title='bbox 665 695 696 736; x_wconf 89' lang='lat' dir='ltr'>se</span> <span class='ocrx_word' id='word_1_30' title='bbox 717 674 870 737; x_wconf 80' lang='lat' dir='ltr'><strong>inmiscuit</strong></span> <span class='ocrx_word' id='word_1_31' title='bbox 891 666 1009 754; x_wconf 86' lang='lat' dir='ltr'>mediis,</span> <span class='ocrx_word' id='word_1_32' title='bbox 1027 688 1062 737; x_wconf 89' lang='lat' dir='ltr'>ut</span> <span class='ocrx_word' id='word_1_33' title='bbox 1082 673 1144 752; x_wconf 63' lang='lat' dir='ltr'>vire,</span> 
     </span>
    </p>

    <p class='ocr_par' dir='ltr' id='par_1_3' title="bbox 104 758 1146 852">
     <span class='ocr_line' id='line_1_5' title="bbox 104 758 1146 852; baseline 0.012 -39"><span class='ocrx_word' id='word_1_34' title='bbox 104 763 201 852; x_wconf 77' lang='lat' dir='ltr'>utrius</span> <span class='ocrx_word' id='word_1_35' title='bbox 223 758 318 838; x_wconf 87' lang='lat' dir='ltr'>partis</span> <span class='ocrx_word' id='word_1_36' title='bbox 341 770 430 836; x_wconf 87' lang='lat' dir='ltr'>essct,</span> <span class='ocrx_word' id='word_1_37' title='bbox 452 761 536 821; x_wconf 91' lang='lat' dir='ltr'>nosci</span> <span class='ocrx_word' id='word_1_38' title='bbox 560 771 671 842; x_wconf 90' lang='lat' dir='ltr'>posset.</span> <span class='ocrx_word' id='word_1_39' title='bbox 693 771 725 822; x_wconf 90' lang='lat' dir='ltr'>et</span> <span class='ocrx_word' id='word_1_40' title='bbox 745 761 859 842; x_wconf 83' lang='lat' dir='ltr'>equites</span> <span class='ocrx_word' id='word_1_41' title='bbox 879 763 1013 849; x_wconf 72' lang='lat' dir='ltr'>praetoris</span> <span class='ocrx_word' id='word_1_42' title='bbox 1034 761 1146 842; x_wconf 72' lang='lat' dir='ltr'>eximia</span> 
     </span>
    </p>

    <p class='ocr_par' dir='ltr' id='par_1_4' title="bbox 103 839 1145 930">
     <span class='ocr_line' id='line_1_6' title="bbox 103 839 1145 930; baseline 0.008 -30"><span class='ocrx_word' id='word_1_43' title='bbox 103 853 228 920; x_wconf 89' lang='lat' dir='ltr'>vrrtute,</span> <span class='ocrx_word' id='word_1_44' title='bbox 244 856 275 905; x_wconf 89' lang='lat' dir='ltr'>et</span> <span class='ocrx_word' id='word_1_45' title='bbox 297 845 429 924; x_wconf 89' lang='lat' dir='ltr'>equiturn</span> <span class='ocrx_word' id='word_1_46' title='bbox 445 846 564 928; x_wconf 82' lang='lat' dir='ltr'>pedites</span> <span class='ocrx_word' id='word_1_47' title='bbox 586 847 705 908; x_wconf 83' lang='lat' dir='ltr'>accensi</span> <span class='ocrx_word' id='word_1_48' title='bbox 721 860 800 911; x_wconf 86' lang='lat' dir='ltr'>suut.</span> <span class='ocrx_word' id='word_1_49' title='bbox 860 845 958 910; x_wconf 90' lang='lat' dir='ltr'>Pudor</span> <span class='ocrx_word' id='word_1_50' title='bbox 976 848 1069 910; x_wconf 88' lang='lat' dir='ltr'>movit</span> <span class='ocrx_word' id='word_1_51' title='bbox 1084 839 1145 930; x_wconf 63' lang='lat' dir='ltr'>priss</span> 
     </span>
    </p>

    <p class='ocr_par' dir='ltr' id='par_1_5' title="bbox 100 930 1142 1018">
     <span class='ocr_line' id='line_1_7' title="bbox 100 930 1142 1018; baseline 0.008 -31"><span class='ocrx_word' id='word_1_52' title='bbox 100 946 169 989; x_wconf 91' lang='lat' dir='ltr'>mos</span> <span class='ocrx_word' id='word_1_53' title='bbox 192 930 393 1010; x_wconf 86' lang='lat' dir='ltr'>centuriones,</span> <span class='ocrx_word' id='word_1_54' title='bbox 412 933 462 1014; x_wconf 90' lang='lat' dir='ltr'>qui</span> <span class='ocrx_word' id='word_1_55' title='bbox 485 933 562 996; x_wconf 89' lang='lat' dir='ltr'>inter</span> <span class='ocrx_word' id='word_1_56' title='bbox 585 933 646 997; x_wconf 91' lang='lat' dir='ltr'>tela</span> <span class='ocrx_word' id='word_1_57' title='bbox 661 933 793 999; x_wconf 87' lang='lat' dir='ltr'>hostiurn</span> <span class='ocrx_word' id='word_1_58' title='bbox 808 947 967 1016; x_wconf 75' lang='lat' dir='ltr'>pretorem</span> <span class='ocrx_word' id='word_1_59' title='bbox 991 956 1142 1018; x_wconf 82' lang='lat' dir='ltr'>conspex-¹</span> 
     </span>
    </p>

    <p class='ocr_par' dir='ltr' id='par_1_6' title="bbox 103 1014 1288 1367">
     <span class='ocr_line' id='line_1_8' title="bbox 105 1014 1250 1106; baseline 0.014 -33"><span class='ocrx_word' id='word_1_60' title='bbox 105 1025 206 1076; x_wconf 90' lang='lat' dir='ltr'>erunt.</span> <span class='ocrx_word' id='word_1_61' title='bbox 266 1015 372 1100; x_wconf 85' lang='lat' dir='ltr'>ltaque</span> <span class='ocrx_word' id='word_1_62' title='bbox 398 1039 521 1100; x_wconf 88' lang='lat' dir='ltr'>urguere</span> <span class='ocrx_word' id='word_1_63' title='bbox 548 1019 707 1102; x_wconf 82' lang='lat' dir='ltr'>signiferos</span> <span class='ocrx_word' id='word_1_64' title='bbox 737 1041 850 1102; x_wconf 90' lang='lat' dir='ltr'>prose</span> <span class='ocrx_word' id='word_1_65' title='bbox 880 1021 1017 1106; x_wconf 87' lang='lat' dir='ltr'>quisque,</span> <span class='ocrx_word' id='word_1_66' title='bbox 1039 1014 1146 1103; x_wconf 74' lang='lat' dir='ltr'>jubere</span> <span class='ocrx_word' id='word_1_67' title='bbox 1241 1077 1250 1100; x_wconf 85' lang='grc'><em>,</em></span> 
     </span>
     <span class='ocr_line' id='line_1_9' title="bbox 103 1098 1288 1190; baseline 0.011 -32"><span class='ocrx_word' id='word_1_68' title='bbox 103 1098 216 1170; x_wconf 81' lang='lat' dir='ltr'>inferre</span> <span class='ocrx_word' id='word_1_69' title='bbox 239 1102 335 1183; x_wconf 86' lang='lat' dir='ltr'>signa,</span> <span class='ocrx_word' id='word_1_70' title='bbox 364 1115 396 1166; x_wconf 91' lang='lat' dir='ltr'>et</span> <span class='ocrx_word' id='word_1_71' title='bbox 418 1105 579 1172; x_wconf 82' lang='lat' dir='ltr'>confestim</span> <span class='ocrx_word' id='word_1_72' title='bbox 609 1105 735 1168; x_wconf 89' lang='lat' dir='ltr'>militem</span> <span class='ocrx_word' id='word_1_73' title='bbox 762 1103 855 1190; x_wconf 89' lang='lat' dir='ltr'>sequi.</span> <span class='ocrx_word' id='word_1_74' title='bbox 914 1104 1086 1172; x_wconf 84' lang='lat' dir='ltr'>Renovatur</span> <span class='ocrx_word' id='word_1_75' title='bbox 1109 1107 1288 1182; x_wconf 53' lang='lat' dir='ltr'>stratuum</span> 
     </span>
     <span class='ocr_line' id='line_1_10' title="bbox 105 1179 1267 1276; baseline 0.013 -30"><span class='ocrx_word' id='word_1_76' title='bbox 105 1187 249 1249; x_wconf 88' lang='lat' dir='ltr'>omnibus</span> <span class='ocrx_word' id='word_1_77' title='bbox 264 1189 387 1268; x_wconf 74' lang='lat' dir='ltr'>clamor.</span> <span class='ocrx_word' id='word_1_78' title='bbox 410 1192 529 1274; x_wconf 89' lang='lat' dir='ltr'>inpetus</span> <span class='ocrx_word' id='word_1_79' title='bbox 544 1191 580 1256; x_wconf 85' lang='lat' dir='ltr'>fit</span> <span class='ocrx_word' id='word_1_80' title='bbox 601 1194 683 1263; x_wconf 88' lang='lat' dir='ltr'>velut</span> <span class='ocrx_word' id='word_1_81' title='bbox 698 1215 741 1258; x_wconf 77' lang='lat' dir='ltr'>en</span> <span class='ocrx_word' id='word_1_82' title='bbox 752 1194 905 1276; x_wconf 81' lang='lat' dir='ltr'>superiore</span> <span class='ocrx_word' id='word_1_83' title='bbox 921 1193 1001 1260; x_wconf 89' lang='lat' dir='ltr'>loco.</span> <span class='ocrx_word' id='word_1_84' title='bbox 1055 1189 1147 1266; x_wconf 80' lang='lat' dir='ltr'>Haud</span> <span class='ocrx_word' id='word_1_85' title='bbox 1160 1179 1267 1260; x_wconf 52' lang='lat' dir='ltr'>Em·</span> 
     </span>
     <span class='ocr_line' id='line_1_11' title="bbox 104 1271 1147 1367; baseline 0.013 -37"><span class='ocrx_word' id='word_1_86' title='bbox 104 1291 194 1333; x_wconf 89' lang='lat' dir='ltr'>secus</span> <span class='ocrx_word' id='word_1_87' title='bbox 209 1295 293 1356; x_wconf 87' lang='lat' dir='ltr'>ergo,</span> <span class='ocrx_word' id='word_1_88' title='bbox 309 1297 397 1358; x_wconf 87' lang='lat' dir='ltr'>quarn</span> <span class='ocrx_word' id='word_1_89' title='bbox 422 1279 565 1340; x_wconf 91' lang='lat' dir='ltr'>torrentis</span> <span class='ocrx_word' id='word_1_90' title='bbox 588 1279 690 1356; x_wconf 90' lang='lat' dir='ltr'>modo,</span> <span class='ocrx_word' id='word_1_91' title='bbox 713 1275 843 1340; x_wconf 85' lang='lat' dir='ltr'>fundunt</span> <span class='ocrx_word' id='word_1_92' title='bbox 866 1273 1063 1363; x_wconf 80' lang='lat' dir='ltr'>sternuntque</span> <span class='ocrx_word' id='word_1_93' title='bbox 1077 1271 1147 1367; x_wconf 59' lang='lat' dir='ltr'>perss</span> 
     </span>
    </p>

    <p class='ocr_par' dir='ltr' id='par_1_7' title="bbox 104 1358 1239 1966">
     <span class='ocr_line' id='line_1_12' title="bbox 107 1358 1147 1447; baseline 0.01 -29"><span class='ocrx_word' id='word_1_94' title='bbox 107 1358 220 1438; x_wconf 83' lang='lat' dir='ltr'>culeos,</span> <span class='ocrx_word' id='word_1_95' title='bbox 246 1362 334 1428; x_wconf 81' lang='lat' dir='ltr'>¹⁸nec</span> <span class='ocrx_word' id='word_1_96' title='bbox 357 1364 527 1428; x_wconf 74' lang='lat' dir='ltr'>sustineres</span> <span class='ocrx_word' id='word_1_97' title='bbox 550 1365 601 1426; x_wconf 89' lang='lat' dir='ltr'>alii</span> <span class='ocrx_word' id='word_1_98' title='bbox 625 1387 714 1447; x_wconf 86' lang='lat' dir='ltr'>super</span> <span class='ocrx_word' id='word_1_99' title='bbox 728 1364 804 1428; x_wconf 83' lang='lat' dir='ltr'>alios</span> <span class='ocrx_word' id='word_1_100' title='bbox 819 1365 981 1436; x_wconf 82' lang='lat' dir='ltr'>inferentes</span> <span class='ocrx_word' id='word_1_101' title='bbox 997 1360 1062 1436; x_wconf 74' lang='lat' dir='ltr'>sese</span> <span class='ocrx_word' id='word_1_102' title='bbox 1091 1388 1147 1446; x_wconf 71' lang='lat' dir='ltr'>⁴os·</span> 
     </span>
     <span class='ocr_line' id='line_1_13' title="bbox 104 1388 1147 1536; baseline 0.011 -32"><span class='ocrx_word' id='word_1_103' title='bbox 104 1458 185 1522; x_wconf 76' lang='lat' dir='ltr'>suut</span> <span class='ocrx_word' id='word_1_104' title='bbox 244 1445 405 1530; x_wconf 77' lang='lat' dir='ltr'>Fugientes</span> <span class='ocrx_word' id='word_1_105' title='bbox 427 1453 458 1511; x_wconf 90' lang='lat' dir='ltr'>in</span> <span class='ocrx_word' id='word_1_106' title='bbox 480 1462 579 1515; x_wconf 83' lang='lat' dir='ltr'>castra</span> <span class='ocrx_word' id='word_1_107' title='bbox 603 1447 718 1532; x_wconf 83' lang='lat' dir='ltr'>equites</span> <span class='ocrx_word' id='word_1_108' title='bbox 742 1451 893 1536; x_wconf 79' lang='lat' dir='ltr'>persecuti</span> <span class='ocrx_word' id='word_1_109' title='bbox 919 1463 999 1530; x_wconf 89' lang='lat' dir='ltr'>sunt,</span> <span class='ocrx_word' id='word_1_110' title='bbox 1023 1466 1056 1515; x_wconf 90' lang='lat' dir='ltr'>et</span> <span class='ocrx_word' id='word_1_111' title='bbox 1075 1388 1147 1534; x_wconf 62' lang='lat' dir='ltr'>ler-</span> 
     </span>
     <span class='ocr_line' id='line_1_14' title="bbox 105 1532 1148 1620; baseline 0.013 -28"><span class='ocrx_word' id='word_1_112' title='bbox 105 1532 196 1601; x_wconf 80' lang='lat' dir='ltr'>mixti</span> <span class='ocrx_word' id='word_1_113' title='bbox 223 1535 316 1618; x_wconf 65' lang='lat' dir='ltr'>turbes</span> <span class='ocrx_word' id='word_1_114' title='bbox 346 1537 477 1604; x_wconf 89' lang='lat' dir='ltr'>hostium</span> <span class='ocrx_word' id='word_1_115' title='bbox 508 1537 587 1599; x_wconf 86' lang='lat' dir='ltr'>intra</span> <span class='ocrx_word' id='word_1_116' title='bbox 611 1538 723 1600; x_wconf 89' lang='lat' dir='ltr'>vallum</span> <span class='ocrx_word' id='word_1_117' title='bbox 754 1549 998 1620; x_wconf 89' lang='lat' dir='ltr'>penetraverunt.</span> <span class='ocrx_word' id='word_1_118' title='bbox 1027 1535 1078 1612; x_wconf 79' lang='lat' dir='ltr'>ubi</span> <span class='ocrx_word' id='word_1_119' title='bbox 1109 1537 1148 1606; x_wconf 83' lang='lat' dir='ltr'>ab</span> 
     </span>
     <span class='ocr_line' id='line_1_15' title="bbox 106 1618 1147 1706; baseline 0.006 -28"><span class='ocrx_word' id='word_1_120' title='bbox 106 1619 219 1688; x_wconf 83' lang='lat' dir='ltr'>relictis</span> <span class='ocrx_word' id='word_1_121' title='bbox 248 1621 278 1681; x_wconf 93' lang='lat' dir='ltr'>in</span> <span class='ocrx_word' id='word_1_122' title='bbox 305 1623 443 1704; x_wconf 73' lang='lat' dir='ltr'>prasidio</span> <span class='ocrx_word' id='word_1_123' title='bbox 472 1619 638 1686; x_wconf 89' lang='lat' dir='ltr'>castrorum</span> <span class='ocrx_word' id='word_1_124' title='bbox 670 1623 809 1706; x_wconf 84' lang='lat' dir='ltr'>proelium</span> <span class='ocrx_word' id='word_1_125' title='bbox 839 1621 1061 1696; x_wconf 80' lang='lat' dir='ltr'>instauretumr</span> <span class='ocrx_word' id='word_1_126' title='bbox 1094 1618 1147 1696; x_wconf 63' lang='lat' dir='ltr'>cpss</span> 
     </span>
     <span class='ocr_line' id='line_1_16' title="bbox 105 1697 1239 1792; baseline 0.008 -28"><span class='ocrx_word' id='word_1_127' title='bbox 105 1707 230 1788; x_wconf 78' lang='lat' dir='ltr'>actique</span> <span class='ocrx_word' id='word_1_128' title='bbox 252 1722 323 1771; x_wconf 88' lang='lat' dir='ltr'>sunt</span> <span class='ocrx_word' id='word_1_129' title='bbox 346 1707 476 1770; x_wconf 87' lang='lat' dir='ltr'>Romani</span> <span class='ocrx_word' id='word_1_130' title='bbox 499 1711 616 1790; x_wconf 87' lang='lat' dir='ltr'>equites</span> <span class='ocrx_word' id='word_1_131' title='bbox 633 1707 814 1773; x_wconf 86' lang='lat' dir='ltr'>descendere</span> <span class='ocrx_word' id='word_1_132' title='bbox 837 1703 875 1789; x_wconf 77' lang='lat' dir='ltr'>eri</span> <span class='ocrx_word' id='word_1_133' title='bbox 896 1697 990 1792; x_wconf 79' lang='lat' dir='ltr'>equis.</span> <span class='ocrx_word' id='word_1_134' title='bbox 1047 1707 1148 1782; x_wconf 80' lang='lat' dir='ltr'><strong>Dimi·</strong></span> <span class='ocrx_word' id='word_1_135' title='bbox 1236 1753 1239 1760; x_wconf 66' lang='lat'><em>=</em></span> 
     </span>
     <span class='ocr_line' id='line_1_17' title="bbox 105 1793 1148 1878; baseline 0.003 -24"><span class='ocrx_word' id='word_1_136' title='bbox 105 1793 247 1862; x_wconf 87' lang='lat' dir='ltr'>cantibus</span> <span class='ocrx_word' id='word_1_137' title='bbox 271 1795 318 1871; x_wconf 91' lang='lat' dir='ltr'>iis,</span> <span class='ocrx_word' id='word_1_138' title='bbox 348 1796 428 1877; x_wconf 87' lang='lat' dir='ltr'>legio</span> <span class='ocrx_word' id='word_1_139' title='bbox 479 1795 564 1858; x_wconf 86' lang='lat' dir='ltr'>uinta</span> <span class='ocrx_word' id='word_1_140' title='bbox 593 1798 782 1878; x_wconf 87' lang='lat' dir='ltr'>supervenit:</span> <span class='ocrx_word' id='word_1_141' title='bbox 820 1796 940 1874; x_wconf 88' lang='lat' dir='ltr'>deinde,</span> <span class='ocrx_word' id='word_1_142' title='bbox 963 1808 997 1858; x_wconf 92' lang='lat' dir='ltr'>ut</span> <span class='ocrx_word' id='word_1_143' title='bbox 1024 1816 1148 1878; x_wconf 87' lang='lat' dir='ltr'>quaeque</span> 
     </span>
     <span class='ocr_line' id='line_1_18' title="bbox 106 1817 1147 1966; baseline 0.001 -24"><span class='ocrx_word' id='word_1_144' title='bbox 106 1890 283 1964; x_wconf 81' lang='lat' dir='ltr'>potuerant,</span> <span class='ocrx_word' id='word_1_145' title='bbox 313 1883 406 1966; x_wconf 84' lang='lat' dir='ltr'>copiae</span> <span class='ocrx_word' id='word_1_146' title='bbox 436 1817 619 1945; x_wconf 80' lang='lat' dir='ltr'>adfluebant.</span> <span class='ocrx_word' id='word_1_147' title='bbox 682 1879 844 1944; x_wconf 78' lang='lat' dir='ltr'>Caeduntur</span> <span class='ocrx_word' id='word_1_148' title='bbox 873 1884 985 1966; x_wconf 78' lang='lat' dir='ltr'>passim</span> <span class='ocrx_word' id='word_1_149' title='bbox 1016 1866 1147 1966; x_wconf 83' lang='lat' dir='ltr'>Hispani</span> 
     </span>
    </p>
   </div>
   <div class='ocr_carea' id='block_1_3' title="bbox 105 1967 1149 2578">
    <p class='ocr_par' dir='ltr' id='par_1_8' title="bbox 105 1967 1149 2578">
     <span class='ocr_line' id='line_1_19' title="bbox 107 1967 1148 2055; baseline 0.003 -29"><span class='ocrx_word' id='word_1_150' title='bbox 107 1979 162 2046; x_wconf 78' lang='lat' dir='ltr'>per</span> <span class='ocrx_word' id='word_1_151' title='bbox 187 1979 253 2055; x_wconf 87' lang='lat' dir='ltr'>tota</span> <span class='ocrx_word' id='word_1_152' title='bbox 280 1980 398 2045; x_wconf 79' lang='lat' dir='ltr'>castra3</span> <span class='ocrx_word' id='word_1_153' title='bbox 429 1990 486 2030; x_wconf 88' lang='lat' dir='ltr'>nec</span> <span class='ocrx_word' id='word_1_154' title='bbox 511 1968 690 2052; x_wconf 81' lang='lat' dir='ltr'>plusquam</span> <span class='ocrx_word' id='word_1_155' title='bbox 714 1982 843 2052; x_wconf 72' lang='lat' dir='ltr'>(quatuor</span> <span class='ocrx_word' id='word_1_156' title='bbox 869 1967 963 2042; x_wconf 87' lang='lat' dir='ltr'>millia</span> <span class='ocrx_word' id='word_1_157' title='bbox 988 1967 1148 2043; x_wconf 76' lang='lat' dir='ltr'>hominum</span> 
     </span>
     <span class='ocr_line' id='line_1_20' title="bbox 106 2051 1147 2136; baseline 0.004 -24"><span class='ocrx_word' id='word_1_158' title='bbox 106 2053 288 2136; x_wconf 85' lang='lat' dir='ltr'>effugerunt.</span> <span class='ocrx_word' id='word_1_159' title='bbox 311 2054 381 2118; x_wconf 90' lang='lat' dir='ltr'>inde</span> <span class='ocrx_word' id='word_1_160' title='bbox 404 2057 461 2116; x_wconf 85' lang='lat' dir='ltr'>trio</span> <span class='ocrx_word' id='word_1_161' title='bbox 483 2055 577 2126; x_wconf 83' lang='lat' dir='ltr'>millia</span> <span class='ocrx_word' id='word_1_162' title='bbox 591 2051 663 2132; x_wconf 87' lang='lat' dir='ltr'>fere,</span> <span class='ocrx_word' id='word_1_163' title='bbox 680 2057 730 2136; x_wconf 90' lang='lat' dir='ltr'>qui</span> <span class='ocrx_word' id='word_1_164' title='bbox 746 2076 830 2116; x_wconf 86' lang='lat' dir='ltr'>arma</span> <span class='ocrx_word' id='word_1_165' title='bbox 848 2056 1044 2131; x_wconf 84' lang='lat' dir='ltr'>retinuerant,</span> <span class='ocrx_word' id='word_1_166' title='bbox 1060 2051 1147 2132; x_wconf 78' lang='lat' dir='ltr'>itton-</span> 
     </span>
     <span class='ocr_line' id='line_1_21' title="bbox 106 2134 1148 2225; baseline 0.003 -26"><span class='ocrx_word' id='word_1_167' title='bbox 106 2153 171 2202; x_wconf 91' lang='lat' dir='ltr'>tem</span> <span class='ocrx_word' id='word_1_168' title='bbox 198 2139 397 2224; x_wconf 90' lang='lat' dir='ltr'>propinquum</span> <span class='ocrx_word' id='word_1_169' title='bbox 428 2153 590 2225; x_wconf 86' lang='lat' dir='ltr'>ceperunt:</span> <span class='ocrx_word' id='word_1_170' title='bbox 623 2141 705 2210; x_wconf 89' lang='lat' dir='ltr'>mille</span> <span class='ocrx_word' id='word_1_171' title='bbox 736 2143 909 2205; x_wconf 86' lang='lat' dir='ltr'>semiermes</span> <span class='ocrx_word' id='word_1_172' title='bbox 936 2137 1076 2216; x_wconf 77' lang='lat' dir='ltr'>maxime</span> <span class='ocrx_word' id='word_1_173' title='bbox 1094 2134 1148 2224; x_wconf 83' lang='lat' dir='ltr'>per</span> 
     </span>
     <span class='ocr_line' id='line_1_22' title="bbox 105 2224 1148 2314; baseline 0 -26"><span class='ocrx_word' id='word_1_174' title='bbox 105 2247 197 2306; x_wconf 81' lang='lat' dir='ltr'>agros</span> <span class='ocrx_word' id='word_1_175' title='bbox 220 2227 313 2308; x_wconf 84' lang='lat' dir='ltr'>palati</span> <span class='ocrx_word' id='word_1_176' title='bbox 344 2239 424 2290; x_wconf 88' lang='lat' dir='ltr'>sunt.</span> <span class='ocrx_word' id='word_1_177' title='bbox 482 2225 580 2312; x_wconf 85' lang='lat' dir='ltr'>Supra</span> <span class='ocrx_word' id='word_1_178' title='bbox 602 2226 871 2310; x_wconf 88' lang='lat' dir='ltr'>trigintaquinque</span> <span class='ocrx_word' id='word_1_179' title='bbox 896 2224 990 2296; x_wconf 84' lang='lat' dir='ltr'>millia</span> <span class='ocrx_word' id='word_1_180' title='bbox 1012 2224 1148 2314; x_wconf 71' lang='lat' dir='ltr'>hostium</span> 
     </span>
     <span class='ocr_line' id='line_1_23' title="bbox 106 2303 1149 2402; baseline 0.006 -29"><span class='ocrx_word' id='word_1_181' title='bbox 106 2311 239 2390; x_wconf 77' lang='lat' dir='ltr'>fuerant,</span> <span class='ocrx_word' id='word_1_182' title='bbox 262 2335 300 2374; x_wconf 86' lang='lat' dir='ltr'>ex</span> <span class='ocrx_word' id='word_1_183' title='bbox 323 2316 430 2395; x_wconf 91' lang='lat' dir='ltr'>quibus</span> <span class='ocrx_word' id='word_1_184' title='bbox 453 2325 516 2376; x_wconf 86' lang='lat' dir='ltr'>tam</span> <span class='ocrx_word' id='word_1_185' title='bbox 539 2315 648 2396; x_wconf 83' lang='lat' dir='ltr'>exigua</span> <span class='ocrx_word' id='word_1_186' title='bbox 670 2335 738 2402; x_wconf 86' lang='lat' dir='ltr'>pars</span> <span class='ocrx_word' id='word_1_187' title='bbox 754 2335 860 2396; x_wconf 89' lang='lat' dir='ltr'>pugnae</span> <span class='ocrx_word' id='word_1_188' title='bbox 882 2303 1149 2395; x_wconf 49' lang='lat' dir='ltr'>superliritsssigtra</span> 
     </span>
     <span class='ocr_line' id='line_1_24' title="bbox 106 2399 1148 2490; baseline 0.001 -32"><span class='ocrx_word' id='word_1_189' title='bbox 106 2411 201 2482; x_wconf 78' lang='lat' dir='ltr'>capte</span> <span class='ocrx_word' id='word_1_190' title='bbox 223 2412 345 2462; x_wconf 85' lang='lat' dir='ltr'>centum</span> <span class='ocrx_word' id='word_1_191' title='bbox 368 2401 494 2481; x_wconf 84' lang='lat' dir='ltr'>triginta</span> <span class='ocrx_word' id='word_1_192' title='bbox 516 2401 585 2462; x_wconf 91' lang='lat' dir='ltr'>tria.</span> <span class='ocrx_word' id='word_1_193' title='bbox 645 2399 776 2462; x_wconf 86' lang='lat' dir='ltr'>Romani</span> <span class='ocrx_word' id='word_1_194' title='bbox 800 2400 931 2490; x_wconf 84' lang='lat' dir='ltr'>sociique</span> <span class='ocrx_word' id='word_1_195' title='bbox 956 2399 1057 2489; x_wconf 86' lang='lat' dir='ltr'>paullo</span> <span class='ocrx_word' id='word_1_196' title='bbox 1081 2400 1148 2482; x_wconf 84' lang='lat' dir='ltr'>plus</span> 
     </span>
     <span class='ocr_line' id='line_1_25' title="bbox 105 2483 1148 2578; baseline -0.002 -30"><span class='ocrx_word' id='word_1_197' title='bbox 105 2487 254 2564; x_wconf 79' lang='lat' dir='ltr'>sexcenti,</span> <span class='ocrx_word' id='word_1_198' title='bbox 277 2499 309 2548; x_wconf 92' lang='lat' dir='ltr'>et</span> <span class='ocrx_word' id='word_1_199' title='bbox 329 2487 558 2571; x_wconf 86' lang='lat' dir='ltr'>provincialium</span> <span class='ocrx_word' id='word_1_200' title='bbox 582 2487 762 2552; x_wconf 82' lang='lat' dir='ltr'>auxiliorum</span> <span class='ocrx_word' id='word_1_201' title='bbox 785 2499 908 2574; x_wconf 80' lang='lat' dir='ltr'>centum</span> <span class='ocrx_word' id='word_1_202' title='bbox 931 2483 1148 2578; x_wconf 77' lang='lat' dir='ltr'>quinquaginta</span> 
     </span>
    </p>
   </div>
   <div class='ocr_carea' id='block_1_4' title="bbox 100 2571 1295 3867">
    <p class='ocr_par' dir='ltr' id='par_1_9' title="bbox 100 2571 1148 3423">
     <span class='ocr_line' id='line_1_26' title="bbox 105 2571 1147 2656; baseline 0 -24"><span class='ocrx_word' id='word_1_203' title='bbox 105 2572 203 2633; x_wconf 84' lang='lat' dir='ltr'>ferme</span> <span class='ocrx_word' id='word_1_204' title='bbox 226 2573 408 2638; x_wconf 89' lang='lat' dir='ltr'>ceciderunt.</span> <span class='ocrx_word' id='word_1_205' title='bbox 431 2573 543 2635; x_wconf 88' lang='lat' dir='ltr'>tribuni</span> <span class='ocrx_word' id='word_1_206' title='bbox 566 2573 697 2638; x_wconf 85' lang='lat' dir='ltr'>militum</span> <span class='ocrx_word' id='word_1_207' title='bbox 721 2573 852 2654; x_wconf 90' lang='lat' dir='ltr'>quinque</span> <span class='ocrx_word' id='word_1_208' title='bbox 874 2571 988 2649; x_wconf 67' lang='lat' dir='ltr'>amissi,</span> <span class='ocrx_word' id='word_1_209' title='bbox 1007 2585 1038 2637; x_wconf 91' lang='lat' dir='ltr'>et</span> <span class='ocrx_word' id='word_1_210' title='bbox 1059 2571 1147 2656; x_wconf 86' lang='lat' dir='ltr'>pauci</span> 
     </span>
     <span class='ocr_line' id='line_1_27' title="bbox 103 2657 1147 2744; baseline -0.004 -22"><span class='ocrx_word' id='word_1_211' title='bbox 103 2660 222 2744; x_wconf 84' lang='lat' dir='ltr'>equites</span> <span class='ocrx_word' id='word_1_212' title='bbox 246 2657 387 2736; x_wconf 84' lang='lat' dir='ltr'>Romani,</span> <span class='ocrx_word' id='word_1_213' title='bbox 412 2663 435 2698; x_wconf 77' lang='lat'>¹⁹</span> <span class='ocrx_word' id='word_1_214' title='bbox 449 2673 579 2733; x_wconf 82' lang='lat' dir='ltr'>cruentae</span> <span class='ocrx_word' id='word_1_215' title='bbox 601 2660 734 2722; x_wconf 81' lang='lat' dir='ltr'>maxime</span> <span class='ocrx_word' id='word_1_216' title='bbox 755 2657 887 2728; x_wconf 80' lang='lat' dir='ltr'>victoriae</span> <span class='ocrx_word' id='word_1_217' title='bbox 912 2659 1042 2742; x_wconf 85' lang='lat' dir='ltr'>speciem</span> <span class='ocrx_word' id='word_1_218' title='bbox 1067 2657 1147 2729; x_wconf 83' lang='lat' dir='ltr'>fece-</span> 
     </span>
     <span class='ocr_line' id='line_1_28' title="bbox 104 2739 1148 2827; baseline 0 -21"><span class='ocrx_word' id='word_1_219' title='bbox 104 2757 187 2811; x_wconf 88' lang='lat' dir='ltr'>runt.</span> <span class='ocrx_word' id='word_1_220' title='bbox 245 2740 404 2808; x_wconf 81' lang='lat' dir='ltr'>incastris</span> <span class='ocrx_word' id='word_1_221' title='bbox 426 2739 571 2822; x_wconf 80' lang='lat' dir='ltr'>hostium,</span> <span class='ocrx_word' id='word_1_222' title='bbox 589 2747 661 2826; x_wconf 87' lang='lat' dir='ltr'>quia</span> <span class='ocrx_word' id='word_1_223' title='bbox 683 2745 691 2806; x_wconf 92' lang='lat' dir='ltr'><strong>i</strong></span> <span class='ocrx_word' id='word_1_224' title='bbox 715 2745 754 2806; x_wconf 85' lang='lat' dir='ltr'>sis</span> <span class='ocrx_word' id='word_1_225' title='bbox 781 2745 913 2827; x_wconf 84' lang='lat' dir='ltr'>spatium</span> <span class='ocrx_word' id='word_1_226' title='bbox 936 2766 990 2806; x_wconf 87' lang='lat' dir='ltr'>sua</span> <span class='ocrx_word' id='word_1_227' title='bbox 1010 2765 1148 2810; x_wconf 88' lang='lat' dir='ltr'>commu·</span> 
     </span>
     <span class='ocr_line' id='line_1_29' title="bbox 103 2766 1147 2914; baseline -0.008 -16"><span class='ocrx_word' id='word_1_228' title='bbox 103 2833 210 2898; x_wconf 83' lang='lat' dir='ltr'>nieudi</span> <span class='ocrx_word' id='word_1_229' title='bbox 234 2849 294 2894; x_wconf 87' lang='lat' dir='ltr'>non</span> <span class='ocrx_word' id='word_1_230' title='bbox 321 2833 428 2910; x_wconf 70' lang='lat' dir='ltr'>suerat,</span> <span class='ocrx_word' id='word_1_231' title='bbox 451 2845 637 2904; x_wconf 84' lang='lat' dir='ltr'>manserunt.</span> <span class='ocrx_word' id='word_1_232' title='bbox 693 2766 753 2894; x_wconf 75' lang='lat' dir='ltr'>l’ro</span> <span class='ocrx_word' id='word_1_233' title='bbox 780 2832 925 2894; x_wconf 88' lang='lat' dir='ltr'>concione</span> <span class='ocrx_word' id='word_1_234' title='bbox 953 2841 1075 2914; x_wconf 86' lang='lat' dir='ltr'>postero</span> <span class='ocrx_word' id='word_1_235' title='bbox 1098 2830 1147 2891; x_wconf 88' lang='lat' dir='ltr'>die</span> 
     </span>
     <span class='ocr_line' id='line_1_30' title="bbox 104 2913 1146 3002; baseline -0.004 -23"><span class='ocrx_word' id='word_1_236' title='bbox 104 2913 220 2994; x_wconf 82' lang='lat' dir='ltr'>laudati</span> <span class='ocrx_word' id='word_1_237' title='bbox 244 2916 408 3002; x_wconf 87' lang='lat' dir='ltr'>donatique</span> <span class='ocrx_word' id='word_1_238' title='bbox 424 2940 442 2980; x_wconf 86' lang='lat' dir='ltr'>a</span> <span class='ocrx_word' id='word_1_239' title='bbox 454 2915 489 2979; x_wconf 89' lang='lat' dir='ltr'>C.</span> <span class='ocrx_word' id='word_1_240' title='bbox 506 2915 671 3000; x_wconf 82' lang='lat' dir='ltr'>Calpurnio</span> <span class='ocrx_word' id='word_1_241' title='bbox 685 2919 802 3000; x_wconf 81' lang='lat' dir='ltr'>equites</span> <span class='ocrx_word' id='word_1_242' title='bbox 817 2919 844 2955; x_wconf 70' lang='lat'>2⁰</span> <span class='ocrx_word' id='word_1_243' title='bbox 855 2915 997 2998; x_wconf 82' lang='lat' dir='ltr'>phaleris.</span> <span class='ocrx_word' id='word_1_244' title='bbox 1011 2936 1146 3000; x_wconf 91' lang='lat' dir='ltr'>pronun-</span> 
     </span>
     <span class='ocr_line' id='line_1_31' title="bbox 103 3001 1148 3096; baseline -0.005 -30"><span class='ocrx_word' id='word_1_245' title='bbox 103 3007 268 3086; x_wconf 87' lang='lat' dir='ltr'>ciavitque,</span> <span class='ocrx_word' id='word_1_246' title='bbox 291 3027 394 3068; x_wconf 89' lang='lat' dir='ltr'>eorum</span> <span class='ocrx_word' id='word_1_247' title='bbox 418 3005 550 3068; x_wconf 82' lang='lat' dir='ltr'>maxime</span> <span class='ocrx_word' id='word_1_248' title='bbox 574 3025 667 3086; x_wconf 87' lang='lat' dir='ltr'>opera</span> <span class='ocrx_word' id='word_1_249' title='bbox 688 3003 791 3066; x_wconf 89' lang='lat' dir='ltr'>hostes</span> <span class='ocrx_word' id='word_1_250' title='bbox 817 3002 910 3080; x_wconf 87' lang='lat' dir='ltr'>fusos,</span> <span class='ocrx_word' id='word_1_251' title='bbox 934 3011 1032 3064; x_wconf 84' lang='lat' dir='ltr'>castra</span> <span class='ocrx_word' id='word_1_252' title='bbox 1057 3001 1148 3096; x_wconf 79' lang='lat' dir='ltr'>capta</span> 
     </span>
     <span class='ocr_line' id='line_1_32' title="bbox 104 3087 1146 3174; baseline -0.005 -21"><span class='ocrx_word' id='word_1_253' title='bbox 104 3105 139 3154; x_wconf 91' lang='lat' dir='ltr'>et</span> <span class='ocrx_word' id='word_1_254' title='bbox 166 3104 340 3174; x_wconf 83' lang='lat' dir='ltr'>expugnata</span> <span class='ocrx_word' id='word_1_255' title='bbox 370 3113 444 3152; x_wconf 89' lang='lat' dir='ltr'>esse.</span> <span class='ocrx_word' id='word_1_256' title='bbox 511 3091 669 3162; x_wconf 87' lang='lat' dir='ltr'>Quinctius</span> <span class='ocrx_word' id='word_1_257' title='bbox 697 3090 773 3152; x_wconf 84' lang='lat' dir='ltr'>alter</span> <span class='ocrx_word' id='word_1_258' title='bbox 798 3101 907 3172; x_wconf 83' lang='lat' dir='ltr'>praetor</span> <span class='ocrx_word' id='word_1_259' title='bbox 930 3091 954 3126; x_wconf 77' lang='lat'>²¹</span> <span class='ocrx_word' id='word_1_260' title='bbox 970 3109 1039 3150; x_wconf 90' lang='lat' dir='ltr'>suos</span> <span class='ocrx_word' id='word_1_261' title='bbox 1063 3087 1146 3174; x_wconf 77' lang='lat' dir='ltr'>equi·</span> 
     </span>
     <span class='ocr_line' id='line_1_33' title="bbox 104 3172 1148 3258; baseline -0.002 -18"><span class='ocrx_word' id='word_1_262' title='bbox 104 3191 154 3240; x_wconf 88' lang='lat' dir='ltr'>tes</span> <span class='ocrx_word' id='word_1_263' title='bbox 177 3177 334 3258; x_wconf 73' lang='lat' dir='ltr'>”catellis</span> <span class='ocrx_word' id='word_1_264' title='bbox 365 3198 399 3239; x_wconf 87' lang='lat' dir='ltr'>ac</span> <span class='ocrx_word' id='word_1_265' title='bbox 422 3177 521 3239; x_wconf 88' lang='lat' dir='ltr'>fibulis</span> <span class='ocrx_word' id='word_1_266' title='bbox 544 3177 677 3240; x_wconf 84' lang='lat' dir='ltr'>donavit.</span> <span class='ocrx_word' id='word_1_267' title='bbox 701 3176 805 3238; x_wconf 88' lang='lat' dir='ltr'>donati</span> <span class='ocrx_word' id='word_1_268' title='bbox 828 3186 860 3235; x_wconf 92' lang='lat' dir='ltr'>et</span> <span class='ocrx_word' id='word_1_269' title='bbox 889 3172 1148 3258; x_wconf 66' lang='lat' dir='ltr'>centuriones‘ex</span> 
     </span>
     <span class='ocr_line' id='line_1_34' title="bbox 103 3258 1147 3348; baseline -0.007 -20"><span class='ocrx_word' id='word_1_270' title='bbox 103 3267 261 3345; x_wconf 87' lang='lat' dir='ltr'>utriusque</span> <span class='ocrx_word' id='word_1_271' title='bbox 284 3266 416 3328; x_wconf 84' lang='lat' dir='ltr'>exercitu</span> <span class='ocrx_word' id='word_1_272' title='bbox 432 3263 594 3348; x_wconf 86' lang='lat' dir='ltr'>permulti:</span> <span class='ocrx_word' id='word_1_273' title='bbox 625 3263 758 3326; x_wconf 88' lang='lat' dir='ltr'>maxime</span> <span class='ocrx_word' id='word_1_274' title='bbox 771 3261 821 3342; x_wconf 91' lang='lat' dir='ltr'>qui</span> <span class='ocrx_word' id='word_1_275' title='bbox 837 3258 971 3324; x_wconf 85' lang='lat' dir='ltr'>mediam</span> <span class='ocrx_word' id='word_1_276' title='bbox 987 3261 1085 3322; x_wconf 85' lang='lat' dir='ltr'>aciem</span> <span class='ocrx_word' id='word_1_277' title='bbox 1101 3272 1147 3322; x_wconf 88' lang='lat' dir='ltr'>te·</span> 
     </span>
     <span class='ocr_line' id='line_1_35' title="bbox 100 3365 245 3423; baseline -0.007 -10"><span class='ocrx_word' id='word_1_278' title='bbox 100 3365 245 3423; x_wconf 88' lang='lat' dir='ltr'>rrueruut.</span> 
     </span>
    </p>

    <p class='ocr_par' dir='ltr' id='par_1_10' title="bbox 101 3429 1295 3867">
     <span class='ocr_line' id='line_1_36' title="bbox 150 3429 1295 3515; baseline -0.005 -16"><span class='ocrx_word' id='word_1_279' title='bbox 150 3436 283 3500; x_wconf 87' lang='lat' dir='ltr'>XXXII.</span> <span class='ocrx_word' id='word_1_280' title='bbox 307 3435 454 3498; x_wconf 90' lang='lat' dir='ltr'>Consules</span> <span class='ocrx_word' id='word_1_281' title='bbox 477 3435 644 3498; x_wconf 91' lang='lat' dir='ltr'>delectibus</span> <span class='ocrx_word' id='word_1_282' title='bbox 668 3433 806 3515; x_wconf 86' lang='lat' dir='ltr'>aliisque,</span> <span class='ocrx_word' id='word_1_283' title='bbox 834 3455 899 3514; x_wconf 79' lang='lat' dir='ltr'>quae</span> <span class='ocrx_word' id='word_1_284' title='bbox 925 3429 1030 3508; x_wconf 84' lang='lat' dir='ltr'>Romae</span> <span class='ocrx_word' id='word_1_285' title='bbox 1055 3453 1148 3514; x_wconf 86' lang='lat' dir='ltr'>agen·</span> <span class='ocrx_word' id='word_1_286' title='bbox 1162 3462 1295 3511; x_wconf 53' lang='lat' dir='ltr'>Remu.</span> 
     </span>
     <span class='ocr_line' id='line_1_37' title="bbox 104 3519 1284 3606; baseline -0.008 -20"><span class='ocrx_word' id='word_1_287' title='bbox 104 3522 153 3586; x_wconf 77' lang='lat' dir='ltr'>dae</span> <span class='ocrx_word' id='word_1_288' title='bbox 179 3537 276 3601; x_wconf 80' lang='lat' dir='ltr'>erant,</span> <span class='ocrx_word' id='word_1_289' title='bbox 300 3525 431 3606; x_wconf 85' lang='lat' dir='ltr'>peractis</span> <span class='ocrx_word' id='word_1_290' title='bbox 456 3521 552 3600; x_wconf 87' lang='lat' dir='ltr'>rebus,</span> <span class='ocrx_word' id='word_1_291' title='bbox 576 3521 606 3582; x_wconf 92' lang='lat' dir='ltr'>in</span> <span class='ocrx_word' id='word_1_292' title='bbox 629 3520 755 3604; x_wconf 87' lang='lat' dir='ltr'>Ligures</span> <span class='ocrx_word' id='word_1_293' title='bbox 777 3519 962 3603; x_wconf 87' lang='lat' dir='ltr'>provinciam</span> <span class='ocrx_word' id='word_1_294' title='bbox 985 3521 1284 3590; x_wconf 71' lang='lat' dir='ltr'>exercitumgueages·</span> 
     </span>
     <span class='ocr_line' id='line_1_38' title="bbox 103 3601 1201 3690; baseline -0.004 -18"><span class='ocrx_word' id='word_1_295' title='bbox 103 3611 271 3672; x_wconf 87' lang='lat' dir='ltr'>duxerunt.</span> <span class='ocrx_word' id='word_1_296' title='bbox 330 3607 536 3690; x_wconf 86' lang='lat' dir='ltr'>Sempronius,</span> <span class='ocrx_word' id='word_1_297' title='bbox 558 3629 576 3668; x_wconf 88' lang='lat' dir='ltr'>a</span> <span class='ocrx_word' id='word_1_298' title='bbox 599 3606 673 3668; x_wconf 90' lang='lat' dir='ltr'>Pisis</span> <span class='ocrx_word' id='word_1_299' title='bbox 697 3606 849 3689; x_wconf 87' lang='lat' dir='ltr'>profectus</span> <span class='ocrx_word' id='word_1_300' title='bbox 877 3606 908 3665; x_wconf 91' lang='lat' dir='ltr'>in</span> <span class='ocrx_word' id='word_1_301' title='bbox 931 3605 1076 3686; x_wconf 87' lang='lat' dir='ltr'>Apuanos</span> <span class='ocrx_word' id='word_1_302' title='bbox 1098 3601 1201 3668; x_wconf 64' lang='lat' dir='ltr'>Iri-¹²·</span> 
     </span>
     <span class='ocr_line' id='line_1_39' title="bbox 101 3693 1150 3780; baseline -0.006 -22"><span class='ocrx_word' id='word_1_303' title='bbox 101 3719 206 3780; x_wconf 89' lang='lat' dir='ltr'>gures,</span> <span class='ocrx_word' id='word_1_304' title='bbox 226 3697 374 3757; x_wconf 83' lang='lat' dir='ltr'>vastando</span> <span class='ocrx_word' id='word_1_305' title='bbox 400 3717 500 3775; x_wconf 81' lang='lat' dir='ltr'>agros,</span> <span class='ocrx_word' id='word_1_306' title='bbox 522 3695 696 3774; x_wconf 89' lang='lat' dir='ltr'>urendoque</span> <span class='ocrx_word' id='word_1_307' title='bbox 718 3694 800 3754; x_wconf 88' lang='lat' dir='ltr'>vicos</span> <span class='ocrx_word' id='word_1_308' title='bbox 830 3705 862 3753; x_wconf 89' lang='lat' dir='ltr'>et</span> <span class='ocrx_word' id='word_1_309' title='bbox 887 3693 1013 3754; x_wconf 88' lang='lat' dir='ltr'>castella</span> <span class='ocrx_word' id='word_1_310' title='bbox 1035 3712 1150 3768; x_wconf 89' lang='lat' dir='ltr'>eorum,</span> 
     </span>
     <span class='ocr_line' id='line_1_40' title="bbox 103 3775 1149 3867; baseline -0.007 -21"><span class='ocrx_word' id='word_1_311' title='bbox 103 3785 226 3867; x_wconf 86' lang='lat' dir='ltr'>aperuit</span> <span class='ocrx_word' id='word_1_312' title='bbox 248 3783 359 3844; x_wconf 86' lang='lat' dir='ltr'>saltum</span> <span class='ocrx_word' id='word_1_313' title='bbox 381 3803 476 3863; x_wconf 90' lang='lat' dir='ltr'>usque</span> <span class='ocrx_word' id='word_1_314' title='bbox 499 3781 537 3842; x_wconf 87' lang='lat' dir='ltr'>ad</span> <span class='ocrx_word' id='word_1_315' title='bbox 561 3779 683 3841; x_wconf 86' lang='lat' dir='ltr'>fluvium</span> <span class='ocrx_word' id='word_1_316' title='bbox 699 3777 838 3840; x_wconf 82' lang='lat' dir='ltr'>Macram</span> <span class='ocrx_word' id='word_1_317' title='bbox 858 3789 889 3840; x_wconf 86' lang='lat' dir='ltr'>et</span> <span class='ocrx_word' id='word_1_318' title='bbox 904 3775 996 3840; x_wconf 87' lang='lat' dir='ltr'>Lunae</span> <span class='ocrx_word' id='word_1_319' title='bbox 1018 3789 1149 3862; x_wconf 89' lang='lat' dir='ltr'>portum.</span> 
     </span>
    </p>
   </div>
   <div class='ocr_carea' id='block_1_5' title="bbox 451 3913 725 3978">
    <p class='ocr_par' dir='ltr' id='par_1_11' title="bbox 451 3913 725 3978">
     <span class='ocr_line' id='line_1_41' title="bbox 451 3913 725 3978; baseline 0.007 -20"><span class='ocrx_word' id='word_1_320' title='bbox 451 3943 462 3956; x_wconf 78' lang='lat'><em>.</em></span> <span class='ocrx_word' id='word_1_321' title='bbox 531 3917 653 3962; x_wconf 69' lang='lat' dir='ltr'>continui</span> <span class='ocrx_word' id='word_1_322' title='bbox 663 3913 725 3978; x_wconf 84' lang='lat' dir='ltr'>Rup.</span> 
     </span>
    </p>
   </div>
   <div class='ocr_carea' id='block_1_6' title="bbox 99 4016 1151 4546">
    <p class='ocr_par' dir='ltr' id='par_1_12' title="bbox 99 4016 1151 4546">
     <span class='ocr_line' id='line_1_42' title="bbox 140 4016 1149 4084; baseline -0.004 -14"><span class='ocrx_word' id='word_1_323' title='bbox 140 4025 162 4060; x_wconf 76' lang='lat'>¹⁸</span> <span class='ocrx_word' id='word_1_324' title='bbox 176 4021 221 4071; x_wconf 79' lang='lat' dir='ltr'>Nec</span> <span class='ocrx_word' id='word_1_325' title='bbox 229 4019 529 4084; x_wconf 73' lang='lat' dir='ltr'>nastirrereulr&#39;isuperaliru]</span> <span class='ocrx_word' id='word_1_326' title='bbox 542 4021 610 4080; x_wconf 77' lang='lat' dir='ltr'>&#39;Lege</span> <span class='ocrx_word' id='word_1_327' title='bbox 676 4020 699 4052; x_wconf 66' lang='lat'>³⁰</span> <span class='ocrx_word' id='word_1_328' title='bbox 712 4016 821 4080; x_wconf 73' lang='lat' dir='ltr'>Phalaris]</span> <span class='ocrx_word' id='word_1_329' title='bbox 845 4017 898 4066; x_wconf 75' lang='lat' dir='ltr'>mr.</span> <span class='ocrx_word' id='word_1_330' title='bbox 915 4027 964 4066; x_wconf 88' lang='lat' dir='ltr'>not.</span> <span class='ocrx_word' id='word_1_331' title='bbox 985 4019 1008 4066; x_wconf 81' lang='lat' dir='ltr'>t.</span> <span class='ocrx_word' id='word_1_332' title='bbox 1024 4017 1053 4065; x_wconf 75' lang='lat' dir='ltr'>td</span> <span class='ocrx_word' id='word_1_333' title='bbox 1071 4033 1092 4066; x_wconf 91' lang='lat' dir='ltr'>c.</span> <span class='ocrx_word' id='word_1_334' title='bbox 1109 4019 1149 4066; x_wconf 83' lang='grc'>46.</span> 
     </span>
     <span class='ocr_line' id='line_1_43' title="bbox 103 4084 709 4146; baseline -0.012 -7"><span class='ocrx_word' id='word_1_335' title='bbox 103 4092 155 4146; x_wconf 82' lang='lat' dir='ltr'>siue</span> <span class='ocrx_word' id='word_1_336' title='bbox 178 4087 223 4136; x_wconf 84' lang='lat' dir='ltr'>nlla</span> <span class='ocrx_word' id='word_1_337' title='bbox 245 4088 384 4135; x_wconf 81' lang='lat' dir='ltr'>dubitatione</span> <span class='ocrx_word' id='word_1_338' title='bbox 407 4103 459 4133; x_wconf 80' lang='lat' dir='ltr'>curn</span> <span class='ocrx_word' id='word_1_339' title='bbox 478 4087 608 4135; x_wconf 83' lang='lat' dir='ltr'>Perizonio:</span> <span class='ocrx_word' id='word_1_340' title='bbox 642 4084 709 4134; x_wconf 77' lang='lat' dir='ltr'>l.1x.</span> 
     </span>
     <span class='ocr_line' id='line_1_44' title="bbox 102 4148 1150 4214; baseline -0.004 -14"><span class='ocrx_word' id='word_1_341' title='bbox 102 4155 287 4204; x_wconf 73' lang='lat' dir='ltr'>mnrnineri..</span> <span class='ocrx_word' id='word_1_342' title='bbox 295 4163 389 4214; x_wconf 76' lang='lat' dir='ltr'>parterm,</span> <span class='ocrx_word' id='word_1_343' title='bbox 398 4167 479 4212; x_wconf 83' lang='lat' dir='ltr'>nempe</span> <span class='ocrx_word' id='word_1_344' title='bbox 493 4151 599 4198; x_wconf 77' lang='lat' dir='ltr'>Rotnani.</span> <span class='ocrx_word' id='word_1_345' title='bbox 633 4173 637 4182; x_wconf 51' lang='grc' dir='ltr'><strong><em>ι</em></strong></span> <span class='ocrx_word' id='word_1_346' title='bbox 675 4151 693 4183; x_wconf 77' lang='lat'>²¹</span> <span class='ocrx_word' id='word_1_347' title='bbox 708 4149 760 4195; x_wconf 66' lang='lat' dir='ltr'>&amp;ror</span> <span class='ocrx_word' id='word_1_348' title='bbox 770 4148 860 4210; x_wconf 81' lang='lat' dir='ltr'>eqrriter]</span> <span class='ocrx_word' id='word_1_349' title='bbox 883 4149 929 4195; x_wconf 79' lang='lat' dir='ltr'>Eos</span> <span class='ocrx_word' id='word_1_350' title='bbox 944 4149 1150 4212; x_wconf 79' lang='lat' dir='ltr'>equitet,qurrtin</span> 
     </span>
     <span class='ocr_line' id='line_1_45' title="bbox 140 4213 1151 4280; baseline -0.002 -16"><span class='ocrx_word' id='word_1_351' title='bbox 140 4219 161 4256; x_wconf 80' lang='lat'>¹⁹</span> <span class='ocrx_word' id='word_1_352' title='bbox 169 4219 184 4247; x_wconf 77' lang='lat'>⁸</span> <span class='ocrx_word' id='word_1_353' title='bbox 194 4217 308 4280; x_wconf 68' lang='lat' dir='ltr'>Curense]</span> <span class='ocrx_word' id='word_1_354' title='bbox 330 4217 431 4264; x_wconf 83' lang='lat' dir='ltr'>Mnrirne</span> <span class='ocrx_word' id='word_1_355' title='bbox 448 4219 549 4264; x_wconf 80' lang='lat' dir='ltr'>lecerunt</span> <span class='ocrx_word' id='word_1_356' title='bbox 561 4233 612 4280; x_wconf 80' lang='lat' dir='ltr'>spe·</span> <span class='ocrx_word' id='word_1_357' title='bbox 645 4230 720 4280; x_wconf 75' lang='lat' dir='ltr'>pugno</span> <span class='ocrx_word' id='word_1_358' title='bbox 731 4214 789 4262; x_wconf 80' lang='lat' dir='ltr'>cirea</span> <span class='ocrx_word' id='word_1_359' title='bbox 801 4227 825 4260; x_wconf 84' lang='lat' dir='ltr'>se</span> <span class='ocrx_word' id='word_1_360' title='bbox 836 4214 955 4262; x_wconf 71' lang='lat' dir='ltr'>habuerat.</span> <span class='ocrx_word' id='word_1_361' title='bbox 986 4213 1039 4262; x_wconf 89' lang='lat' dir='ltr'>Vid.</span> <span class='ocrx_word' id='word_1_362' title='bbox 1051 4227 1099 4261; x_wconf 84' lang='lat' dir='ltr'>not.</span> <span class='ocrx_word' id='word_1_363' title='bbox 1114 4215 1151 4262; x_wconf 82' lang='lat'>17.</span> 
     </span>
     <span class='ocr_line' id='line_1_46' title="bbox 102 4281 716 4342; baseline -0.013 -9"><span class='ocrx_word' id='word_1_364' title='bbox 102 4287 164 4334; x_wconf 82' lang='lat' dir='ltr'>ciem</span> <span class='ocrx_word' id='word_1_365' title='bbox 176 4297 278 4332; x_wconf 82' lang='lat' dir='ltr'>eruenrre</span> <span class='ocrx_word' id='word_1_366' title='bbox 289 4283 398 4337; x_wconf 72' lang='lat' dir='ltr'>victoriae,</span> <span class='ocrx_word' id='word_1_367' title='bbox 407 4281 505 4328; x_wconf 79' lang='lat' dir='ltr'>maxime</span> <span class='ocrx_word' id='word_1_368' title='bbox 522 4282 544 4328; x_wconf 85' lang='lat' dir='ltr'>ln</span> <span class='ocrx_word' id='word_1_369' title='bbox 558 4297 611 4328; x_wconf 86' lang='lat' dir='ltr'>cau·</span> <span class='ocrx_word' id='word_1_370' title='bbox 644 4295 716 4342; x_wconf 80' lang='lat' dir='ltr'>supra.</span> 
     </span>
     <span class='ocr_line' id='line_1_47' title="bbox 102 4341 1151 4406; baseline -0.005 -9"><span class='ocrx_word' id='word_1_371' title='bbox 102 4367 130 4401; x_wconf 66' lang='lat' dir='ltr'>n,</span> <span class='ocrx_word' id='word_1_372' title='bbox 146 4353 241 4397; x_wconf 84' lang='lat' dir='ltr'>suerunt</span> <span class='ocrx_word' id='word_1_373' title='bbox 257 4365 297 4396; x_wconf 87' lang='lat' dir='ltr'>cur</span> <span class='ocrx_word' id='word_1_374' title='bbox 308 4349 401 4396; x_wconf 76' lang='lat' dir='ltr'>victoria</span> <span class='ocrx_word' id='word_1_375' title='bbox 418 4359 511 4395; x_wconf 80' lang='lat' dir='ltr'>cruenta</span> <span class='ocrx_word' id='word_1_376' title='bbox 526 4347 612 4406; x_wconf 80' lang='lat' dir='ltr'>judica·</span> <span class='ocrx_word' id='word_1_377' title='bbox 676 4344 698 4379; x_wconf 63' lang='grc' dir='ltr'><strong>ἥ</strong></span> <span class='ocrx_word' id='word_1_378' title='bbox 710 4341 810 4404; x_wconf 77' lang='lat' dir='ltr'>Cmellir]</span> <span class='ocrx_word' id='word_1_379' title='bbox 829 4343 855 4390; x_wconf 82' lang='lat' dir='ltr'>id</span> <span class='ocrx_word' id='word_1_380' title='bbox 867 4355 911 4401; x_wconf 81' lang='lat' dir='ltr'>ert,</span> <span class='ocrx_word' id='word_1_381' title='bbox 925 4343 1042 4398; x_wconf 75' lang='lat' dir='ltr'>catenulis,</span> <span class='ocrx_word' id='word_1_382' title='bbox 1053 4359 1104 4406; x_wconf 75' lang='lat' dir='ltr'>ques</span> <span class='ocrx_word' id='word_1_383' title='bbox 1115 4359 1151 4392; x_wconf 80' lang='lat' dir='ltr'>er·</span> 
     </span>
     <span class='ocr_line' id='line_1_48' title="bbox 101 4409 1101 4474; baseline -0.006 -10"><span class='ocrx_word' id='word_1_384' title='bbox 101 4425 176 4464; x_wconf 72' lang='lat' dir='ltr'>retur.</span> <span class='ocrx_word' id='word_1_385' title='bbox 211 4413 303 4460; x_wconf 87' lang='lat' dir='ltr'>Etenim</span> <span class='ocrx_word' id='word_1_386' title='bbox 315 4413 414 4472; x_wconf 78' lang='lat' dir='ltr'>insignes</span> <span class='ocrx_word' id='word_1_387' title='bbox 425 4414 467 4459; x_wconf 81' lang='lat' dir='ltr'>viri</span> <span class='ocrx_word' id='word_1_388' title='bbox 478 4413 552 4458; x_wconf 73' lang='lat' dir='ltr'>amini</span> <span class='ocrx_word' id='word_1_389' title='bbox 564 4427 612 4458; x_wconf 81' lang='lat' dir='ltr'>nra.</span> <span class='ocrx_word' id='word_1_390' title='bbox 644 4421 696 4458; x_wconf 76' lang='lat' dir='ltr'>sent</span> <span class='ocrx_word' id='word_1_391' title='bbox 706 4425 748 4474; x_wconf 87' lang='lat' dir='ltr'>pro</span> <span class='ocrx_word' id='word_1_392' title='bbox 759 4409 891 4472; x_wconf 81' lang='lat' dir='ltr'>quibusdam</span> <span class='ocrx_word' id='word_1_393' title='bbox 903 4410 966 4472; x_wconf 80' lang='lat' dir='ltr'>quasi</span> <span class='ocrx_word' id='word_1_394' title='bbox 977 4411 1101 4472; x_wconf 75' lang='lat' dir='ltr'>torquibus.</span> 
     </span>
     <span class='ocr_line' id='line_1_49' title="bbox 99 4481 1057 4546; baseline -0.003 -18"><span class='ocrx_word' id='word_1_395' title='bbox 99 4481 139 4545; x_wconf 79' lang='lat' dir='ltr'>jus</span> <span class='ocrx_word' id='word_1_396' title='bbox 151 4491 206 4528; x_wconf 82' lang='lat' dir='ltr'>surrt</span> <span class='ocrx_word' id='word_1_397' title='bbox 218 4493 284 4544; x_wconf 80' lang='lat' dir='ltr'>quarn</span> <span class='ocrx_word' id='word_1_398' title='bbox 296 4493 338 4546; x_wconf 93' lang='lat' dir='ltr'>pro</span> <span class='ocrx_word' id='word_1_399' title='bbox 348 4493 445 4528; x_wconf 82' lang='lat' dir='ltr'>numero</span> <span class='ocrx_word' id='word_1_400' title='bbox 455 4481 571 4528; x_wconf 82' lang='lat' dir='ltr'>damnum.</span> <span class='ocrx_word' id='word_1_401' title='bbox 1054 4487 1057 4494; x_wconf 93' lang='grc'><strong><em>·</em></strong></span> 
     </span>
    </p>
   </div>
   <div class='ocr_carea' id='block_1_7' title="bbox 0 0 1518 5164">
    <p class='ocr_par' dir='ltr' id='par_1_13' title="bbox 0 0 1518 5164">
     <span class='ocr_line' id='line_1_50' title="bbox 0 0 1518 5164; baseline 0 0"><span class='ocrx_word' id='word_1_402' title='bbox 0 0 1518 5164; x_wconf 95' lang='lat' dir='ltr'> </span> 
     </span>
    </p>
   </div>
  </div>
 </body>
</html>
