3110 5204
332 347 344 356 “
441 385 520 447 ma.
541 381 690 448 xxxur.
708 385 793 448 car.
812 383 927 448 xxrv.
1150 393 1209 454 ros

161 539 263 618 tione,
279 557 372 620 quum
392 537 551 603 menum
574 561 696 604 omnem
721 551 861 603 senatum
886 539 1015 620 videret,
1038 539 1095 602 ⁸in
1110 549 1215 606 monte
1228 543 1368 616 u.e,s5'5';

156 627 288 689 -Albano
314 647 348 688 se
372 626 640 710 triumphaturum,
673 639 705 690 et
731 627 800 710 jure
832 627 951 709 imperii
980 626 1370 707 consumente-1⁹⁷·

157 713 334 776 multorum
359 713 506 775 clarorum
526 714 659 776 virorum
686 713 838 796 exemplo,
864 714 953 776 dixit.
997 712 1033 776 C.
1057 712 1216 776 Cornelius
1229 733 1352 785 eorsum

156 799 208 862 nie
244 797 420 876 Insubribus
455 795 700 882 Cenomanisque
733 801 766 861 in
798 801 976 881 magistratu
1008 799 1216 882 triumphavit.
1229 799 1331 859 nurse,

157 885 267 948 multa
300 886 390 966 signa
419 885 542 948 militari
575 886 657 964 tulit,
690 887 789 948 multa
816 883 935 948 Gallica
962 886 1060 968 spolia
1087 887 1216 969 captivis

169 972 323 1054 carpentis
362 972 547 1034 transvexit:
579 971 679 1034 multi
716 972 832 1035 nobiles
870 970 949 1035 Galli
984 981 1057 1036 ante
1094 993 1216 1036 currum

158 1059 324 1136 ⁴traducti3
356 1059 437 1120 inter
458 1079 545 1143 quos,
568 1059 704 1141 quidam,
745 1057 976 1121 ⁰Hamilcarem
1006 1059 1113 1121 ducem
1145 1057 1216 1122 Poe-

159 1165 278 1207 ·norunr
312 1144 416 1225 fuisse,
445 1157 585 1208 auctores
620 1157 700 1208 sunt.
744 1141 889 1208 Ceterum
911 1144 1009 1227 magis
1030 1145 1064 1208 in
1086 1166 1120 1208 se
1141 1165 1216 1208 con-

168 1231 261 1294 vertit
291 1233 396 1294 oculos
423 1230 673 1295 Cremonensium
702 1231 1006 1312 Placentinorumque
1039 1231 1216 1294 sensuam

168 1319 261 1380 turba
286 1319 504 1401 ⁷pileatorum‚
526 1339 647 1382 currum
669 1317 871 1400 sequentium.
913 1315 1001 1380 Tulit
1015 1318 1047 1379 in
1064 1317 1217 1399 triumpho

171 1403 328 1466 ³ducenta
342 1405 471 1486 triginta
495 1416 613 1487 septem
633 1405 738 1481 millia,
762 1403 944 1484 quingentos
969 1403 1045 1480 aris,
1072 1404 1216 1485 ⁹argenti

164 1489 268 1570 bigati
291 1491 487 1573 septuaginta
509 1511 618 1553 novem
642 1490 746 1551 millia.
769 1492 796 1528 ¹⁰
810 1499 1012 1571 septuagenos
1027 1489 1094 1550 seris
1109 1489 1217 1550 militi-

170 1577 226 1638 bus
256 1576 380 1638 divisit:
415 1577 456 1638 du
478 1577 527 1639 lex
550 1577 656 1659 equiti,
686 1575 798 1657 triplex
819 1574 1000 1638 centurioni.
1044 1573 1084 1644 Q.
1109 1570 1216 1636 Minu·
1230 1587 1385 1640 Minucium

159 1662 236 1724 cius
259 1663 364 1724 consul
390 1662 430 1724 de
451 1595 611 1746 bigaribus
634 1661 779 1742 Boiisque
801 1657 897 1722 Gallis
918 1661 949 1722 in
975 1672 1080 1723 moute
1095 1659 1217 1722 Albano
1229 1665 1309 1704 ΜΨ
1319 1655 1367 1732 Ν·

161 1749 379 1831 triumphavit.
402 1751 429 1810 is
452 1750 634 1832 triumphus,
649 1759 684 1812 ut
698 1749 777 1822 loco,
793 1759 825 1810 et
840 1747 923 1810 lama
938 1767 1036 1809 rerum
1050 1721 1384 1850 gestamm,1b,¹h2‘'·‘²¹“m'

160 1845 207 1896 —et
222 1835 303 1916 quod
329 1847 461 1898 sumtum
483 1856 546 1898 non
572 1845 732 1917 erogatum
754 1855 792 1895 ex
815 1835 920 1896 aerario
941 1833 1218 1908 omnessciebant,
1277 1839 1279 1846 '

159 1921 381 1984 inhonoratior
402 1922 479 1983 suit:
504 1923 549 1984 ita
570 1923 675 2004 signis,
697 1921 919 2002 carpentisque,
941 1931 973 1981 et
994 1919 1099 2000 spoliis
1122 1918 1219 1982 ferme
1307 1997 1310 2008 .

163 2007 320 2088 aequabet.
365 2007 502 2070 Pecuniae
524 2009 618 2070 etiam
640 2028 737 2090 prope
766 2027 821 2090 par
850 2025 969 2067 summa
988 2003 1082 2066 ‘fuite
1115 2009 1138 2043 ²²
1152 2005 1219 2066 aeris

167 2093 320 2156 translata
333 2095 466 2156 ducenta
481 2111 513 2157 et
528 2093 748 2176 quinquaginta
774 2102 904 2172 quatuor
929 2091 1037 2168 millia,
1063 2092 1089 2129 ¹²
1102 2089 1219 2171 argenti

168 2179 268 2260 bigati
285 2181 507 2262 quinquaginta
527 2181 587 2244 tria
608 2181 703 2242 millia
725 2190 758 2241 et
779 2178 913 2240 ducenti.
937 2177 1085 2238 militibus
1112 2185 1220 2236 centu-

167 2265 365 2350 rionibusque
379 2278 412 2329 et
437 2267 589 2347 equitibus
604 2267 679 2329 item
694 2265 725 2326 in
741 2263 875 2345 singulos
891 2263 1009 2343 datum,
1029 2261 1112 2342 quod
1126 2261 1220 2324 derle-

165 2363 217 2413 rat
232 2351 363 2433 collega.
1076 2375 1081 2381 ·

183 2435 332 2500 ·XXlV.
355 2435 531 2501 Secundum
572 2436 760 2518 triumphum
796 2437 968 2499 consularia
1001 2435 1128 2498 comitia
1163 2435 1220 2497 ha·
1234 2443 1342 2498 Gemitu.

168 2523 245 2587 bita.
271 2526 368 2586 creati
399 2526 539 2588 consules
562 2521 597 2588 1..
628 2522 734 2584 Furius
765 2521 916 2606 Purpureo
943 2533 975 2583 et
1001 2519 1048 2583 M.
1076 2520 1220 2586 Claudius

170 2607 348 2672 Marcellus.
394 2609 538 2673 Praetores
567 2619 689 2691 postero
716 2609 876 2686 diessen,
904 2608 943 2679 Q.
969 2606 1080 2670 Fabius
1108 2606 1220 2686 Buteo,
1259 2609 1263 2614 '
1304 2615 1307 2622 '

165 2693 222 2759 Ἦ.
238 2693 436 2779 Sempronius
452 2693 587 2778 Longus,
603 2695 640 2766 Q.
656 2693 811 2756 Minucius
832 2693 995 2774 Thermus,
1021 2692 1081 2756 M’.
1103 2692 1220 2756 Acilius
1241 2693 1247 2700 '

165 2780 309 2862 Glabrio,
334 2780 371 2845 1..
385 2782 532 2865 Apustius
553 2781 650 2859 Fullo,
671 2779 708 2844 C.
724 2779 840 2844 laelius.
884 2781 979 2845 Exitu
1002 2779 1066 2862 ejus
1089 2781 1161 2842 anni
1182 2780 1220 2842 li-

170 2880 246 2931 tera
271 2888 291 2929 a
309 2867 349 2930 Τ.
364 2868 510 2939 Quinctio
536 2879 696 2946 venerunt,
720 2889 752 2929 se
779 2869 873 2949 signis
897 2867 1027 2931 conlatis
1054 2886 1124 2928 curn
1148 2887 1220 2946 rege

172 2953 314 3038 Philippo
338 2956 371 3015 in
388 2952 548 3016 Thessalia
569 2975 740 3038 pugnasse:
764 2954 898 3016 hostium
925 2955 1092 3018 exercitum
1120 2953 1248 3020 susum.
1274 2963 1280 2970 '
1308 2947 1311 2954 ’

163 3041 385 3122 -lugatumque
429 3039 486 3103 Hae
506 3042 601 3104 litera
622 3042 704 3123 prius
727 3041 759 3102 in
781 3051 889 3103 senatu
911 3062 930 3102 a
952 3038 1059 3121 Sergio
1081 3050 1220 3122 pretore,

165 3127 287 3189 :deinde
310 3147 349 3188 ex
371 3128 552 3189 auctoritate
582 3127 707 3190 Petrum
737 3128 769 3189 in
798 3128 946 3190 concione
975 3139 1047 3200 sunt
1076 3128 1220 3188 recitate.

160 3209 227 3273 -Ob
247 3233 295 3273 res
315 3233 456 3296 prospere
481 3225 581 3296 gestas
608 3215 640 3275 in
661 3215 726 3275 dies
741 3210 881 3294 'quinque
903 3213 1141 3294 supplicationes
1167 3211 1220 3271 dc-

159 3309 276 3359 -cretm
319 3297 406 3362 Brevi
429 3311 500 3382 post
526 3300 619 3382 legati
640 3312 673 3362 et
693 3296 764 3360 aT.
781 3298 926 3369 Quinctio
942 3309 974 3358 et
989 3298 1028 3357 ab
1042 3316 1114 3376 rege
1128 3315 1221 3358 vene·

171 3395 256 3446 runt.
300 3383 485 3448 Macedones
510 3385 635 3448 deducti
659 3395 746 3448 extra
760 3385 865 3446 urbem
881 3383 913 3445 in
927 3383 1031 3445 villam
1046 3382 1220 3464 publicam3
1234 3407 1376 3462 Macedones

175 3470 374 3551 ¹³ibique=iis
396 3473 480 3534 locus
502 3485 535 3535 et
557 3472 651 3534 lautia
673 3471 818 3553 praebita:
846 3469 940 3532 etad
960 3469 1057 3532 edem
1087 3467 1221 3532 Bellonae
1234 3474 1362 3538 lesnabe-

171 3567 299 3621 senatus
314 3551 360 3620 est
376 3559 507 3624 babitus.
551 3556 645 3623 Haud
659 3558 863 3621 multaverba
882 3557 975 3637 lacta,
997 3577 1090 3640 quum
1114 3554 1222 3620 Mace·
1234 3556 1290 3593 Μ·

199 3741 219 3776 ‘⁵
229 3740 245 3770 ⁸
260 3742 289 3791 ln
305 3753 377 3794 morte
391 3745 477 3795 Albano
496 3759 517 3794 re
535 3745 684 3808 rrsunptan-
717 3745 799 3820 mercis
816 3745 905 3806 argenti
919 3746 1058 3796 nemesium
1077 3745 1148 3796 lust.
1169 3755 1223 3793 erun

174 3808 608 3942 rutpmqlbrqqpppcqtnqvqgm]
627 3874 683 3924 vid.
715 3809 927 3942 mllbquliiiigenor
948 3874 1010 3938 eris]
1045 3876 1157 3939 Septenos
1182 3874 1224 3922 de·

173 3947 228 3987 not.
240 3938 279 3987 27.
288 3940 316 3987 ad
327 3940 342 3987 l.
356 3953 445 3990 xxxii.
457 3955 478 3989 e.
488 3941 529 3990 30.
716 3940 804 3988 uarias:
821 3941 898 3988 minus
909 3941 1003 4001 singulis
1014 3940 1100 4002 argrini
1111 3937 1191 3986 unciis.

210 4000 382 4070 ⁷Pr'teatnrnn]
398 4005 558 4060 Quiescilicet
575 4007 685 4056 servitute
738 4003 845 4066 ‚¹¹AEris
862 4040 884 4056 ..
905 4007 1000 4053 ducenta
1021 4015 1042 4054 et
1064 4003 1224 4066 quinpraginta

159 4067 391 4132 'exemptifnerrnn
421 4067 665 4122 Vid.lxxx.c.45.
717 4079 811 4134 protum
830 4069 913 4134 millia]
937 4067 1034 4118 Denarii
1056 4067 1143 4117 25400.
1162 4079 1225 4113 mer-

161 4142 166 4150 “
209 4133 378 4185 ³Ducentetn‘
394 4139 525 4198 intemptent
539 4139 685 4198 milliaqur'n·
719 4153 752 4185 cee
768 4136 855 4199 argenti
869 4145 981 4186 uostrates
993 4133 1049 4184 396.
1066 4147 1119 4180 cum
1134 4142 1225 4194 septem

177 4207 252 4266 gentos
269 4201 328 4263 eris]
359 4153 393 4250 ll
406 4213 450 4262 est,
470 4202 573 4252 denarios
597 4201 685 4253 23750.
717 4199 797 4250 unciis.

178 4279 266 4316 marem
287 4269 377 4330 argenti
404 4267 545 4318 Parisieuses·
556 4269 613 4318 371.
633 4281 686 4315 cum
752 4267 773 4301 ¹²
784 4265 879 4330 Argenti
903 4266 925 4313 b·
940 4266 972 4313 nrt
997 4265 1155 4328 pninprrginra
1180 4263 1225 4310 nr'n

159 4329 249 4400 „tribus
259 4333 333 4384 unciae
344 4333 455 4400 partibus.
718 4333 790 4382 nullia
799 4340 820 4380 et
830 4280 940 4396 decentii
949 4331 1045 4379 Denarii
1060 4329 1147 4378 53200.
1158 4326 1226 4375 Mar·

209 4399 328 4466 turgent
357 4399 437 4466 ligate]
467 4397 624 4448 Denariorum
648 4395 688 4460 qui
701 4399 707 4408 '
720 4414 754 4446 cae
765 4401 876 4446 nostrates
887 4397 942 4446 831.
955 4411 1008 4444 cum
1019 4391 1104 4443 duabus
1112 4392 1193 4442 unciis.

157 4460 280 4529 Jbigarum
300 4469 394 4530 liguram
415 4465 551 4532 insculptam
573 4472 686 4526 gererent.
753 4461 862 4526 ”Ibique
878 4462 906 4510 ἐὺ
927 4461 996 4528 bens]
1020 4459 1073 4511 Vld·
1092 4469 1141 4510 not.
1163 4458 1190 4509 ad
1207 4453 1224 4504 l·

176 4529 250 4581 Porro
278 4533 368 4585 19000.
403 4532 489 4584 denarii
521 4531 687 4598 aequiparantur
718 4543 786 4586 xxx.
798 4545 819 4582 c.
834 4529 870 4580 17.
881 4539 955 4595 utun.
