3068 5186
420 385 898 451 nm.xxxvn1.ci1².xnn.
1125 397 1186 460 nr
1328 373 1331 380 '

132 539 191 602 bus
213 539 255 602 ad
279 541 476 624 magistratus
500 546 709 630 subrogandos
733 545 867 610 Romam
891 545 985 627 venit,
1009 545 1095 612 nulla
1119 569 1184 613 me·
1198 561 1344 617 umam.

133 627 275 689 morabili
291 629 322 690 in
337 633 494 713 provincie
508 646 653 716 regesta,
668 644 704 697 ut
723 655 761 698 ea
785 635 951 718 probabilis
971 655 1063 698 morse
1079 655 1187 701 caussa
1198 631 1229 685 A·
1239 631 1269 680 ⁰·
1283 631 1343 684 ¹⁸⁸·

133 725 225 789 esset,
239 717 323 799 quod
337 717 428 780 solito
443 720 537 782 serius
553 721 594 782 ad
612 721 738 784 comitia
760 723 904 786 venisset.
949 721 1085 786 Comitia
1110 743 1185 786 con·
1198 734 1308 788 malda

134 799 249 864 sulibus
274 803 418 885 rogandis
438 805 561 869 inerunt
582 819 654 870 ante
677 806 760 870 diem
784 809 1001 872 duodecimum
1028 807 1186 874 Kalendas

134 884 277 950 Martias.
303 892 396 953 creati
422 889 471 955 M.
497 891 643 956 AEmilius
667 892 812 978 Lepidus,
838 896 875 959 C.
890 895 1067 976 Flaminius,
1111 895 1185 960 Pos-

133 983 202 1036 tero
232 975 292 1049 die,
308 989 451 1060 praetores
475 978 551 1041 iacti
576 979 637 1062 Ap.
654 977 802 1043 Claudius
828 981 968 1062 Pulcher,
993 980 1059 1047 Ser.
1083 981 1186 1070 Sulpi·

135 1060 201 1122 cius
215 1058 326 1142 Galba,
342 1063 381 1135 Q.
395 1063 556 1129 Terentius
572 1065 691 1146 Culleo,
712 1071 739 1107 ⁴⁸
750 1065 787 1129 L.
801 1066 964 1132 Terentius
978 1068 1153 1132 Massiliota
1161 1080 1186 1150 ⁸,

135 1146 175 1218 Q.
193 1145 314 1226 Fulvius
330 1149 468 1232 Flaccus,
489 1151 537 1215 M.
553 1151 661 1216 Furius
686 1151 853 1238 Crassipes.
898 1154 1041 1218 Comitiis
1067 1157 1187 1239 periec-

134 1233 187 1313 tis,
203 1255 277 1317 quas
292 1239 464 1319 provincias
477 1241 656 1323 praetoribus
671 1261 736 1304 esse
751 1241 900 1324 placeret,
921 1241 1026 1306 retulit
1040 1243 1081 1305 ad
1095 1264 1185 1306 sena-

133 1333 201 1384 tum
216 1325 331 1387 consul.
346 1326 544 1390 decreuerunt
562 1327 638 1390 duas
662 1326 778 1406 Roma,
798 1327 875 1411 juris
902 1329 1028 1392 dicundi
1054 1349 1162 1392 caussa
1173 1353 1184 1409 ;

133 1407 210 1470 duas
234 1420 322 1472 extra
345 1411 478 1492 Italiam,
501 1411 637 1476 Siciliam
663 1424 695 1476 et
718 1411 912 1492 Sardiniam
944 1415 1019 1478 duas
1034 1416 1066 1477 ln
1083 1415 1185 1496 ltalia,

130 1489 304 1559 Tarentum
320 1510 352 1562 et
367 1497 510 1564 Galliam.
532 1511 564 1563 et
585 1501 752 1584 extemplo,
778 1501 952 1584 priusquam
978 1501 1091 1566 inirent
1117 1525 1185 1566 ma·

132 1581 305 1663 gistratum,
332 1587 432 1649 sortiri
452 1587 539 1668 jussi.
585 1585 651 1650 Ser.
672 1585 824 1672 Sulpicius
839 1588 998 1667 urbanam,
1014 1587 1052 1660 Q.
1066 1585 1186 1651 Teren-

134 1669 194 1731 tius
209 1673 401 1754 peregrinam
413 1687 459 1738 est
475 1674 612 1738 sortitus.
623 1672 657 1736 1.
670 1672 834 1738 Terentius
847 1673 994 1752 Siciliam,
1005 1673 1045 1745 Q.
1061 1672 1185 1738 Fuluius

133 1751 320 1838 Sardiniam,
336 1759 397 1844 Ap.
414 1759 559 1823 Claudius
573 1758 753 1839 Tarentum,
770 1761 817 1822 M.
835 1760 941 1824 liuius
956 1759 1098 1824 Galliam.
1135 1759 1184 1824 Eo

133 1861 217 1906 anno
231 1842 266 1907 1.
281 1844 436 1910 Minucius
451 1847 595 1932 Myrtilus
611 1861 643 1911 et
658 1846 694 1911 L.
710 1847 856 1926 Manlius,
872 1848 955 1930 quod
971 1847 1087 1930 legatos
1102 1847 1182 1912 Kar·
1195 1863 1245 1922 ool
1254 1869 1331 1936 pn...

133 1929 341 2013 thaginienses
368 1936 503 2017 pulsasse
525 1935 713 2014 dicebantur,
733 1933 820 2015 jussu
844 1933 892 1997 M.
911 1932 1031 1998 Claudii
1044 1937 1182 2018 praetoris
1193 1945 1246 1983 ‘⁸¹¹²
1259 1938 1344 1987 Pana
1427 1935 1438 2026 J

131 2018 216 2080 urbis
232 2039 288 2102 per
303 2020 425 2108 feciales
440 2022 545 2084 traditi
562 2033 633 2085 sunt
648 2022 767 2104 legatis,
788 2033 819 2084 et
834 2020 1056 2104 Karthaginem
1072 2025 1181 2085 avecti.
1193 2000 1345 2113 ffim’m'

134 2101 172 2165 ln
192 2103 351 2188 Liguribus
377 2109 481 2190 magni
508 2109 592 2187 belli,
616 2119 649 2172 et
663 2109 820 2191 gliscentis
836 2109 868 2172 in
884 2109 949 2172 dies
965 2108 1073 2191 magis,
1097 2098 1340 2182 famambhsa.

108 2218 111 2228 ¹
133 2202 210 2253 erat.
225 2193 328 2275 itaque
343 2193 516 2258 consulibus
537 2197 633 2273 novis,
649 2215 709 2277 quo
730 2195 780 2257 die
796 2195 834 2258 de
853 2195 1015 2277 prouinciis
1030 2206 1062 2258 et
1077 2195 1117 2258 de
1132 2217 1181 2258 re·
1193 2195 1226 2243 A.
1238 2195 1269 2244 ⁰·
1283 2196 1338 2272 ¹⁸3·

130 2279 257 2359 publica
270 2281 446 2360 retulerunt,
461 2293 584 2345 senatus
606 2283 758 2364 utrisque¹
783 2279 910 2363 Ligures
923 2281 1111 2365 provinciam
1126 2282 1180 2345 de-
1192 2258 1340 2372 &32³ss

131 2365 239 2428 crevit.
281 2365 363 2429 Huic
386 2369 649 2432 senatusconsulto
671 2367 804 2452 lepidus
830 2369 936 2432 consul
960 2369 1181 2449 intercedebat,
1194 2388 1260 2438 ce..

128 2449 143 2484 ‘
159 2448 323 2536 lndignum
333 2453 409 2516 esse'
418 2455 596 2537 predicans,
605 2455 617 2488 ‘
624 2455 763 2518 consules
775 2457 882 2518 ambos
892 2455 923 2516 in
932 2455 1026 2518 ualles
1037 2453 1180 2538 ligurinum
1194 2453 1293 2532 utores

131 2535 285 2602 ‘includi
329 2539 377 2603 M.
393 2539 531 2604 Fulvium
551 2553 583 2605 et
598 2541 656 2604 Cn.
672 2541 824 2604 Manlium
845 2542 999 2604 biennium
1011 2540 1089 2624 jam,
1105 2544 1181 2606 alte-
1193 2521 1308 2637 ΨΜ

128 2622 226 2686 ‘rum
241 2626 274 2688 in
288 2625 420 2710 Europa,
435 2629 563 2691 alterum
579 2629 610 2691 in
630 2627 716 2706 Asia,
741 2629 824 2692 velut
848 2649 905 2712 pro
930 2627 1071 2713 Philippo
1088 2640 1180 2714 atquc

130 2708 145 2742 ‘
158 2709 315 2775 Antiocho
333 2715 522 2793 substitutos,
533 2735 669 2796 regnare.
704 2711 738 2776 si
747 2716 900 2786 exercitus
912 2715 943 2777 in
955 2714 1002 2777 his
1014 2716 1101 2778 terris
1113 2737 1180 2780 esse

107 2795 881 2952 ·1trutinummussulam
890 2813 1181 2952 Ptttdllffit‘·

131 2968 145 3004 ‘
159 2905 275 3035 dieislll
290 2994 352 3036 non
367 2975 418 3054 sit,
430 2994 539 3056 pacem
548 2908 870 3058 presiollgnditantes'
883 2908 928 3036 qSi
941 2995 993 3036 eas
1008 2975 1178 3058 provincias

130 3055 144 3090 ‘
157 3060 338 3123 exercitibus
350 3061 489 3124 obtinere
505 3081 583 3142 opus
598 3071 677 3124 esset
684 3083 695 3140 ;
711 3065 738 3101 ⁴⁴
748 3062 829 3123 sicut
839 3058 898 3122 Μ’.
909 3061 1012 3124 Acilio
1024 3059 1061 3124 L.
1073 3059 1179 3146 Scipio

129 3142 145 3177 ‘
159 3146 274 3224 consul,
287 3144 323 3210 L.
336 3145 497 3231 Scipioni!
512 3145 559 3209 M.
571 3146 692 3210 Fulviam
703 3159 736 3210 et
747 3146 806 3209 Cn.
818 3145 953 3213 Manlius
965 3149 1180 3211 successissent

130 3229 144 3264 ‘
159 3234 295 3296 consules
303 3256 316 3312 3
340 3235 385 3298 ita
400 3233 506 3298 Fulvio
528 3232 709 3317 Manlioque
732 3231 769 3296 C.
784 3231 902 3296 Livium
917 3245 950 3296 et
960 3231 1008 3296 M.
1021 3231 1180 3298 Valerium
1271 3235 1273 3238 ’

130 3316 298 3383 ‘consules
314 3321 454 3384 debuisse
468 3320 639 3384 succedere.
655 3341 738 3382 nunc
761 3331 855 3398 certe,
881 3314 1018 3403 perlecto
1040 3317 1179 3384 AEtolico

127 3403 142 3436 ⁴
157 3405 247 3485 bello,
262 3420 386 3492 recepta
395 3408 435 3471 ab
444 3407 600 3470 Antiocho
611 3405 697 3486 Asia,
713 3407 841 3470 devictis
853 3403 961 3486 Gallis,
976 3418 1031 3470 aut
1043 3407 1180 3472 consules

92 3507 97 3514 ·
128 3490 143 3524 ‘
156 3493 196 3554 ad
208 3496 359 3559 exercitus
368 3495 543 3558 consulares
552 3494 645 3574 mitti,
656 3493 862 3578 autreportari
873 3492 1009 3575 legiones
1020 3494 1179 3575 inde,red·

95 3639 96 3642 ¹
160 3632 395 3685 Quacum.
419 3635 575 3687 manem·
671 3633 945 3700 'aauomecftb
1010 3631 1181 3710 '‘L·⁸⁶l'¹'⁰

128 3700 213 3764 meat,
223 3695 254 3750 L.
267 3699 363 3763 Scipioni
372 3703 389 3752 l.
399 3699 429 3751 1.
438 3701 536 3765 Scipioni
546 3701 668 3751 mallibus
678 3699 743 3749 End·

162 3801 361 3856 ⁰1.qu
382 3805 465 3870 aba]
500 3807 638 3873 &momen
670 3805 818 3865 hicinAsia,
836 3803 1015 3856 illeinAErolia.
1053 3806 1100 3856 Sed
1111 3807 1180 3861 Mra.

129 3867 200 3935 hujus
217 3871 320 3934 pretoria
336 3871 419 3934 legitur
435 3872 478 3921 hoc
492 3871 543 3922 loco
554 3873 577 3921 ln
589 3875 638 3922 edl-
669 3873 746 3922 Acilio
755 3873 787 3922 L.
799 3873 884 3937 Scipio,
896 3873 924 3921 l..
935 3872 1038 3938 Scipioni
1049 3873 1094 3924 Cn.
1106 3873 1179 3922 Men.

126 3935 167 3985 tia-
180 3935 319 3986 Mauolicte:
339 3937 364 3986 in
381 3938 449 3988 Vror.
459 3938 536 3988 codiee
548 3937 641 3987 Nasica.
669 3937 717 3986 llus
735 3938 851 3996 suerunt,
866 3939 953 4000 college
963 3939 1055 3987 interim
1067 3939 1105 3988 M.
1122 3931 1179 3988 tul-

129 4000 285 4066 Tepaeaimm
303 4001 386 4062 Messe,
404 4005 519 4068 monsedo
536 4019 602 4069 supa
620 4004 638 4056 l.
671 4004 708 4050 vio
729 4003 815 4052 bellum
836 4001 963 4052 AEtolisum
985 4005 1088 4053 semusti
1106 4006 1179 4068 spatio

130 4067 565 4120 xxxr.aso.enm1.xc.aaa
670 4069 824 4118 intermissum
843 4069 1023 4130 redintegrante.
1067 4070 1179 4120 Cesennia

161 4130 255 4182 “Sicut
281 4131 347 4182 Mas.
378 4135 460 4196 Acilio,
487 4133 519 4185 1..
543 4133 638 4196 Snpicni
664 4133 729 4184 hanc
761 4137 851 4198 eulpam
884 4133 1027 4182 librariorum
1048 4150 1110 4198 esse,
1131 4149 1179 4185 non

126 4199 250 4248 mucio
266 4197 303 4246 u.
320 4196 414 4250 anau·
432 4208 455 4250 e
475 4199 518 4249 cs.
536 4197 637 4249 mnu
670 4198 739 4257 cmi.
756 4202 858 4250 onaan
873 4199 989 4249 vinnm
1006 4201 1090 4250 aaran
1107 4201 1180 4266 serip-

30 4283 40 4301 .
89 4300 91 4306 .
125 4263 283 4328 affl]
313 4265 372 4314 llaec
388 4280 436 4314 non
457 4265 552 4314 omnino
569 4281 639 4314 secu·
670 4265 819 4314 tarassiam
838 4264 875 4315 Μ.
896 4264 971 4313 Tullio
989 4263 1019 4314 1.
1036 4265 1108 4328 Scipio
1128 4282 1180 4316 con·
1292 4305 1293 4313 ,

127 4337 178 4377 asts
197 4340 259 4379 sunu
290 4328 376 4394 Neque
393 4331 456 4379 enim
471 4329 565 4392 collega
584 4331 638 4380 sue.
669 4327 1040 4393 mila-loipie'nilssuiuiuret
1059 4329 1096 4381 M.
1108 4329 1178 4380 Mon-

125 4395 263 4444 then.
279 4395 404 4446 Aciliuset
417 4396 539 4460 Lteipio,
555 4411 638 4460 quem·
669 4397 714 4446 ltus
734 4398 887 4446 mccudmt·
926 4395 991 4458 Lege
1015 4395 1081 4446 Mon.
1107 4395 1180 4446 Acilio

125 4461 252 4512 admodum
262 4461 301 4510 M.
312 4461 405 4510 Fulvia!
418 4473 444 4511 et
463 4461 509 4513 Cn.
521 4463 638 4521 Manlium
668 4477 711 4526 pro
721 4461 761 4510 M.
771 4460 853 4518 Tullio,
869 4472 895 4509 et
912 4459 956 4510 Ga.
976 4459 1077 4510 Manlius
1084 4477 1126 4528 pro
1141 4461 1179 4512 M.

126 4537 173 4578 uec
184 4527 267 4578 emen
284 4541 345 4579 suno
360 4527 482 4595 inmania
498 4527 637 4595 babuerunt,
669 4527 783 4578 matius:
790 4529 840 4593 ku
850 4527 992 4580 annianus
1002 4538 1065 4578 sunt.
