3068 5186
368 399 446 460 ura
459 383 637 462 xxxvru.
660 398 864 461 esaxuvr.
1083 405 1141 464 aar
1163 415 1165 420 ¹

94 558 107 593 ‘
122 555 222 620 aciem
237 555 379 640 subjecit.
390 569 446 621 ute
460 549 523 622 non'
535 559 599 622 tela
612 578 652 621 ex
665 558 820 642 superiore
831 557 900 620 loco
912 555 1079 634 mitterent,
1090 559 1144 621 sed
1155 559 1189 610 U·
1200 557 1230 610 ⁰·
1242 562 1303 612 5⁶⁵·

93 645 252 727 ‘corpora
266 665 322 708 suo
335 644 418 707 nuda
433 645 604 728 injicerent,
620 645 746 707 obruere
760 665 818 706 nos
833 655 1021 727 potuerunt&
1060 644 1145 716 Quid
1155 624 1229 696 Ml·
1243 627 1301 680 ¹⁸⁷·
1336 685 1351 695 1·

93 731 105 764 ‘
120 732 214 814 igitur
229 731 360 794 incidit?
386 729 505 814 Magna
519 731 640 794 fortuna
654 731 758 814 populi
775 730 908 793 Romani
924 743 982 806 est,
997 751 1144 814 magnum

93 817 107 900 ,⁶
121 830 155 881 et
169 818 304 880 terribile
320 839 442 882 nornen.
466 817 595 881 Recenti
612 817 700 880 ruina
714 815 907 898 Hannibalis,
923 816 1067 903 Philippi,
1077 818 1143 881 An·
1181 851 1184 858 ·

95 904 107 938 ‘
122 904 231 984 tiochi,
243 907 269 944 ⁶¹
277 926 372 989 prope
383 905 514 968 adtoniti
525 915 624 984 erant,
633 907 726 968 tanta
735 925 897 987 corporum
907 905 1014 968 moles.
1031 905 1144 968 Fundis

95 991 106 1026 ‘
121 991 304 1073 sagittisque
318 992 350 1054 in
366 992 471 1075 fugam
483 991 670 1055 consternati
685 1003 770 1054 sunt:
787 992 907 1073 gladius
919 993 950 1054 in
962 993 1027 1056 acie
1036 1013 1146 1057 cruen-

94 1079 105 1112 ‘
120 1089 205 1142 tatus
219 1099 282 1140 non
298 1091 346 1141 est
360 1077 481 1142 Gallico
495 1079 594 1142 bello:
612 1079 728 1140 ⁸²velut
743 1079 843 1142 avium
858 1081 1012 1160 examina,
1025 1081 1063 1142 ad
1076 1101 1144 1142 cre-

96 1164 107 1197 ‘
122 1167 224 1249 pitum
239 1167 370 1249 primum
382 1166 539 1228 missilium
556 1165 720 1229 evolavere.
741 1164 795 1243 At,
812 1163 956 1244 Hercule,
971 1187 1028 1229 nos
1040 1167 1148 1248 iidem,
1184 1195 1187 1206 ⁴

97 1251 108 1284 ‘
125 1251 326 1331 (admonente
340 1253 472 1330 fortuna,
494 1253 578 1335 quid,
593 1253 618 1314 si
634 1252 754 1314 hostem
769 1252 988 1332 habuissemus,
1007 1275 1146 1318 casurum
1184 1282 1188 1292 ,

95 1338 106 1372 ⁴
122 1339 243 1420 fuisset)
259 1361 351 1424 quum
364 1341 525 1403 redeuntes
540 1341 571 1403 in
581 1332 767 1410 latrunculos
775 1335 913 1401 Thracas
925 1339 1148 1420 incidissemus,
1184 1372 1187 1382 .

42 1469 46 1474 -
96 1423 206 1506 ‘caesi,
244 1426 353 1509 fugati,
384 1427 469 1489 exuti
499 1425 714 1508 inpedimentis
749 1445 863 1488 sumus.
922 1424 962 1496 Q.
991 1424 1148 1490 Minucius
1183 1453 1189 1464 ·

96 1511 108 1545 ‘
122 1511 287 1591 Thermus,
302 1514 333 1576 in
349 1527 410 1596 quo
425 1514 508 1576 haud
524 1513 625 1596 paullo
639 1511 707 1596 plus
730 1511 833 1573 damni
849 1512 965 1574 faenum
980 1524 1038 1590 est,
1054 1533 1147 1595 quam

97 1599 108 1632 ‘
123 1600 150 1662 si
166 1598 224 1662 Cn.
239 1598 385 1678 Manlius,
400 1599 487 1682 cujus
513 1600 685 1662 temeritate
701 1619 739 1660 ea
753 1597 856 1660 clades
878 1598 1035 1674 inciderat,
1050 1601 1148 1681 peris-

97 1685 110 1718 ‘
125 1697 183 1764 set,
193 1707 264 1748 cum
274 1687 377 1749 multis
385 1686 456 1748 viris
466 1685 594 1748 fortibus
604 1685 736 1748 cecidit:
753 1684 948 1786 ⁶³ercerq'tus,
960 1685 1149 1768 spoliaregis

98 1771 270 1836 ‘Antiochi
286 1773 427 1850 referens,
451 1773 599 1834 trifariam
622 1772 800 1878 dissipatus,
813 1772 892 1858 alibi
907 1771 1050 1855 primum,
1073 1771 1148 1835 alibi

92 1858 109 1892 “
122 1871 312 1947 postremum
323 1881 445 1942 agmem
460 1859 532 1922 alibi
543 1859 763 1942 inpedimenta,
775 1839 859 1923 rntef
865 1879 969 1941 vepres
979 1859 1011 1919 in
1024 1858 1149 1921 latebris
1184 1887 1190 1894 ·

98 1945 259 2009 ‘ferarum
273 1960 396 2009 noctem
410 1966 503 2007 unam
520 1946 650 2008 delibuit.
694 1943 752 2007 Pro
759 1945 815 2006 'his
831 1945 1000 2027 triumphus
1011 1945 1147 2028 petitur?

99 2031 110 2066 ‘
125 2030 159 2094 Si
175 2033 252 2095 nihil
268 2034 298 2094 in
312 2030 447 2095 Thracia
462 2033 559 2094 cladis
574 2031 807 2115 ignominiaque
822 2030 901 2094 foret
916 2043 1088 2113 acceptum,
1111 2031 1151 2094 dc

100 2120 111 2153 ‘
126 2120 235 2200 quibus
250 2119 388 2182 hostibus
404 2119 590 2202 triumphum
606 2118 749 2202 peteres?
775 2117 813 2180 de
828 2119 875 2196 iis,
891 2118 1057 2200 mopinot,
1072 2138 1152 2199 quos
1185 2147 1189 2154 ·

100 2205 112 2239 ‘
124 2207 182 2268 tibi
200 2207 304 2268 hostes
316 2217 439 2269 senatus
451 2217 505 2267 aut
519 2208 648 2289 populus
669 2204 826 2268 Romanus
838 2205 982 2278 dedisset.
1014 2203 1066 2267 Sic
1078 2205 1150 2266 huic

100 2292 112 2328 ‘
126 2289 163 2355 L.
180 2290 329 2376 Scipioni,
351 2295 395 2355 sic
411 2293 454 2354 illi
470 2291 528 2354 M'.
542 2292 644 2354 Acilio
659 2292 697 2353 de
720 2313 789 2373 rege
805 2291 972 2369 Antiocho,
988 2292 1032 2354 sic
1046 2292 1151 2375 paullo

101 2379 112 2412 ⁶
127 2391 202 2443 ante
216 2376 255 2441 Τ.
270 2379 416 2451 Quinctio
431 2380 469 2441 de
484 2399 556 2462 rege
571 2379 723 2461 Philippo,
739 2380 782 2440 sic
798 2377 831 2440 P.
846 2378 992 2440 Africano
1007 2378 1046 2440 de
1062 2375 1150 2440 Han·
1187 2407 1189 2418 ·

100 2465 111 2500 ‘
125 2467 241 2546 nibale,
253 2479 286 2530 et
300 2465 412 2546 Poenis,
424 2477 456 2528 et
471 2463 622 2550 Syphace,
638 2465 806 2550 triumphus
822 2465 922 2528 datus.
938 2467 964 2504 ⁸⁴
977 2476 1009 2528 et
1023 2465 1154 2528 minima
1185 2496 1190 2504 ·

100 2551 193 2631 ‘illa,
209 2573 301 2636 quum
323 2552 393 2636 jain
413 2565 536 2616 senatus
561 2553 728 2614 censuisset
751 2552 876 2630 bellum,
900 2552 1024 2633 quaesita
1047 2562 1151 2616 tamen

101 2643 112 2674 ⁸
127 2650 211 2718 sunt,
226 2641 333 2722 quibus
354 2640 561 2702 nunciandum
576 2650 675 2702 esset:
698 2638 771 2720 ipsis
786 2639 892 2720 utique
907 2639 1026 2720 regibus
1042 2639 1150 2701 nunci—
1189 2667 1191 2676 ¹

103 2725 252 2803 ‘aretur3
287 2743 326 2788 sn
350 2727 425 2788 satis
455 2737 545 2803 esset,
572 2726 610 2788 ad
636 2724 809 2807 praesidium
838 2725 964 2805 aliquod
988 2725 1150 2789 nunciari?
1253 2741 1258 2754 ·

103 2811 113 2846 ‘
128 2811 267 2876 “Vultis
282 2833 356 2894 ergo
374 2813 438 2874 hac
454 2813 559 2876 omnia
583 2811 678 2895 pollui
693 2823 726 2874 et
745 2799 915 2874 conlundi?
948 2813 1016 2874 tolli
1032 2805 1154 2875 fecialia

104 2899 115 2932 ‘
125 2897 215 2982 jura?
239 2899 339 2961 nullos
351 2921 416 2962 esse
427 2898 567 2962 feciales?
594 2898 648 2962 liat
662 2895 750 2981 (paee
762 2897 862 2960 Dellm
874 2898 1015 2979 dixerim)
1030 2897 1154 2980 jactura
1188 2929 1191 2938 ·

105 2985 301 3068 ‘religioniss
333 2987 446 3049 oblivio
472 2985 609 3048 Deorum
633 2984 736 3068 capiat
759 2995 887 3067 pectora
905 2995 1014 3048 vestra.
1069 2985 1155 3047 Num
1223 3065 1226 3070 Δ

106 3071 271 3135 ‘senatum
295 3093 417 3156 quoque
432 3074 470 3136 de
493 3074 575 3135 bello
591 3071 708 3136 consuli
731 3091 794 3134 non
810 3071 933 3154 placet?
957 3091 1020 3136 non
1036 3072 1076 3134 ad
1096 3094 1154 3155 po-

334 3212 391 3272 nur,
402 3210 421 3256 ri
432 3207 504 3256 Gron.
516 3207 584 3256 Crev.
639 3187 644 3196 ¹
723 3205 853 3266 ‘paene
864 3205 929 3254 Ered.

136 3313 159 3350 ⁶¹
175 3315 248 3379 Prope
264 3311 442 3366 attoniti'srant.
476 3313 550 3364 Tanta
564 3329 615 3362 ecr-
678 3309 702 3346 ⁶³
728 3310 843 3362 maenus
858 3347 881 3364 ..
903 3312 1016 3379 infaciem
1041 3317 1157 3380 dissipatus

104 3399 183 3446 pamm
192 3381 353 3442 molendinariis
361 3381 615 3446 sagittisan.,cmrrter·
650 3413 672 3428 ..
688 3375 789 3438 deliteat]
820 3377 926 3439 Intellige
945 3393 1029 3429 nomen
1051 3385 1157 3430 exercitae

108 3451 155 3496 nati
164 3447 228 3510 runt]
246 3446 349 3495 Verbum
366 3446 497 3494 conternati
511 3453 563 3492 arnt
579 3443 616 3492 r'e·
647 3443 714 3491 inuiti
730 3443 798 3490 verbo
814 3445 913 3504 delituit,
930 3443 962 3492 ita
974 3457 999 3492 ut
1016 3447 1097 3510 triplex
1108 3450 1156 3498 hoc
1186 3451 1191 3458 '

108 3515 180 3562 fertur
198 3515 227 3562 sd
247 3512 335 3570 Gallos,
351 3512 390 3574 qui
410 3512 451 3559 hie
470 3511 617 3571 designantur
647 3507 846 3567 membrum,clibi
852 3511 957 3570 primum,
966 3512 1020 3559 aits
1027 3521 1157 3574 postrorum
1189 3535 1193 3546 ·

108 3580 216 3642 psthac
237 3578 398 3636 rerbatmrtae
412 3592 525 3638 carpenum
539 3577 616 3623 anta:
648 3591 735 3640 agmen,
743 3574 962 3638 clibr'impedimrnta,
974 3579 1158 3626 connectendum
1240 3589 1243 3594 '

109 3659 200 3710 prorsus
216 3645 282 3707 quasi
292 3644 417 3708 scripsisset
435 3640 530 3692 Livius:
550 3639 619 3698 Galli,
648 3643 678 3690 rit
688 3639 833 3698 biavocibua,
845 3639 958 3700 trffcricm
974 3643 1097 3707 dissipatur,
1106 3656 1157 3694 tau.

111 3721 180 3759 tantae
190 3726 311 3773 corporum
322 3708 403 3766 moles,
411 3707 548 3755 consternati
555 3719 617 3754 sunt.
648 3705 756 3771 querulis
768 3705 902 3769 explicandis
912 3707 1049 3770 appositum.

111 3775 181 3824 Porro
203 3775 265 3824 male
284 3775 432 3837 ‹bnmguitur
452 3772 492 3821 hic
512 3773 575 3820 locus
594 3773 618 3821 iu
680 3769 703 3805 ⁶⁴
726 3771 757 3818 fr
773 3773 864 3818 minima
885 3772 926 3818 illc
941 3807 962 3820 ..
979 3776 1069 3836 querito
1087 3783 1159 3822 meren

56 3863 63 3874 ·
111 3843 204 3902 vulgatis
216 3861 222 3890 r
239 3857 306 3902 prope
315 3843 403 3888 amoniti
413 3847 484 3895 aaut,
495 3846 561 3887 tanta
568 3853 617 3885 eor·
650 3835 713 3898 arnt]
727 3835 830 3884 Consulti
842 3847 896 3883 sunt
906 3837 997 3886 feciales
1008 3839 1037 3887 de
1049 3841 1094 3900 his,
1106 3856 1159 3901 quae

108 3923 186 3970 porum
196 3909 269 3956 mla.
285 3903 371 3954 Fundis
379 3902 619 3969 sagittirqm....0ui
651 3904 714 3950 haud
730 3916 784 3949 sane
802 3902 877 3961 magni
896 3907 1007 3952 momenti
1027 3921 1076 3952 esse
1095 3905 1160 3953 ride-

113 3975 172 4021 enim
184 3983 331 4038 opponuntur
349 3983 427 4034 stupor
437 3967 476 4016 ille
488 3985 534 4032 quo
553 3968 620 4018 deliri
652 3980 728 4025 antur,
737 3981 829 4030 nempe,
843 3977 922 4015 utrum
933 3970 1023 4032 regibus
1033 3972 1087 4034 ipsis
1098 3983 1159 4018 nun·
1192 4009 1194 4016 .

114 4051 235 4096 steterunt,
262 4049 287 4084 et
312 4051 431 4101 corporum
458 4035 550 4082 moles?
587 4035 620 4082 At
653 4035 706 4082 cieri
717 4045 843 4098 oporteret,
858 4048 887 4080 an
898 4046 943 4083 etc.
978 4035 1097 4084 idfectum
1108 4051 1160 4083 ms-

115 4105 195 4153 mirum
206 4115 242 4154 est
253 4102 356 4166 profecto
367 4101 422 4149 vasti
433 4111 458 4149 et
467 4099 557 4165 proceri
569 4115 620 4148 cor·
652 4101 749 4151 moravit
772 4099 853 4148 Livius
875 4114 945 4161 quum
964 4101 989 4148 in
1013 4101 1126 4166 Philippo,
1143 4100 1161 4150 l.

113 4171 171 4232 poris
179 4171 285 4220 homines
293 4167 504 4230 fundirragirtirque
512 4165 625 4228 insuram¹
654 4178 732 4216 xxxi.
743 4181 764 4214 c.
776 4167 799 4213 8.
810 4176 860 4212 tum
870 4165 893 4213 iu
904 4165 1029 4230 Antiocho,
1041 4167 1058 4215 l.
1067 4178 1163 4218 xxxvr.

116 4248 270 4286 connematoa
281 4250 338 4282 esse.
654 4247 675 4280 c.
687 4233 712 4279 3.

147 4299 169 4336 θ
187 4303 251 4352 Velut
266 4302 341 4348 crium
361 4297 470 4360 oramina]
493 4297 621 4358 Sigoniuse
685 4293 707 4329 ⁶⁵
727 4297 798 4344 Vultis
812 4295 874 4359 ergo]
894 4295 988 4346 Tlruam
1009 4297 1083 4344 Velitis
1099 4311 1161 4360 ergo,

115 4363 172 4415 libro
180 4383 220 4416 suo
229 4367 295 4418 affert
303 4368 388 4427 apium:
401 4365 425 4412 in
433 4362 554 4411 Victorino
562 4361 620 4425 legi·
654 4363 714 4425 quod
725 4377 772 4410 non
787 4374 876 4410 temere
888 4362 1055 4410 fastidiendum.
1088 4362 1127 4410 Sic
1144 4361 1162 4410 l.

116 4443 238 4496 turcpum.
273 4431 414 4479 Utrumlibet
424 4443 503 4496 parurn
518 4429 621 4478 interest.
654 4439 680 4477 v.
699 4444 720 4476 c.
737 4431 777 4477 53.
814 4428 917 4474 Velitisrre
933 4429 980 4476 illos
997 4426 1112 4488 Ramnes,
1126 4441 1162 4475 vos

118 4497 162 4546 aed
173 4501 199 4547 ad
209 4514 258 4562 opes
268 4497 384 4562 aptissime
396 4497 527 4544 referuntur
541 4508 565 4542 et
576 4497 622 4558 ipsa
657 4494 752 4545 Veientes
761 4493 817 4543 etse?
827 4492 890 4546 dne.
903 4493 1071 4545 Gttoflovlua.

118 4561 622 4634 immaniaqetcrepiturillequofugenttu.

670 4733 683 4760 Χ
