3136 5196
472 353 553 418 Lus.
571 353 809 422 mv.=0h1’.
826 356 910 418 xlv.
1157 365 1215 422 m
1278 419 1282 429 .

167 503 228 568 iris
253 516 317 585 aut,
330 507 356 569 si
370 505 527 590 psrrvicto
547 509 681 587 daretur,
706 509 805 596 runlta
818 509 862 572 illi
878 507 1017 571 detracta
1031 509 1089 572 sihi
1112 531 1217 575 accen
1228 513 1377 571 manns:
1442 561 1445 570 ι
1551 581 1559 590 ,

167 611 261 656 utras
287 602 323 656 ut
344 593 435 657 facile
454 594 565 657 deinde
580 616 613 658 se
634 597 734 658 abeo
758 595 825 658 sine
852 593 915 656 ullo
940 593 1083 658 Romano
1104 579 1301 662 smnioffl·
1314 581 1368 636 ¹⁹³·
1404 595 1412 628 ²
1450 661 1455 668 ,

167 677 543 762 neumasensium,
566 681 592 744 si
617 682 692 763 quid
713 680 829 744 adveni
852 701 990 744 casurum
1011 681 1100 760 foret,
1121 685 1217 748 satius

170 785 240 827 csse
265 764 413 828 Romanis
442 768 531 830 sociis
557 787 780 850 quamcumque
809 767 962 829 sornsnsnr
992 767 1102 846 subire,
1124 767 1243 852 quam,

168 851 270 914 solum
294 865 348 916 aut
369 853 529 934 imperium
544 855 607 936 pati
627 852 785 932 Antiochi,
811 864 865 916 aut
879 853 1064 916 abnuentem
1078 855 1108 915 vi
1124 867 1216 937 atrine

168 937 263 999 armis
278 939 358 1019 cogi.
402 937 452 1001 Ob
463 941 539 1018 hac,
555 951 703 1022 quantum
718 940 913 1017 auctoritate,
925 939 1073 1021 quantum
1085 941 1214 1006 consilio
1236 957 1243 992 ³

167 1023 303 1103 volebat,
318 1025 468 1088 incitabat
482 1025 639 1090 Romanm
654 1026 694 1090 ad
708 1027 834 1089 bellum.
1044 1027 1045 1034 ’
1197 1077 1201 1083 .

213 1107 301 1174 XIV.
323 1109 474 1194 Sulpicius
503 1133 582 1194 oeger
610 1111 749 1194 Pergami
779 1111 925 1175 substitit.
971 1109 1092 1191 Villius,
1121 1134 1214 1195 quum

168 1192 291 1260 Pisidia
326 1199 408 1260 bello
444 1210 626 1282 occupatum
659 1219 724 1261 esse
754 1219 857 1280 regem
890 1198 1035 1277 audisset,
1059 1197 1214 1282 Ephesum

167 1283 338 1364 proiectus,
350 1285 424 1346 dum
438 1305 552 1368 paucos
563 1286 605 1347 ibi
618 1297 753 1348 moransr
762 1286 838 1364 dies,
854 1284 940 1347 dedit
947 1305 1083 1367 operam,
1099 1297 1133 1348 ut
1142 1285 1214 1349 cum

168 1365 358 1450 Hannibale,
372 1370 425 1453 qui
440 1383 506 1434 tum
518 1372 560 1434 ibi
570 1372 650 1434 sorte
663 1383 739 1449 erat,
748 1391 827 1454 saepe
838 1371 1070 1451 congrederetur
1075 1394 1086 1450 3
1102 1383 1137 1434 ut
1145 1374 1214 1435 ani-

168 1473 256 1518 mum
272 1455 337 1538 ejus
351 1469 383 1520 et
396 1468 538 1536 tentaret,
552 1459 578 1519 si
593 1478 654 1540 qna
663 1468 777 1539 posset,
801 1467 832 1518 et
849 1467 965 1518 metum
979 1456 1116 1520 demeret
1130 1460 1213 1540 peri·
1242 1507 1245 1512 ,

169 1541 233 1602 culi
242 1543 270 1604 ei
279 1543 444 1626 quidquam
454 1543 648 1606 ablionrsnis
658 1564 734 1606 esse.
756 1540 988 1624 Hisconloquiis
998 1543 1080 1604 aliud
1089 1544 1213 1625 quidem

169 1637 276 1690 aetum
291 1629 367 1692 nihil
381 1640 447 1692 cst:
463 1633 490 1669 ⁴³
502 1642 639 1693 secutum
654 1641 758 1694 tannen
772 1649 828 1691 sua
841 1641 952 1711 sponte
967 1639 1026 1707 est,
1040 1629 1123 1690 velut
1136 1650 1213 1691 con·

168 1713 241 1776 silio
252 1715 379 1796 petitum
390 1727 479 1795 esset,
491 1728 527 1780 ut
539 1717 626 1780 vilior
637 1717 678 1779 ob
693 1737 731 1779 ea
744 1716 809 1798 regi
825 1713 981 1778 Hannibal
996 1726 1030 1778 ct
1043 1716 1213 1798 suspectior
1295 1783 1299 1796 ‚

172 1798 332 1881 adomnia
346 1801 442 1865 heret.
471 1805 498 1842 ⁴⁴
511 1802 669 1881 Claudius,
679 1814 800 1866 secutus
814 1800 934 1864 Graecos
943 1801 1099 1863 Acilianos
1108 1802 1212 1879 lihms,

169 1881 209 1945 P.
223 1884 399 1952 Abicanum
413 1890 446 1952 in
461 1909 500 1952 ea
520 1889 612 1952 fuisse
635 1890 788 1972 legatione
815 1889 930 1952 tradite
955 1905 1082 1968 eumque
1096 1886 1211 1968 Ephesi

169 1971 365 2038 conlocutum
375 1996 445 2038 cum
454 1974 638 2038 Hannibale.
670 1975 892 2038 Etsennonem
902 1974 994 2036 etiam
1003 1991 1098 2034 unum
1109 1973 1211 2051 refert,

168 2076 232 2137 quo
261 2063 405 2140 querenti
434 2061 591 2141 Africano,
620 2063 736 2142 ‘quern
761 2061 853 2123 foisse
883 2061 1050 2121 maximum
1079 2059 1212 2140 impera·
1223 2075 1351 2144 Conloquts

165 2141 178 2174 ‘
194 2155 291 2206 torem
303 2143 460 2209 Hannibal
469 2145 637 2210 credereti'
648 2146 850 2228 reapondisse,
865 2144 1092 2206 ‘Alexandrum
1103 2143 1211 2206 Mace·
1222 2159 1262 2222 ψ
1272 2143 1363 2209 stipis·

167 2227 308 2292 ‘donum
324 2253 427 2314 regem
434 2254 444 2310 3
473 2233 555 2314 quod
570 2253 663 2316 parve
687 2243 781 2294 mann
804 2230 1039 2293 innumerabiles
1062 2223 1364 2326 exercitusffieo

167 2313 180 2348 ‘
196 2314 335 2395 fudisset,
350 2324 377 2358 ⁴⁵
391 2318 532 2400 quodque
542 2340 613 2380 oras
622 2325 645 2397 ⁸,
653 2338 729 2399 quas
736 2318 832 2379 visere
843 2337 936 2399 supra
946 2337 1032 2398 spem
1044 2315 1209 2379 humanam

167 2399 180 2434 ‘
195 2414 288 2480 esset,
303 2402 514 2484 peragrasset!
536 2405 688 2475 Quaerenti
703 2403 825 2480 deinde,
841 2403 956 2484 ‘quesn
972 2403 1138 2464 secundum
1152 2424 1210 2486 po·

166 2485 179 2520 ‘
195 2488 300 2550 neretl
313 2487 481 2572 Pyrrhum,'
490 2490 612 2553 dixisse.
631 2493 657 2530 ⁴⁸
668 2490 679 2524 ‘
689 2499 790 2552 eastra
800 2489 909 2551 metari
918 2489 1049 2570 primum
1061 2488 1212 2552 docuisse.

168 2571 180 2606 ‘
195 2572 236 2634 ad
249 2573 308 2636 hoc
320 2577 473 2638 nerninem
484 2575 651 2659 elegantius
661 2576 731 2636 loca
740 2574 867 2657 cepisse,
875 2572 1211 2656 presidiadisposuisse,

167 2657 182 2692 ‘
196 2670 294 2722 ortem
310 2661 406 2722 etiam
418 2662 601 2724 conciliandi
615 2662 672 2724 sibi
688 2661 826 2724 homines
838 2680 906 2720 eam
926 2659 1078 2736 habuisse,
1092 2659 1128 2721 ut
1147 2657 1211 2721 lta-

168 2743 183 2778 ‘
196 2745 260 2808 lica
271 2757 378 2827 gentes
389 2748 468 2829 regis
480 2749 609 2826 externi,
620 2768 710 2831 quam
722 2746 828 2830 populi
840 2744 983 2823 Romani,
994 2745 1111 2808 tamdiu
1123 2746 1211 2828 prin·
1238 2789 1241 2796 -

168 2829 183 2864 ‘
196 2832 271 2913 cipis
283 2832 316 2892 in
326 2853 365 2894 ea
375 2844 466 2911 terra,
476 2834 638 2916 imperium
649 2855 714 2896 esse
726 2830 871 2896 mallent!
893 2830 1091 2911 Exsequenti,
1100 2832 1111 2866 ‘
1120 2849 1212 2912 quem
1240 2868 1243 2877 ·

169 2914 319 3016 ‘tertium
335 2918 495 2982 ducereti’
512 2919 697 2982 hauddubie
712 2920 722 2954 ‘
737 2930 834 2981 semet
847 2915 958 2999 ipsum’
974 2918 1097 2980 dixisse.
1129 2915 1211 2980 Τιιιιι

519 3031 530 3058 ¹
543 3028 632 3076 sitim
641 3043 690 3076 oms
699 3027 775 3076 Gron.
785 3025 854 3076 cres.

202 3105 339 3157 ”Sunius
363 3117 436 3156 m
461 3121 503 3156 sua
530 3115 604 3168 pona
631 3109 674 3173 ιιι]
707 3107 809 3172 Pyrrhus
819 3107 944 3154 universim
954 3103 1213 3154 ιιιὶιιιιωιιιιιιοιιιὶ

167 3167 258 3220 Victor.
274 3174 406 3238 codexfpnt
428 3180 459 3221 cst
478 3173 597 3222 sulntitoit
618 3182 674 3225 turs.
707 3173 793 3237 primus
802 3173 915 3232 dmum,
925 3187 995 3233 quum
1014 3172 1036 3220 ld
1054 3169 1215 3220 tantummodo

167 3235 299 3300 Utnrmque
310 3239 387 3287 ersdns
397 3237 461 3286 licet.
705 3251 787 3285 verum
798 3237 828 3284 sit
839 3237 868 3283 de
881 3236 999 3294 Romanis,
1009 3236 1057 3297 qui,
1069 3245 1128 3282 teste
1142 3235 1213 3280 Fron-

199 3301 223 3335 ⁴⁴
234 3301 342 3350 Claudius
357 3310 442 3351 senatus
460 3300 548 3350 Grecos
565 3299 676 3350 Acilianos
706 3304 764 3357 tino,
773 3301 788 3348 l.
801 3313 837 3349 ιν.
849 3299 985 3361 Stratcgem.
1002 3315 1025 3347 o.
1044 3301 1064 3346 1.
1077 3299 1147 3360 captis
1163 3300 1215 3359 ejus

167 3365 244 3431 libus]
259 3366 372 3416 Acil'nnus
382 3368 452 3416 libros
463 3381 478 3415 e
489 3367 576 3416 Gracco
587 3368 612 3415 in
629 3366 674 3413 ns-
705 3366 785 3414 tssttis
794 3379 824 3414 cx
833 3379 913 3412 eorum
925 3365 1050 3412 tennione
1057 3377 1121 3410 susm
1132 3377 1215 3410 emen·

164 3430 242 3479 ιίιιιιπι
261 3446 389 3482 sermoncnr
409 3433 549 3482 convertisse
565 3430 674 3480 claudius
706 3431 826 3478 deserunt.
857 3428 975 3477 Semndus
993 3437 1037 3485 est,
1053 3428 1091 3490 qui
1111 3442 1213 3482 msc·
1240 3467 1241 3472 ,

164 3495 250 3544 dicitur
260 3511 327 3562 supra
337 3497 354 3546 l.
365 3510 427 3549 xxv,
439 3514 460 3548 c.
470 3499 512 3550 39.
523 3495 575 3547 vid.
587 3511 674 3560 sequte
707 3495 792 3558 quitur,
809 3493 847 3542 uhi
859 3492 959 3560 Pyrrhus
969 3504 1090 3558 propterea
1100 3492 1215 3552 laudetur,

165 3560 197 3610 ibi
208 3573 351 3612 annotamus.
707 3561 766 3624 quod
787 3558 936 3607 enecentur
956 3557 1044 3606 italicae
1064 3568 1144 3620 gentes
1163 3556 1214 3622 ejus

197 3625 674 3692 ⁴⁵Qnodquentn'ncsom...pmgmsss]
705 3625 827 3690 inperium
848 3639 897 3673 essa
917 3623 1022 3687 mallent,
1044 3639 1112 3688 quarn
1133 3624 1214 3688 populi

165 3690 241 3741 Parce
258 3695 355 3742 omnino
372 3695 478 3744 laudatur
498 3693 637 3750 Musndsr,
654 3691 674 3740 si
707 3689 814 3748 Romani,
830 3691 918 3738 umdiu
935 3689 1041 3754 principis
1060 3691 1211 3738 incatenat
1313 3751 1316 3758 ,

165 3757 260 3807 ultimas
279 3774 331 3808 cnr
357 3775 485 3824 pengruu
507 3758 674 3816 tantumnodo,
707 3773 751 3820 qun
767 3758 791 3804 in
806 3757 873 3803 laude
884 3756 975 3819 Pyrrho
988 3753 1213 3804 tribunessesimul

164 3833 214 3872 non
226 3835 250 3871 et
261 3823 374 3886 subegisse
393 3825 489 3874 dicatur.
522 3823 619 3873 Videtur
638 3823 673 3872 lc·
702 3823 778 3887 prodit
793 3821 834 3868 ills
855 3820 965 3869 Βοιιιιιιιι
988 3819 1065 3880 gloriae
1086 3818 1214 3874 admiratio,

61 3911 67 3918 ·
164 3887 367 3946 gendnnrsictoir's's
375 3897 518 3956 peragrasset,
526 3889 673 3952 quemdsno-
704 3903 772 3950 quam
795 3886 879 3947 ubique
905 3885 1029 3948 praeiemnt
1056 3883 1212 3931 Rornanorum

165 3954 223 4002 dum
241 3969 309 4018 supra
325 3971 348 4004 c.
368 3959 406 4006 12.
420 3965 593 4020 psrogrctssgm
611 3952 674 4004 Orbis
703 3953 797 4018 scripte.
830 3950 876 4000 l·lis
887 3951 943 4000 atde
961 3950 1021 4012 quod
1040 3947 1212 3998 Plutarchusin

164 4021 520 4084 unarumsieton'issjssgsnts’s.
706 4015 890 4083 Pynhodchoc
909 4013 1120 4081 eodem'colloquio
1136 4026 1214 4072 agenn
1238 4031 1241 4038 ·

197 4079 221 4116 ⁴⁶
240 4082 318 4133 Castro
344 4086 423 4132 metati
447 4087 545 4146 privtum
568 4083 674 4148 budius]
706 4083 773 4132 aliter
783 4080 877 4130 omnino
888 4095 938 4128 rens
949 4091 1032 4128 narrat.
1065 4077 1133 4142 Apud
1150 4092 1213 4135 eum,

164 4147 254 4198 Totum
274 4149 329 4200 boo'
349 4149 463 4214 Scipionis
483 4165 536 4200 curn
558 4148 673 4198 Annibsle
705 4145 768 4198 nulls
777 4145 903 4197 Alexandri
914 4141 1213 4217 mentionesscta,l’yrrhus

164 4213 314 4277 colloquium,
322 4229 396 4279 quum.
404 4214 495 4264 sliurnde
504 4214 611 4264 fabellam
626 4228 674 4264 non
706 4215 733 4263 ab
752 4211 865 4264 Annibale
885 4210 981 4274 ριὶιιιιιι,
1000 4210 1112 4257 secundus
1130 4207 1213 4269 Serpio,

166 4293 222 4330 asne
241 4281 363 4329 admocmm
381 4281 617 4342 ingeniossfictanrss
660 4295 674 4329 s
707 4279 789 4328 tertius
808 4275 909 4326 Annibal
928 4275 975 4337 ipsc
992 4273 1137 4324 nominatur:
1155 4286 1211 4333 quo-

166 4343 267 4403 videtur,
285 4357 337 4394 tons
352 4345 441 4394 ambos
459 4347 559 4396 maxine
577 4347 602 4396 in
627 4345 674 4396 ocis
706 4346 774 4394 modo
794 4342 855 4407 perit
873 4341 947 4388 omnir
966 4339 1037 4407 hujus
1058 4338 1211 4396 semotim

162 4407 250 4458 indicat
271 4409 401 4460 Romsum
421 4412 521 4475 aliqum
544 4411 672 4473 queruli
705 4411 772 4464 Livio
781 4405 973 4472 laudatumlspos.

162 4476 316 4534 conditorem.
348 4475 438 4529 Prinos
453 4487 490 4531 eat
506 4475 545 4530 bic
561 4477 616 4544 ipse,
632 4476 672 4530 obi
