3026 5164
343 319 419 379 ara.
440 319 585 382 reuma.
607 323 688 386 cae.
709 322 854 384 uxuru.
1066 284 1123 403 aaa

78 473 200 556 ‘quum
224 473 443 549 Chersonesum
466 477 746 562 Lysimachiamque
767 479 917 560 dederint,
941 477 1122 554 Maroneam
1135 490 1274 612 Μξξζ,
1309 551 1315 562 ,

80 559 92 590 ‘
108 581 228 646 quoquc
239 575 327 644 atque
338 559 452 624 AEnum
464 565 600 646 prolecto
612 565 740 642 dedisse,
751 585 815 646 quae
824 565 889 649 ipsa
898 567 1122 653 propinquitate
1134 551 1165 609 Α·
1177 553 1207 608 ⁰·
1218 561 1228 610 ¹
1264 597 1271 610 ·

81 647 92 680 ‘
110 649 241 730 regionis
252 651 332 710 velut
343 651 523 735 adpendices
535 649 658 732 majoris
669 653 799 713 muneris
809 664 918 714 essent.
956 651 1035 714 Nam
1050 651 1120 714 Phi-

81 734 91 764 ‘
109 731 225 818 lippum
241 735 363 818 quidem
379 759 438 820 quo
453 750 506 799 aut
522 739 628 799 merito
651 739 681 800 in
703 739 847 821 populum
863 737 1046 818 Romanum,
1068 753 1121 822 aut

80 819 91 851 ‘
103 821 172 904 jure
183 823 311 903 imperii,
321 845 412 903 quum
424 837 486 884 tam
497 825 601 906 procul
611 825 744 887 alinibus
755 823 944 887 Macedoniae
954 825 1064 906 absint,
1076 827 1120 888 ci·

80 906 90 936 ‘
108 909 252 970 vitatibus
264 909 310 970 bis
321 910 651 994 praesidiainposuisse?
676 909 963 974 VocariMaronitas
969 909 1120 994 juberent.

82 993 149 1056 ‘ab
173 995 208 1055 iis
235 997 364 1057 certiora
383 997 487 1057 onmia
503 997 539 1059 de
561 1009 641 1060 statu
660 999 825 1059 eivitatium
848 1019 952 1060 earum
971 989 1120 1062 scituros)
1140 1043 1143 1052 -

81 1076 190 1164 Legati
202 1079 424 1143 Maronitarum
436 1085 546 1160 uocati,
562 1085 571 1115 ‘
583 1083 654 1145 Non
666 1105 726 1145 uno
736 1084 804 1144 loco
819 1097 938 1146 tantum
952 1085 1033 1148 urbis
1044 1108 1119 1205 prae·
1133 1101 1258 1164 ῌιιαιὶει-

81 1164 92 1197 ‘
109 1167 221 1228 sidium
234 1170 348 1250 regium
361 1191 435 1248 esse,
451 1171 528 1232 sieut
542 1171 572 1231 iu
589 1171 654 1232 aliis
667 1169 860 1247 civitatibus,'
877 1171 1027 1250 dixerunt,
1065 1173 1118 1235 sed
1131 1183 1181 1216 ΝΜ
1193 1185 1250 1232 que·

80 1252 91 1283 ‘
107 1255 242 1336 pluribus
254 1257 353 1334 simul,
377 1267 407 1317 et
421 1257 542 1340 plenam
555 1255 587 1316 M
595 1258 762 1318 acedonum
779 1255 957 1318 Maroneam
970 1278 1044 1320 esse.
1059 1259 1118 1338 ita·
1132 1235 1194 1332 (ψ’

80 1338 90 1369 ‘
109 1363 168 1422 que
185 1342 332 1402 dominari
345 1343 551 1404 adsentatores
568 1344 676 1426 regios.
692 1344 737 1404 bis
750 1343 820 1404 solis
832 1343 915 1426 loqui
927 1357 958 1405 et
970 1343 1000 1408 in
1013 1357 1120 1408 senatu
1141 1413 1146 1422 ,

81 1427 92 1458 ‘
108 1437 142 1488 et
158 1429 187 1504 iu
200 1430 395 1489 concionibus
411 1431 512 1490 licere.
528 1451 578 1490 eos
591 1449 695 1490 omues
711 1430 839 1490 honores
860 1443 891 1490 et
906 1449 1012 1513 capere
1028 1432 1119 1515 ipsos,

80 1513 89 1543 ‘
108 1525 141 1576 et
157 1515 229 1576 darc
242 1515 317 1576 aliie.
362 1515 520 1598 Optimum
533 1536 692 1598 quemque,
715 1516 821 1596 quibus
837 1515 993 1592 libertatis,
1013 1518 1119 1598 quibus

78 1601 208 1684 ‘legum
225 1623 295 1663 cura
312 1603 361 1678 sit,
385 1613 436 1662 aut
451 1603 586 1662 exsulare
606 1603 707 1684 pulsos
727 1601 835 1684 patria,
853 1613 904 1662 aut
924 1601 1119 1666 inhonoratos

79 1689 90 1720 ‘
106 1701 139 1750 et
155 1689 349 1750 deterioribus
362 1689 510 1748 obnoxios
522 1686 627 1749 silere.’
664 1685 712 1748 De
720 1685 789 1769 jure
803 1689 895 1749 etiam
907 1687 1011 1749 linium
1024 1707 1121 1776 panca

80 1772 280 1856 adjecerunt:
299 1775 309 1806 ‘
323 1773 380 1844 ⁴Q.
391 1773 516 1835 Fabium
529 1773 712 1850 Labeonem,
725 1795 816 1856 quum
828 1775 858 1854 iu
871 1777 991 1858 regione
1001 1797 1036 1837 ea
1047 1777 1121 1838 fuls·
1144 1845 1149 1852 w

80 1863 90 1894 ‘
107 1875 166 1940 set,
183 1861 325 1922 direxisse
342 1859 432 1921 linem
446 1859 586 1944 Philippo
601 1872 728 1934 ¹ueterem
741 1862 819 1922 viam
832 1862 956 1944 regiam,
973 1867 1051 1948 lqua
1063 1861 1121 1926 ,dr
1144 1925 1148 1938 ,

81 1949 91 1981 ‘
106 1947 246 2010 Thracia
263 1947 431 2008 Paroreiam
448 1949 566 2024 subeat,
590 1965 735 2028 nusquam
755 1947 794 2008 ad
809 1967 890 2008 marc
907 1943 1120 2011 declinantem.

83 2036 93 2067 ‘
110 2031 283 2116 Philippum
301 2055 408 2096 nosram
429 2048 535 2118 postea
550 2033 705 2094 deflexisse
720 2033 810 2109 viam,
826 2054 886 2114 qua
900 2031 1121 2098 Maronitarum

81 2121 198 2182 ‘urbes
215 2141 362 2201 agrosque
379 2117 600 2204 amplectatur.’

128 2197 277 2268 XXVlll.
293 2205 340 2266 Ad
351 2229 389 2268 ea
399 2207 552 2290 Philippus
564 2199 655 2288 longe
666 2207 766 2283 aliam,
777 2227 866 2288 quam
876 2207 1014 2270 adversus
1023 2203 1121 2270 'Phes-
1135 2223 1260 2339 &ww

82 2293 164 2354 salos
185 2291 418 2374 Perrhaebosque
434 2313 538 2376 nuper,
562 2294 712 2374 ingressus
734 2293 899 2356 disserendi
919 2295 1011 2372 viam,
1025 2295 1036 2327 ‘
1051 2291 1145 2363 Non,
1172 2291 1241 2355 ruppe.

81 2383 90 2412 ‘
107 2402 179 2440 curu
196 2377 378 2456 Maronitis,’
395 2379 503 2460 inquit,
526 2379 621 2441 ‘mihi
638 2391 692 2464 ant
706 2400 775 2440 eum
791 2377 926 2441 Eumene
943 2379 1123 2463 disceptatio

80 2468 90 2499 ‘
107 2479 175 2545 est;
193 2467 260 2528 ⁶sed
267 2465 339 2548 jam¹
351 2466 517 2543 vobiscum,
529 2465 658 2528 Romani
669 2487 678 2542 3
692 2467 825 2546 aquibus
836 2467 909 2528 nihil
920 2468 995 2550 aequi
1005 2487 1054 2529 me
1063 2469 1121 2530 im-

80 2555 90 2586 ‘
106 2565 228 2636 patrare
240 2552 304 2632 jam
318 2552 370 2612 diu
383 2551 597 2613 animadverto.
635 2551 781 2613 Civitates
795 2551 1011 2632 Macedonum,
1027 2575 1126 2634 quaa

83 2641 93 2672 ‘
109 2661 161 2700 ure
176 2639 255 2701 inter
269 2640 405 2700 inducias
423 2637 606 2716 defecerant,
629 2637 712 2700 reddi
729 2637 804 2700 mihi
816 2659 933 2724 aequum
949 2641 1108 2704 censebam
1114 2661 1124 2718 3

82 2727 93 2759 ‘
109 2748 173 2787 nou
185 2727 256 2810 quia
267 2747 378 2806 magua
390 2725 522 2802 accessio
535 2745 571 2785 ea
587 2725 670 2806 regni
687 2723 786 2786 futura
798 2737 887 2804 esset,
907 2725 989 2804 (sunt
999 2727 1081 2788 enim
1093 2739 1125 2792 et

10 2835 18 2849 ‚
83 2815 93 2846 ‘
111 2835 206 2896 parva
217 2813 340 2896 oppida,
353 2823 384 2874 et
397 2811 426 2872 iu
439 2809 549 2871 linibus
561 2811 702 2872 extremis
719 2811 830 2894 posita)
850 2812 902 2874 sed
915 2813 985 2892 quia
996 2814 1125 2876 multum

84 2901 94 2932 ‘
110 2899 150 2961 ad
162 2897 485 2978 reliquosblacerlouas
493 2899 694 2959 continendos
704 2897 875 2982 exemplum
885 2899 1125 2982 pertinebatne-

84 2989 93 3019 ‘
110 2997 217 3066 gatum
231 3000 276 3046 est
288 2985 374 3045 mihi.
406 2981 492 3045 llello
507 2981 644 3044 AEtolico
658 2981 794 3044 Lamiam
811 2985 985 3067 obpugnare
997 2983 1126 3066 jussusa

83 3071 232 3132 ‘consule
249 3067 306 3132 Μ’.
319 3070 427 3146 Acilio,
443 3089 534 3152 quum
548 3068 597 3129 din
614 3069 758 3150 fatigatus
774 3069 815 3130 ibi
836 3071 950 3155 proeliis
971 3071 1126 3154 operibus-

83 3161 94 3192 ‘
110 3180 171 3242 que
184 3179 292 3234 essem,
305 3155 567 3218 transcendentem
578 3175 625 3215 me
633 3153 698 3234 jam
710 3175 810 3216 muros
821 3167 939 3238 acapta
947 3177 1040 3240 prope
1053 3157 1126 3219 urbe

84 3246 94 3278 ‘
110 3243 385 3320 revocavitcousul‚
396 3254 427 3303 et
438 3233 587 3303 abducere
596 3242 699 3322 copias
710 3241 780 3301 iude
793 3243 902 3324 coegit.
924 3242 973 3303 Ad
981 3241 1066 3323 hujus
1075 3265 1126 3305 so-

83 3333 93 3365 ‘
110 3331 218 3393 latium
236 3329 350 3412 injuriae
362 3330 540 3411 permissum
556 3340 612 3403 est,
628 3339 662 3388 ut
675 3325 838 3388 Thessalia
854 3321 1083 3410 Perrhaebiaque
1096 3341 1127 3391 et

83 3419 93 3451 ‘
110 3416 320 3479 Athamanum
336 3416 499 3499 reciperem
512 3413 649 3496 quadam
663 3414 786 3474 castella
798 3414 904 3494 magis,
927 3434 1016 3494 quam
1030 3415 1126 3478 nrbes.

83 3505 93 3538 ‘
110 3525 149 3564 ea
160 3522 277 3586 quoque
293 3503 360 3584 ipsa
373 3524 425 3562 vos
441 3501 527 3579 mihi,
539 3498 577 3570 Q.
588 3499 698 3579 Caecili,
714 3520 826 3584 paucos
836 3512 908 3563 ante
921 3500 984 3561 dies
995 3501 1125 3564 ademis-

378 3630 428 3674 *ad
440 3629 485 3676 del.
497 3629 566 3675 Crev.
681 3629 767 3682 retiasr
774 3625 847 3674 Groa.

119 3744 130 3778 ⁴
149 3741 177 3796 Q.
189 3741 281 3790 Fabiam
292 3739 420 3805 memes]
438 3741 485 3789 llic
502 3751 536 3787 ert
553 3739 591 3802 qui
624 3741 769 3788 :homnibus
782 3739 870 3802 seriptis
887 3749 912 3788 et
931 3738 1004 3795 editis,
1019 3751 1075 3800 ques
1091 3737 1126 3790 ia·

84 3807 243 3870 quinquennio
261 3820 313 3856 rnre
333 3809 399 3856 classi
422 3809 552 3870 praefuerat,
568 3815 592 3852 et
625 3806 707 3869 sperit,
722 3806 800 3854 abesse
815 3805 918 3852 affirmat.
950 3803 1003 3852 Nee
1020 3819 1070 3850 eam
1087 3821 1125 3864 ag-

84 3875 171 3922 dicitur
189 3888 262 3936 supra,
280 3874 296 3920 l.
315 3887 417 3922 xxrzvu.
433 3889 454 3920 c.
473 3875 510 3918 60.
529 3885 594 3918 curs·
625 3873 696 3918 noscit
707 3871 769 3935 ilict.
780 3871 861 3917 dodex.
893 3863 1061 3932 Moxsequitur
1072 3885 1126 3914 arrr-

84 3941 148 3986 v'asse
167 3933 297 3984 deducenda¹
315 3935 344 3983 ab
361 3935 422 3983 AEno
441 3947 464 3983 et
483 3935 594 3982 Maronea
625 3952 689 3996 quarn
710 3937 738 3982 od
760 3951 819 3982 mare
840 3935 993 3981 ratiarnam.-
1020 3934 1058 3981 ubi
1086 3947 1126 3994 pm

86 4004 201 4051 Amiaebi
213 4003 320 4064 praesidia.
625 4000 780 4055 erumnose,
793 4015 844 4061 qua
859 4015 873 4044 a
890 3997 988 4046 Gelenio
1002 4008 1049 4054 est,
1066 3999 1125 4046 idem

123 4067 205 4120 ⁵era
230 4067 326 4114 l'lrracirc
356 4064 481 4114 Paroreinm
508 4061 592 4128 erchem]
625 4065 754 4112 Gronovius
775 4071 875 4111 testatur·
895 4063 979 4124 ubique
1001 4063 1081 4124 legisse
1100 4079 1124 4110 se

89 4134 153 4182 Quae
165 4133 206 4178 rub
217 4131 284 4178 linem
299 4131 413 4177 Paroreia
423 4129 445 4177 T
448 4131 531 4177 bracia
541 4144 592 4192 por·
616 4129 734 4193 serentem.
769 4130 837 4176 Favet
854 4129 876 4174 ei
893 4129 1027 4190 hicquoque
1047 4139 1126 4175 noster

86 4200 181 4260 rigatur.
228 4197 270 4242 ddi
297 4195 440 4258 Strabonem,
463 4196 478 4242 l.
502 4207 546 4244 vu.
568 4209 590 4256 p.
628 4194 679 4242 MS.
1104 4201 1106 4210 ’

87 4265 145 4312 326.
162 4275 186 4309 er
202 4259 259 4309 Plio.
269 4261 285 4308 l.
298 4271 331 4307 ιν.
341 4277 360 4308 c.
377 4263 412 4308 lo.
446 4259 547 4306 Paroreia
559 4271 592 4305 est
655 4257 667 4292 ⁶
683 4257 791 4319 Srdjam]
806 4257 844 4306 Sic
856 4258 991 4306 membrana
1001 4257 1050 4304 Jac.
1063 4256 1124 4304 Gro-

87 4327 171 4374 Graeca
182 4341 235 4384 vos,
254 4343 298 4388 qua
307 4336 401 4372 natatur
411 4327 473 4384 regio
489 4326 593 4379 adiacens
624 4324 691 4370 novio
709 4323 834 4384 inspectae;
852 4323 952 4384 itemque
964 4323 1032 4370 MSS.
1046 4321 1124 4369 Hem·

87 4393 214 4440 montibus.
249 4391 363 4438 Eraslmas
379 4391 479 4436 reculam
493 4391 522 4434 orl
539 4401 592 4436 ame
625 4390 667 4443 nii,
681 4399 704 4434 et
723 4387 907 4435 nescivisset
926 4388 1024 4436 Anam
1043 4387 1123 4436 editio.

87 4457 196 4519 Thracia,
215 4457 295 4504 moniti
313 4471 326 4504 a
343 4455 469 4514 Gronovlo,
484 4454 521 4520 qui
542 4469 592 4503 eam
625 4451 830 4513 vrqoaaaram:
847 4453 992 4516 minusspre.
