3068 5186
444 373 523 432 LIB.
543 371 703 434 XXXVII
724 371 806 432 Chl’.
819 371 935 431 XXIX.
1164 380 1222 436 ton

177 531 280 594 insula
296 526 432 632 (Macrin
446 532 561 596 nautici
575 529 699 613 vocant)
717 532 864 596 anchoras
879 541 970 614 portu
992 531 1145 596 occulto
1132 532 1221 614 Jecit.
1237 543 1271 595 U.
1280 543 1309 596 c.
1321 548 1380 598 562.

180 617 253 680 inde
269 640 309 680 ex
321 619 490 701 propinquo
507 619 678 701 explorans,
702 619 776 700 quid
791 617 894 680 hostes
910 629 1044 700 agerent,
1070 619 1169 702 primo
1192 640 1224 682 ιιι
1239 611 1269 660 Α
1280 609 1309 662 ⁰·
1319 612 1375 666 ¹⁹⁰

179 725 294 786 magna
320 726 373 788 spe
398 704 466 782 ιιιιι,
482 705 748 804 ‘quemadmodum
774 703 928 768 Rhodiam
950 705 1074 768 classem
1103 705 1142 767 ad
1167 702 1225 768 Sa·

179 811 278 870 mum,
303 791 505 853 circumsessis
530 791 569 852 ad
594 791 709 854 exitum
724 791 861 854 faucibus
876 802 992 874 portus,
1012 805 1226 876 expugnasset,

181 879 226 944 sic
242 891 274 940 et
289 876 460 940 Romanam
476 890 729 960 expugnaturum.
745 899 802 940 nec
814 890 862 940 est
874 877 1027 942 dissimilis
1037 891 1147 942 natura
1156 879 1226 946 loci.

182 963 401 1046 ¹Promontoriis
421 965 597 1026 coeuntibus
612 965 690 1026 inter
710 986 742 1026 se
763 964 807 1026 ita
827 964 976 1028 clauditur
997 977 1114 1048 portus,
1128 976 1162 1027 ut
1176 967 1226 1028 vix

183 1051 251 1114 duee
265 1051 354 1122 simul
370 1051 441 1112 inde
455 1071 544 1114 naves
559 1052 677 1134 possint
698 1051 789 1114 exire.
832 1049 932 1114 Nocte
955 1072 1103 1134 occupare
1125 1051 1228 1114 fauces

182 1136 384 1222 Polyxenidas
400 1137 431 1200 in
446 1137 548 1203 ammo
564 1138 707 1216 habebat,
722 1149 764 1215 et,
787 1137 871 1200 denis
887 1138 1011 1200 navibus
1027 1138 1067 1200 ad
1082 1159 1228 1220 promon-

184 1225 265 1286 toria
279 1224 438 1302 stantibus,
453 1245 518 1306 quse
532 1225 571 1286 ab
585 1235 712 1308 utroque
727 1245 823 1286 cornu
834 1223 865 1284 ιιι
878 1223 974 1286 latera
985 1225 1160 1286 exeuntium
1173 1245 1229 1286 na-

182 1311 272 1384 rium⁸
283 1321 464 1393 pugnarent,
479 1331 517 1372 ex
532 1322 635 1372 cetera
646 1309 751 1388 classe,
766 1309 845 1372 sicut
857 1309 895 1371 ad
910 1309 1091 1372 Panormnm
1103 1311 1231 1389 iecerat,
1273 1363 1278 1372 .

185 1397 311 1460 amatis
326 1398 357 1458 in
372 1397 463 1460 litora
477 1397 633 1478 expositis,
656 1408 736 1458 terra
750 1396 886 1477 marique
901 1397 990 1458 simul
1006 1397 1111 1458 hostes
1126 1395 1228 1480 obpri-

184 1505 280 1546 mere.
303 1483 386 1566 quod
400 1504 461 1544 non
476 1504 586 1546 varrum
601 1484 628 1544 ei
652 1482 810 1544 consilium
834 1481 950 1558 fuisset,
976 1482 1019 1560 ni,
1043 1503 1138 1564 quum
1160 1481 1229 1544 Teii

158 1597 165 1612 ·
183 1570 320 1632 factrnos
334 1591 367 1632 se
382 1570 532 1653 imperata
545 1569 765 1652 promisissent,
780 1568 820 1629 ad
835 1568 1029 1667 accipiendos
1041 1580 1230 1631 commeatus

182 1657 306 1740 aptius
296 1657 396 1720 visum
418 1667 498 1718 esset
512 1655 699 1741 Romanis,
692 1676 723 1716 ιιι
738 1675 807 1716 eum
823 1665 955 1737 portum,
970 1655 1021 1735 qui
1036 1665 1108 1716 ante
1123 1655 1229 1717 urbem

186 1754 245 1822 est,
271 1742 398 1806 classem
420 1743 558 1804 transire.
600 1741 721 1804 Dicitur
745 1753 777 1804 et
799 1739 954 1804 Eudamus
968 1739 1107 1804 Rhodius
1122 1741 1230 1805 vitium

185 1830 311 1892 alterius
331 1839 435 1912 portus
458 1828 637 1908 ostendisse,
661 1849 754 1908 quum
770 1827 848 1890 sorte
863 1827 929 1890 duae
944 1848 1035 1890 naves
1049 1828 1082 1888 in
1097 1840 1165 1889 arto
1179 1848 1229 1889 os·

186 1916 233 1978 tio
249 1916 402 1999 inplicitos
417 1937 516 1978 remos
532 1915 703 1997 fregissent.
730 1925 762 1976 et
786 1914 865 1976 inter
890 1913 950 1976 alia
973 1913 1005 1980 id
1027 1934 1146 1997 quoque
1161 1935 1230 1976 mo·

183 2003 232 2064 νιι
247 2013 415 2084 praetorem,
430 2013 465 2064 ut
479 2002 652 2065 traduceret
666 2001 805 2078 classem,
820 2000 902 2080 quod
916 2000 955 2062 ab
967 2011 1048 2062 terra
1062 2000 1230 2082 periculum

184 2101 263 2166 erat,
278 2089 360 2150 haud
375 2088 479 2170 procul
494 2087 565 2150 inde
580 2087 735 2148 Antiocho
748 2085 858 2148 stativa
872 2087 1015 2148 habente.

229 2173 347 2236 XXIX.
379 2174 537 2238 Traducta
561 2174 657 2236 classe
684 2173 725 2234 ad
752 2173 868 2250 urbem,
898 2173 1048 2254 87ιςιιιιιιιι
1079 2172 1230 2272 omnibus,
1243 2193 1349 2244 nmina»

187 2281 302 2342 egressi
292 2261 430 2324 milites
442 2271 598 2340 nautaeque
614 2271 686 2320 sunt
699 2259 739 2320 ad
749 2270 936 2322 commeatus
945 2269 978 2321 et
987 2259 1090 2322 vinum
1098 2259 1230 2322 maxime
1243 2261 1360 2313 contendit

186 2346 408 2416 dividendum
400 2368 432 2408 ιιι
447 2367 552 2428 nares·
543 2392 553 2423 ‚
578 2365 680 2444 quum·
681 2345 782 2407 medio
792 2344 872 2408 sorte
885 2345 945 2406 diei
957 2346 1084 2427 agrestis
1096 2345 1231 2427 quidam,
1243 2325 1271 2374 ’ἃ
1281 2325 1383 2375 harem

185 2433 228 2495 ad
244 2445 403 2516 pretorem
415 2419 574 2508 adductus,
590 2431 725 2509 nunciat,
741 2432 783 2468 ⁸⁸‘
795 2430 946 2494 alterum
928 2453 999 2531 yam
1012 2432 1092 2494 diem
1104 2432 1231 2493 classem

186 2519 296 2582 ‘stare
312 2519 352 2582 ad
367 2517 495 2580 insulam
511 2516 643 2596 Macrin,
658 2529 690 2580 et
705 2517 808 2600 paullo
823 2530 894 2580 ante
909 2519 987 2578 visas
1002 2518 1149 2600 quasdam
1164 2539 1231 2580 mo-

187 2605 289 2682 ‘veri,
313 2616 466 2687 tamquam
483 2604 522 2666 ad
536 2604 766 2700 profectionem,
781 2602 895 2666 naves?
939 2601 985 2666 Re
1001 2605 1100 2666 subita
1112 2605 1232 2686 percul-

183 2711 239 2758 sus
254 2703 364 2773 prator
379 2691 528 2752 tubicines
544 2711 652 2752 canere
669 2688 768 2770 jubet,
794 2703 838 2768 ut,
863 2691 888 2750 si
913 2691 964 2772 qui
986 2711 1044 2789 per
1070 2711 1158 2772 agros
1174 2711 1232 2772 pa·

185 2777 243 2838 lati
258 2788 369 2854 essent,
393 2776 545 2840 redirent.
578 2771 743 2838 tribunos
735 2797 765 2836 m
786 2777 892 2840 urbem
912 2776 1009 2838 mittit
1023 2777 1063 2838 ad
1077 2777 1233 2877 eogendqs

187 2863 301 2925 milites
323 2873 490 2944 nautasque
504 2864 535 2924 in
553 2883 653 2924 naves.
697 2859 790 2924 Haud
804 2883 902 2938 secus,
925 2884 1017 2964 quant
1043 2864 1074 2924 in
1098 2864 1233 2946 repenti·

188 2971 230 3012 no
250 2950 392 3012 incendio
418 2962 472 3011 ant
493 2961 585 3034 capta
598 2949 682 3028 urbe,
709 2949 890 3030 trepidatur,
914 2949 1004 3012 aliis
997 2971 1030 3011 m
1044 2952 1148 3012 urbem
1165 2971 1236 3012 cur·

189 3036 323 3098 rentibus
339 3036 389 3098 ad·
401 3057 471 3098 suos
491 3035 685 3112 revocandos,
712 3037 779 3096 aliis
788 3057 832 3100 ex
848 3037 921 3098 urbe
936 3057 1027 3099 naves
1043 3057 1130 3098 cursu
1145 3031 1233 3118 repe

189 3123 342 3186 tentibus:
365 3122 549 3221 incertisque
565 3122 744 3184 clamoribus
772 3119 920 3203 (quibus
913 3123 985 3204 ipsis
1012 3123 1091 3184 tubae
1115 3124 1233 3186 obstre-

183 3267 189 3278 ,
210 3208 309 3288 erent)
337 3209 498 3271 turbatis
492 3208 636 3290 imperiis,
660 3208 783 3270 tandem
810 3229 991 3270 concursum
1016 3208 1054 3270 ad
1070 3229 1159 3270 nares
1175 3218 1236 3270 est.

187 3229 251 3357 l'ix
266 3317 351 3358 suam
367 3296 492 3376 quisque
508 3316 633 3356 noscere
660 3306 712 3356 aut
737 3294 820 3355 adire
848 3315 908 3376 prae
932 3295 1062 3356 tumultu
1088 3306 1232 3377 poterat:

188 3383 434 3464 trepidatumque
449 3402 518 3444 cum
534 3381 668 3464 periculo
684 3399 715 3442 et
731 3381 762 3442 in
783 3381 870 3458 mari,
894 3392 926 3442 et
948 3381 979 3442 in
992 3391 1071 3442 terra
1085 3382 1175 3459 foret,
1190 3381 1238 3460 ni,

189 3471 326 3551 partibus
343 3468 456 3546 divisis,
471 3466 625 3544 AEmilius,
641 3487 711 3528 cum
727 3467 867 3549 praetoria
881 3488 956 3528 nave
979 3468 1094 3549 primus
1121 3489 1137 3528 e
1162 3489 1234 3548 por-

187 3567 222 3616 tu
237 3556 268 3616 ιιι
285 3555 380 3616 altum
395 3567 528 3632 evectus,
544 3554 699 3636 excipiens
714 3554 916 3634 insequentes,
941 3575 995 3615 suo
1009 3575 1159 3639 quumque
1183 3576 1235 3616 or·

184 3642 260 3704 dine
285 3642 317 3702 in
342 3640 472 3702 frontem
497 3641 707 3718 Instruxisset3
742 3639 896 3702 Eudamus
925 3639 1104 3723 Rhodiaque
1130 3641 1238 3703 classis

187 3728 394 3792 substitissent
408 3728 449 3789 ad
468 3739 590 3805 terrant,
617 3737 707 3788 utet
731 3728 796 3788 sine
823 3727 1024 3810 trepidatione
1047 3728 1233 3790 conscende-

185 3825 268 3893 rent,
283 3829 324 3893 et,
348 3827 383 3876 ut
398 3835 520 3914 quasque
542 3825 650 3897 parata
663 3825 754 3892 esset,
774 3813 871 3877 exiret
885 3815 982 3877 navis.
1026 3813 1075 3877 Ita
1089 3827 1121 3876 et
1136 3814 1234 3897 expli-

184 3921 277 3963 nuere
292 3900 428 3962 ordinem
442 3901 545 3984 primae
560 3899 591 3962 ιιι
604 3915 770 3982 conspectu
784 3901 931 3983 praetoris,
953 3913 985 3964 et
1011 3913 1151 3964 coactum
1176 3921 1232 3982 ag·

187 4007 259 4050 men
275 3989 312 4050 ab
329 3987 456 4050 Rhodiis
472 3997 539 4048 est.
572 3987 776 4068 instructaque
800 3987 892 4065 acies,
915 3988 999 4050 velut
1022 3999 1158 4050 cerneret
1184 4008 1232 4048 re·

185 4073 264 4156 gios,
290 4075 322 4136 ιιι
351 4075 446 4138 altum
474 4074 631 4158 processit.
669 4074 748 4136 inter
779 4071 985 4158 Myonnesum
1013 4086 1045 4136 et
1080 4073 1233 4158 Corycum

218 4390 241 4427 ⁸⁷
266 4389 337 4454 ignor·
338 4393 355 4438 ir
370 4387 477 4452 amatia]
504 4387 662 4448 OmnIbua'
644 4405 692 4438 sive
756 4389 779 4422 ⁸³
796 4387 908 4452 Alterura]
935 4385 1229 4446 asseverationem

184 4407 360 4514 Romanasne
367 4455 474 4512 Rhodus
483 4455 637 4518 armantibus
644 4467 692 4506 tam
724 4453 780 4504 MS.
790 4453 878 4508 Victor.
889 4468 936 4504 non
947 4455 1045 4506 alanni.

184 4523 334 4587 propinquam
346 4521 448 4570 hostium
459 4489 551 4572 clam
562 4536 620 4574 aaa.
