3110 5204
487 375 704 454 arnxxxu.
724 375 806 438 cnr.
821 377 876 436 111.
1145 384 1204 440 rm

198 527 241 593 11.
255 525 401 592 Nondum
417 527 456 594 ab
472 526 573 596 Roma
587 531 742 618 profectus
765 541 832 594 erat
846 528 882 594 C.
897 527 1064 593 Flaminius
1079 543 1201 613 prator,
1214 547 1247 598 u.
1258 547 1288 599 c.
1299 551 1355 600 559.

146 637 249 698 quum
278 617 342 678 hec
373 617 405 678 in
435 616 586 700 Hispania
616 620 807 700 gerebantur.
837 619 939 700 itaque
965 627 1029 679 tarn
1060 615 1243 698 adversm&
1256 613 1286 664 C·
1299 612 1353 690 ¹?3·

150 724 249 785 quarn
265 703 406 766 secundae
421 725 467 766 res
483 705 658 787 peripsum
682 705 857 786 amicosque
872 703 936 786 ejus
951 704 1070 786 magnis
1085 725 1201 778 sermo-
1215 676 1345 806 3¹:532

150 791 248 852 nibus
275 790 525 853 celebrabantur:
554 802 587 853 et
609 803 789 869 tentaverat,
808 793 952 873 quoniam
966 790 1079 854 bellum
1096 792 1203 874 ingens
1215 809 1329 856 manteia

152 877 190 938 in
217 877 375 961 provincia
404 878 577 956 exarsisset,
603 889 636 942 et
664 879 789 960 exiguas
819 877 959 960 reliquias
990 878 1140 941 exercitus
1164 876 1203 940 ab
1216 871 1362 939 fflwlffli

154 961 232 1026 Sex.
246 961 377 1045 Digitio,
402 976 494 1045 atque
510 986 560 1027 aas
576 965 657 1045 ipsas
673 965 778 1048 plenas
800 965 920 1047 pavoris
943 986 980 1034 ac
1000 964 1079 1048 suga
1094 985 1204 1049 accep·
1348 953 1355 964 ⁵

153 1061 241 1112 turm
268 1061 359 1128 esset,
382 1061 417 1112 ut
442 1072 535 1112 unam
561 1052 617 1114 sibi
649 1073 686 1114 ex
712 1051 834 1114 urbanis
858 1051 1029 1132 legionibus
1058 1051 1204 1115 decerne·
1252 1109 1256 1122 ,

39 1141 42 1146 “
155 1150 245 1200 rents
271 1138 310 1200 ad
334 1157 425 1219 quarn
451 1154 545 1219 quum
569 1137 698 1202 militem
714 1139 752 1200 ab
768 1159 801 1200 se
817 1139 884 1222 ipso
900 1139 1047 1220 scriptum
1063 1159 1103 1202 ex
1117 1159 1206 1200 sena-

153 1224 347 1287 tusconsulto
361 1223 536 1306 adjecisset,
551 1213 678 1308 eligeret
692 1247 731 1286 eu
747 1227 831 1287 omni
857 1245 984 1288 numero
1009 1225 1087 1288 senl>
1109 1225 1207 1287 millia

156 1322 190 1372 et
206 1311 390 1392 quingentos
406 1311 535 1394 pedites,
557 1324 589 1375 et
603 1313 719 1396 equites
744 1323 908 1374 trecentos.
946 1311 1017 1374 ‘aa
1031 1333 1064 1374 se
1086 1311 1206 1394 legione

145 1398 166 1452 .‘
184 1395 270 1477 (nam
282 1399 314 1459 in
325 1395 512 1480 Sex.Digitii
522 1399 658 1460 exercitu
668 1398 750 1460 haud
760 1398 889 1459 multum
900 1397 964 1480 spei
975 1398 1124 1477 esse)rem
1134 1419 1206 1479 ges-

154 1485 166 1517 ‘
182 1481 303 1547 turum!
327 1481 469 1546 Senioras
479 1485 602 1566 negare,
618 1483 688 1545 ‘Ad
708 1499 855 1561 rumores,
871 1475 1027 1566 apriyatis'
1044 1495 1158 1546 temere
1174 1485 1207 1545 in

155 1571 313 1653 ‘gratiam
341 1572 573 1652 magistratuum
597 1571 754 1649 confictos,
776 1569 1041 1632 senatusconsulta
1066 1565 1207 1631 facienda

157 1659 262 1720 ‘esse
276 1657 332 1718 nisi
348 1658 431 1738 quod
447 1668 500 1720 aut
515 1667 657 1740 pretores
673 1677 711 1719 ex
726 1655 888 1740 provinciis
900 1657 1080 1734 scriberent,
1092 1666 1146 1717 eut
1156 1655 1204 1731 ,le-

157 1743 168 1776 ‘
183 1745 249 1826 gaii
265 1743 486 1822 renunciarent,
501 1743 578 1806 nihil
593 1755 691 1806 ratum
708 1743 813 1805 heberi
826 1744 947 1806 debere.
971 1740 1004 1803 Si
1015 1741 1162 1804 tumultus
1174 1741 1207 1802 in
1277 1783 1284 1798 .

158 1830 168 1862 ‘
187 1827 337 1912 Hispania
349 1842 439 1908 esset,
460 1831 592 1913 placere,
614 1829 826 1892 tumultuarios
850 1830 962 1892 milites
977 1842 1065 1892 extra
1084 1827 1205 1890 ltaliam

157 1916 459 1999 ‘scribiapraetora’
488 1915 578 1979 lllens
588 1937 626 1979 ea
634 1927 756 1979 senatus
764 1915 832 1994 luit,
842 1930 878 1980 ut
889 1917 921 1978 in
930 1913 1081 1998 Hispania
1091 1914 1207 1976 tumul-

157 2002 248 2064 tuarii
260 2004 374 2066 milites
384 2003 568 2085 legerentur.
598 2000 738 2065 Valerius
749 2003 859 2065 Antias
873 2015 906 2064 et
920 2002 951 2063 in
967 1999 1105 2062 Siciliam
1120 2001 1206 2061 navi-

157 2109 246 2172 gasse
262 2090 396 2152 delectus
411 2111 518 2152 caussa
529 2087 565 2152 C.
577 2087 760 2152 Flaminium
776 2090 900 2151 scribit:
916 2098 1002 2149 etex
1017 2083 1123 2149 Sicilia
1132 2083 1206 2147 His·

156 2177 283 2258 puniam
308 2187 474 2259 petentem,
504 2185 689 2258 tempestate
717 2176 748 2236 in
775 2173 913 2236 Africam
939 2173 1085 2252 delatum,
1111 2191 1206 2254 vagos

156 2262 271 2324 milites
302 2263 341 2324 de
371 2264 508 2337 exercitu
528 2261 562 2324 P.
583 2261 721 2322 Africani
753 2271 946 2322 sacramento
979 2278 1122 2340 rogasse:
1157 2258 1206 2320 his

157 2349 287 2410 duarum
313 2349 534 2432 provinciarum
561 2348 728 2410 delectibus
747 2347 877 2410 tertium
902 2346 934 2408 in
954 2343 1105 2428 Hispania
1119 2342 1205 2426 adje-

154 2452 245 2498 cusa.

200 2516 259 2582 Ill.
282 2519 349 2582 Nec
382 2519 414 2582 in
447 2518 538 2583 Italia
567 2521 688 2602 segnius
721 2519 865 2602 ligumm
896 2519 1008 2580 bellum
1042 2517 1206 2580 crescebat.
1218 2531 1344 2597 aenign-

158 2605 244 2668 Pisas
256 2605 323 2688 jam
338 2607 540 2690 quadraginta
564 2608 680 2669 milliac
703 2607 873 2684 hominum,
900 2605 1052 2668 adfluente
1069 2603 1205 2686 quotidie
1217 2599 1266 2649 ¹³⁸²·

156 2693 353 2755 multitudine
380 2693 432 2754 ad'
446 2693 560 2755 somam
591 2687 661 2754 belli
688 2713 832 2776 spemque
858 2691 976 2775 praedae,
1001 2692 1205 2753 circumsede-

158 2781 244 2841 bant.
289 2776 445 2840 Minucius
475 2779 581 2842 consul
602 2778 755 2842 Arretium
777 2779 861 2857 ⁴die,
884 2795 973 2859 quem
997 2775 1142 2841 dixerat‘¹
1165 2777 1205 2840 ad

158 2865 400 2928 conveniendum
429 2866 586 2944 militibus,
615 2867 708 2928 venit.
735 2864 806 2928 inde
840 2865 989 2947 quadrato
1018 2865 1141 2946 agmine
1164 2861 1202 2926 ad

159 2951 244 3014 Pisas
275 2952 382 3031 duxit3
413 2961 455 3030 et,
488 2971 581 3033 quum
610 2953 713 3014 hostes
735 2951 818 3014 mille
840 2971 984 3034 passuum
1007 2952 1045 3012 ab
1068 2950 1203 3033 oppidoe

157 3039 389 3101 transfluvium
412 3039 579 3101 movissent
603 3049 714 3118 eastra,
740 3039 846 3102 consul
867 3039 984 3117 urbem,
1005 3035 1087 3100 hebd
1112 3035 1203 3098 dubie

158 3137 308 3188 servatam
331 3125 465 3188 adventu
491 3145 558 3203 suo,
584 3135 631 3186 est
656 3126 818 3208 ingressus.
863 3123 988 3186 Postero
1012 3122 1061 3184 dia
1084 3134 1116 3185 et
1137 3122 1202 3205 ipse
1215 3129 1315 3182 Minucii

158 3225 243 3274 trans
268 3211 389 3274 fluvium
413 3212 476 3274 lere
495 3213 678 3293 quingentos
699 3210 825 3294 pessusf
850 3211 888 3274 ab
904 3211 992 3272 hoste
1015 3210 1120 3290 posuit
1133 3219 1201 3270 cas-
1216 3196 1348 3246 ΜΦ

157 3385 323 3448 tutabatur.
346 3385 377 3447 in
400 3386 497 3446 aciem
520 3383 603 3446 exire
625 3403 687 3445 non
711 3383 853 3460 audebat,
876 3401 955 3444 novo
977 3381 1086 3459 milite,
1108 3392 1141 3442 et
1164 3399 1203 3444 ex

157 3472 265 3533 multis
285 3471 445 3554 generibus
460 3470 620 3535 hominurn
635 3469 787 3546 conlecto,
807 3469 960 3530 ⁵necdum
975 3481 1052 3530 noto
1066 3468 1139 3530 satis
1154 3467 1203 3529 in·

155 3571 204 3619 ter
218 3579 261 3638 se,
277 3569 312 3620 ut
325 3558 417 3620 fidere
432 3557 484 3620 alii
500 3557 566 3619 aliis
580 3567 716 3639 possent.
730 3553 855 3638 Ligures
869 3554 1065 3624 multitudine
1081 3555 1150 3618 freti
1170 3567 1206 3616 et·

157 3645 190 3705 in
206 3643 304 3706 aciem
320 3646 456 3723 exibant,
472 3643 570 3728 parati
586 3643 625 3704 de
639 3663 760 3704 summa
773 3660 872 3704 rerum
888 3642 1072 3704 decernere:
1100 3654 1133 3703 et
1147 3641 1202 3703 ab·

155 3729 306 3792 undantes
321 3731 453 3792 militurn
477 3751 603 3792 numero
624 3730 737 3811 passim
761 3728 871 3790 multas
893 3749 1000 3790 manus
1023 3749 1077 3811 per
1099 3739 1200 3790 extre-

155 3837 209 3878 ma
223 3816 327 3880 linium
342 3819 382 3880 ad
402 3817 598 3901 praedandum
624 3816 826 3879 emittebants
849 3827 891 3895 et,
918 3835 1012 3897 quum
1033 3824 1142 3878 coacta
1157 3814 1200 3875 vis

185 4005 319 4067 tasiloni
332 4012 483 4067 Grumcrer.
540 4012 654 4066 emittitis
665 4017 735 4068 Cret.
793 4013 911 4066 lalana
920 4011 1070 4064 Groucm.
1119 4011 1202 4062 ‘lates

152 4083 368 4148 nonpluspcuuum
376 4079 670 4145 tribusmillibrunb'oppidn
680 4081 744 4133 Eoed.
798 4153 800 4167 ν
828 4075 1137 4148 'smnemillcpcuusllaed

186 4249 444 4314 misenantium]
471 4251 568 4301 Plurimi
579 4249 664 4315 scripti,
695 4251 766 4312 magis
782 4249 864 4300 letina
881 4250 951 4300 lectio
969 4249 1068 4298 vidant.
1102 4245 1204 4298 Nisam

151 4317 253 4365 dimi:
264 4319 324 4380 quod
335 4320 406 4380 magis
416 4319 497 4382 placet.
693 4325 744 4365 m
760 4318 821 4372 atii,
841 4317 864 4363 id
881 4327 926 4374 cet,
945 4329 1027 4381 penum
1051 4313 1125 4364 adhue
1146 4327 1206 4363 uoto

185 4379 312 4430 ‘Nauium
328 4385 444 4432 utentis
461 4385 519 4430 aar
539 4397 570 4439 n,
585 4381 661 4440 atfi-
693 4383 793 4439 aare,
810 4380 1071 4443 halmufidmalli
1087 4380 1201 4442 ellinpot-

150 4447 203 4494 dsre
220 4446 262 4495 alii
274 4447 326 4495 aliis
339 4447 432 4509 ponat]
462 4447 524 4495 auin
540 4458 594 4495 suta
610 4446 661 4495 Ge-
692 4455 747 4499 ttnt.
1202 4455 1207 4462 '

149 4509 249 4573 leuium
268 4521 296 4561 ut
317 4515 353 4562 uic
363 4511 449 4576 fidas:
468 4528 521 4575 que
542 4512 616 4564 verior
638 4523 663 4562 et

41 3321 44 3331 ·
156 3309 216 3361 tra.
237 3297 308 3360 inde
329 3298 443 3360 levibus
465 3298 580 3382 proeliis
607 3297 904 3380 apopulationibus,
921 3317 1027 3378 agrum
1050 3295 1202 3358 sociorum
1214 3261 1411 3378 ξ’,ἰῗἮὴΨἻ
1484 3271 1488 3286 ’
