3026 5164
456 398 537 458 LlB.
551 399 618 460 XL.
638 397 719 458 CAP.
733 399 811 458 LVI.
1088 407 1146 462 ⁵⁰⁵

12 623 13 626 Ἴ
100 547 272 634 Antigono,
296 551 585 635 comprehensusque
609 553 647 614 sb
663 553 747 614 eoin
762 553 876 636 regiam
898 565 944 615 est
968 555 1140 638 perductus,
1152 567 1290 622 unsre.

101 637 212 706 relicto
235 657 273 700 eo
296 639 482 716 custodibus,
513 638 686 720 Antigonus
715 638 754 700 od
778 637 949 722 Philippum
981 635 1180 722 processittss·
1196 633 1293 685 e.179.

100 723 112 756 ‘
128 719 261 801 Multis:
284 724 392 804 inquit,
415 725 627 786 ‘sermonibus
643 724 825 787 intellexisse
840 725 955 803 videor,
980 745 1092 809 magno
1107 739 1139 790 te
1152 757 1286 808 inmersus

100 807 358 887 ιαιίιῐιιιιιιτιιιιι,
380 809 405 870 si
427 810 503 870 scire
519 829 590 873 vera
611 810 714 872 omnin
736 810 832 892 possis
847 811 886 873 de
900 811 970 872 liliis
985 813 1056 890 tuis,
1074 820 1265 900 uternensem

99 892 111 927 ‘
126 893 166 955 nb
182 903 249 956 utro
261 893 374 977 petitus
386 895 491 958 froude
503 907 535 958 et
549 896 665 958 insidiis
676 909 767 960 esset.
791 895 895 959 Homo
905 917 983 961 uuus
993 897 1234 978 omnium-'⁸⁰¹²
1308 901 1312 906 '

102 979 180 1061 ‘qui
197 979 311 1042 nodum
335 980 423 1064 hujus
448 981 558 1044 erroris
574 983 726 1045 exsolvere
739 983 848 1065 possit,
869 983 901 1044 in
920 994 1073 1065 potestate
1089 995 1144 1048 tuo
1183 1043 1188 1056 ,

101 1065 113 1100 ‘
127 1076 176 1127 est
189 1065 325 1148 Xychus,
342 1070 365 1105 ¹¹
377 1067 454 1130 forte
464 1079 605 1129 vocatum
617 1067 856 1150 perductumque
870 1068 901 1128 iu
914 1069 1028 1150 regiam
1042 1071 1143 1132 vocari

102 1150 114 1184 ‘
124 1148 270 1232 juberet!
313 1151 474 1214 Adductus
508 1153 607 1234 primo
634 1153 677 1214 its
709 1175 820 1237 negare.
853 1155 1072 1230 inconstanter,
1099 1167 1144 1235 ut,

101 1257 197 1319 porro
218 1249 303 1300 metu
328 1237 466 1316 oduroto,
491 1250 631 1320 peretum
647 1239 780 1302 indicem
804 1261 869 1302 esse
884 1239 1053 1322 adpareret.
1069 1261 1144 1304 con-

12 1407 13 1410 *
100 1333 241 1405 spectum
267 1325 390 1386 tortoris
416 1325 632 1406 verberumque
658 1346 720 1386 non
746 1325 907 1388 sustinuit:
946 1327 1144 1408 ordinemque

12 1427 14 1436 ’
101 1429 229 1472 omnem
265 1407 409 1472 iocinoris
446 1409 616 1492 legatorum
653 1410 870 1491 ministeriique
909 1411 954 1472 sui
992 1413 1144 1495 exposuit.

101 1493 270 1577 Extemplo
295 1495 390 1574 missi,
416 1496 466 1576 qui
492 1495 609 1576 legatos
636 1496 951 1578 comprehenderenq
967 1495 1146 1575 Philoclem,

101 1582 155 1661 qui
170 1600 301 1662 prseseos
316 1593 392 1661 erat,
407 1583 639 1663 obpressemnt:
661 1579 795 1665 Apelles,
811 1582 918 1644 missus
934 1582 974 1643 od
989 1581 1145 1645 Chaeream

12 1719 14 1730 .
103 1666 269 1749 quemdem
294 1667 546 1750 persequendum,
572 1668 685 1732 indicio
710 1666 812 1751 Xychi
828 1667 944 1747 audito,
967 1668 998 1730 in
1026 1665 1145 1732 ltaliam

102 1752 235 1835 trajecit.
278 1751 327 1814 De
341 1751 475 1816 Philocle
490 1754 565 1818 nihil
581 1755 657 1818 certi
668 1753 822 1836 vulgatum
837 1767 895 1817 est.
911 1755 962 1816 olii
977 1754 1076 1837 primo
1091 1775 1145 1816 ou-

90 1838 221 1904 deciter
245 1849 420 1921 negantem,
445 1852 607 1924 postquem
633 1841 665 1902 in
696 1851 894 1922 conspectum
926 1839 1075 1902 adductus
1106 1841 1147 1902 sit

101 1922 242 2008 Xychus,
257 1945 318 1987 non
327 1926 407 1988 ultra
417 1927 605 2006 tetendisse3
629 1926 680 1988 clii
691 1936 844 1988 tormenta
855 1927 947 1988 etiam
960 1925 1153 1988 inficiantem·
1172 1983 1173 1988 ,

103 2031 281 2094 perpessum
296 2011 468 2076 adfirment.
513 2011 653 2095 Philippo
675 2012 896 2094 redintegratus
911 2023 958 2073 cst
973 2011 1070 2073 luctus
1092 2032 1146 2094 ge-

106 2098 322 2182 minaturque3
366 2109 397 2162 et
421 2098 632 2162 infelicitatem
663 2117 749 2160 suurn
779 2098 812 2160 in
837 2098 937 2159 liberis
968 2098 1146 2178 graviorem,

104 2185 130 2220 ¹²
161 2183 226 2246 uod
241 2184 318 2246 riter
332 2185 469 2265 perisset,
483 2185 637 2249 eerrsebut.

172 2267 230 2332 Vl.
252 2269 389 2350 Perseus,
413 2271 522 2333 certior
548 2271 646 2334 factus
670 2270 773 2332 omnis
798 2269 919 2332 detecte
934 2289 1010 2346 esse,
1033 2279 1146 2351 poten-

103 2351 164 2418 tior
179 2355 305 2438 quidem
321 2367 396 2435 erut,
421 2377 511 2438 quom
526 2368 560 2419 ut
585 2356 689 2439 fugem
703 2355 903 2420 necessarium
918 2353 1053 2426 duceret.
1076 2366 1146 2416 tsn-
1190 2405 1200 2428 ,

104 2451 183 2520 turn,
207 2451 242 2502 ut
257 2442 362 2522 procul
380 2442 510 2519 obesset,
537 2443 673 2520 curabat,
697 2442 818 2504 interim
833 2441 916 2502 velut
939 2440 978 2504 ab
1004 2438 1145 2502 incendio

103 2525 263 2608 flagrantis
285 2527 345 2603 ine,
378 2527 453 2590 dum
474 2526 630 2611 Philippus
651 2529 773 2606 viveret,
806 2548 838 2588 se
863 2525 1048 2591 defensurus.
1082 2524 1145 2605 qui,

102 2633 157 2694 spe
173 2611 315 2694 potiundi
330 2611 370 2674 od
384 2633 507 2695 poenam
521 2615 656 2696 corporis
671 2612 735 2695 ejus
750 2613 872 2690 smisso,
898 2611 982 2692 quod
997 2611 1145 2691 reliquum

102 2709 180 2774 mot,
205 2697 238 2758 id
252 2697 383 2774 studere,
408 2718 447 2758 ue
462 2717 551 2778 super
566 2699 779 2780 impunitatem
801 2698 895 2759 etism
909 2697 1032 2779 premio
1048 2696 1144 2757 scele-

18 2851 20 2856 ,
105 2783 146 2844 ris
161 2783 318 2844 frueretur.
361 2779 551 2861 Antigonum
567 2783 660 2862 igitur
674 2781 828 2864 adpellat3
852 2782 900 2842 cui
916 2793 948 2842 et
962 2783 1066 2863 polam
1079 2780 1144 2842 fac·
1157 2791 1273 2854 Antigono

105 2869 128 2929 ti
145 2867 299 2948 parricidii
315 2867 415 2946 grstia
429 2866 578 2926 obnoxius
592 2875 669 2942 erut,
694 2885 791 2945 neque
806 2865 980 2946 pudendum
1006 2877 1060 2926 aut
1079 2885 1145 2946 poe·
1156 2871 1250 2934 ’ΨΜ

105 2951 265 3014 nitendum
284 2971 353 3010 cum
378 2969 480 3030 regem
504 2947 736 3024 Macedonibus,
762 2959 886 3030 propter
910 2961 1063 3010 recentem
1090 2919 1287 3049 pu-{ffiqffi

106 3038 166 3100 trui
191 3034 338 3116 Antigoni
371 3035 511 3116 glorium,
542 3033 607 3095 fore
641 3034 796 3096 censebat.
842 3032 997 3102 ‘Quando
1020 3034 1052 3096 iu
1077 3048 1240 3117 eomuppur.

107 3123 287 3184 ‘fortunam
302 3117 390 3197 veni,'
415 3119 512 3200 inquit
532 3119 723 3200 ‘Antigone‚
745 3130 782 3181 ut
805 3119 919 3180 orbitus
944 3119 1030 3197 milri,
1056 3139 1147 3199 quam

107 3209 185 3269 ‘olii
200 3208 389 3269 detestantur
410 3216 561 3286 psrentes,
586 3205 729 3288 optobilis
755 3225 821 3265 esse
843 3204 953 3265 debent
965 3227 975 3281 ;
1009 3225 1147 3286 regnum,

41 3349 50 3358 .
107 3293 217 3376 ‘quod
232 3313 251 3352 o
264 3303 373 3373 patruo
398 3301 452 3352 tuo
467 3290 551 3368 lorti,
578 3311 640 3352 non
655 3291 753 3352 solum
770 3289 863 3368 lideli,
886 3290 983 3352 tutela
998 3289 1063 3371 ejus
1079 3311 1147 3351 cus-

108 3379 117 3411 ‘
134 3379 267 3442 toditum
283 3388 313 3439 et
329 3388 452 3439 suctum
476 3377 568 3440 etism
584 3376 701 3458 occepi,
726 3376 758 3438 id
773 3376 828 3437 tibi
856 3375 974 3439 trudere
999 3377 1029 3446 in
1046 3377 1148 3438 animo
1227 3456 1228 3459 Ἴ

108 3465 193 3527 ‘est
236 3460 284 3524 Te
298 3483 392 3524 unum
408 3462 516 3540 heheu,
535 3483 624 3544 quem
641 3462 766 3544 dignum
782 3481 876 3546 regno
888 3461 1033 3543 judicem.
1055 3462 1080 3523 si
1095 3483 1149 3523 ne·

108 3549 120 3584 ‘
135 3551 249 3611 minem
261 3550 415 3626 haberem,
427 3549 525 3630 perire
537 3559 569 3612 et
580 3549 732 3631 exstingui
744 3548 776 3609 id
788 3548 922 3625 mollem,
935 3567 1025 3628 quom
1038 3544 1149 3609 Perseo

110 3635 270 3698 ‘scelesto
295 3635 409 3696 fraudis
425 3634 580 3716 praemium
595 3655 669 3696 esse.
714 3632 904 3696 Demetrium
919 3634 1086 3696 excitentur
1110 3634 1150 3695 ab

111 3723 121 3755 ‘
134 3721 239 3783 inferis
249 3721 481 3801 restitutumque
490 3720 612 3782 credam
624 3719 711 3796 mihi,
720 3720 745 3780 si
754 3731 796 3794 te,
805 3720 855 3799 qui
866 3719 959 3781 morti
968 3719 1150 3796 innocentis,

110 3806 188 3888 ‘qui
202 3805 402 3882 meoinielici
418 3805 511 3868 errori
526 3826 602 3868 uuus
613 3805 821 3883 inlacrimasti,
837 3806 868 3866 in
883 3805 983 3866 locum
999 3803 1064 3886 ejus
1078 3805 1149 3866 sub·

112 3891 123 3924 ‘
136 3891 277 3956 stitutum
293 3889 480 3974 relinquam!
509 3891 558 3954 Ab
573 3893 632 3954 hoc
645 3911 783 3954 sermone
800 3891 882 3954 omni
899 3909 1011 3972 genere
1026 3889 1154 3954 honoris

146 4094 166 4128 ¹¹
179 4091 245 4143 Foru
261 4091 371 4156 manen]
397 4093 524 4156 tegetum
538 4091 615 4142 Τιιιι-
647 4092 736 4158 surplis
768 4091 1150 4160 Vrdtontiouemssrdmiisdh·

113 4155 185 4234 quillo
200 4157 288 4208 Frhro:
309 4157 371 4236 forts
387 4158 489 4233 chistum.
521 4157 615 4236 Grono-
647 4158 731 4257 oluff»,
741 4167 824 4207 xxxv.
835 4161 875 4208 49.
925 4224 931 4236 ·

112 4222 614 4336 ense
642 4221 1077 4346 ywere

111 4353 187 4402 detur.
220 4353 324 4402 Mutatio
339 4353 401 4402 euim
412 4353 519 4402 orationis
537 4351 612 4401 diruo*
645 4353 679 4401 irs
698 4349 813 4413 Philippus
824 4352 851 4400 ad
862 4352 1017 4414 Antigonum:
1044 4351 1152 4406 Quonim

111 4427 142 4466 ue
153 4419 177 4464 iu
194 4417 336 4476 indirectam,
353 4419 455 4482 quemvis
472 4433 518 4465 nou
536 4419 614 4465 admo·
645 4420 671 4464 in
680 4415 848 4480 consertorum
857 4421 934 4469 oeni..
945 4427 971 4466 ut
982 4419 1060 4468 orbitas
1067 4419 1144 4476 milri..

113 4482 167 4530 dum
176 4483 286 4556 irequeus
296 4482 334 4540 sir,
350 4497 396 4532 uon
407 4494 469 4540 erret
486 4495 563 4532 remen
575 4496 614 4531 ex·
646 4479 744 4547 optabilis
753 4495 794 4528 esu
805 4481 884 4530 dehent.

158 4567 231 4615 von.
248 4569 296 4613 ur.
673 4553 691 4591 t
709 4566 731 4610 rc
747 4547 767 4606 k
