3110 5204
453 403 531 463 LlB.
551 399 694 465 XXXIV.
716 401 798 464 CAP.
812 405 893 466 LXI.
1151 413 1206 470 185
1260 357 1263 368 ι

156 561 169 595 ‘
184 549 291 645 parem
304 545 452 626 Romanis
465 548 551 628 esse!
587 562 655 627 Sibi
665 552 788 629 centum
798 577 896 630 tectas
911 551 1012 646 naves,
1027 564 1084 629 et.1¹
1101 560 1207 632 decem
1219 571 1252 625 v.
1261 571 1291 624 c.
1303 575 1359 628 5⁵9.

155 650 259 711 millia
269 650 422 734 peditum,
438 651 520 714 mille
532 652 648 733 equites
665 654 861 736 deposcebat.
898 653 909 687 ⁶
923 653 970 716 Ea
984 676 1016 716 se
1032 645 1129 716 classe
1143 657 1208 736 pri·
1220 642 1250 692 Α·
1262 639 1291 692 ⁰·
1300 640 1354 692 193.

157 737 169 770 ⁶
186 757 271 798 mum
277 737 414 800 Africam
424 739 599 821 petiturum.
611 761 796 823 magnopere
803 739 965 818 confidere,
972 751 1002 803 et
1008 739 1208 824 Karthagini-

158 823 170 857 ‘
187 843 275 885 enses
288 823 547 906 adrebellaudum
555 827 594 887 ab
605 847 637 888 se
648 827 791 910 compelli
801 849 901 910 posse.
923 826 956 889 si
965 828 1009 891 illi
1016 839 1209 908 cunctentur,

159 911 172 944 ‘
188 931 221 974 se
234 910 337 993 aitqua
344 923 432 994 parte
441 910 542 974 *ltaliae
555 913 668 976 bellum
678 914 878 977 excitaturum
891 913 1048 978 Romanis.
1092 912 1209 996 Regem

159 995 171 1030 ‘
188 1017 259 1059 curn
276 999 384 1060 ceteris
393 999 533 1061 omnibus
545 1001 674 1062 transire
685 1001 716 1062 in
727 999 883 1084 Europam
894 1002 1015 1081 debere,
1027 1012 1059 1063 et
1067 1000 1102 1064 in'
1110 1002 1210 1085 aliqua

160 1084 173 1117 ‘
189 1095 277 1166 parte
288 1082 411 1148 Graecia
425 1086 529 1167 copias
542 1087 710 1165 continere,
721 1107 820 1168 neque
832 1085 1046 1170 injicientem,
1064 1101 1096 1152 et
1114 1086 1210 1170 (qno'd

158 1170 171 1204 ‘
188 1173 221 1233 in
237 1171 370 1252 speciem
381 1171 554 1254 famamque
569 1173 642 1235 belli
658 1175 731 1237 satis
744 1173 797 1254 sit)
809 1186 951 1256 paratum
962 1172 1123 1257 trajicere?

207 1255 290 1320 LXI.
313 1256 349 1319 ln
364 1259 444 1319 hanc
457 1260 641 1321 sententiam
656 1280 750 1342 quum
770 1260 948 1324 adduxisset
964 1282 1077 1344 regem,
1092 1282 1209 1344 praepa·
1222 1275 1343 1326 &semro

159 1343 273 1406 randos
286 1344 342 1406 sibi
353 1345 436 1406 adid
448 1345 640 1428 popularium
652 1347 770 1409 animos
783 1359 876 1425 ratus,
886 1346 999 1426 literas,
1015 1368 1124 1432 nequo
1137 1369 1208 1410 casu
1221 1353 1319 1390 ⁰⁰³⁸²¹²¹

158 1430 340 1513 intercepta
349 1431 452 1514 palam
464 1431 600 1494 lacerent
608 1445 729 1509 conata,
739 1432 870 1494 scribere
876 1452 938 1495 non
945 1435 1100 1496 estausus.¹
1122 1433 1208 1496 Aris·
1222 1409 1317 1456 pm,

158 1527 267 1594 torrem
279 1518 441 1597 quemdam
452 1515 579 1601 Tyrium
589 1530 698 1581 nactus
706 1517 832 1600 Ephesi,
838 1531 1041 1602 expertusque.
1053 1519 1208 1583 solertiam
1220 1537 1329 1586 Artemo

160 1602 323 1666 levioribus
338 1604 532 1682 ministeriis3
559 1604 672 1687 partim
694 1605 798 1683 donis,
814 1607 927 1688 partim
943 1627 996 1688 spe
1016 1606 1208 1688 praemiorum
1221 1602 1292 1678 ΜΡ
1302 1602 1367 1650 Kar.

160 1701 333 1766 oneratum,
345 1691 452 1771 quibus
468 1690 562 1753 etiam
576 1692 640 1773 ipse
652 1711 706 1753 rex
721 1691 881 1770 adnuerat,
897 1689 1122 1774 Karthaginem
1138 1713 1208 1755 curn
1220 1668 1348 1776 munem.

159 1777 313 1838 mandatis
334 1777 450 1854 mittit3
476 1776 540 1838 edit
553 1778 679 1840 nomina
693 1799 808 1856 eorum,
830 1779 937 1860 quibus
958 1779 1115 1862 conventis
1131 1799 1207 1862 opus
1295 1845 1298 1850 ,

160 1873 264 1925 esset:
289 1863 411 1925 instmit
426 1862 520 1925 etiam
535 1866 660 1927 secretis
674 1865 768 1942 notis,
788 1885 843 1947 per
858 1885 932 1947 quas
947 1865 1029 1928 haud
1044 1864 1136 1927 dubie
1152 1886 1206 1946 ag-

158 1961 323 2011 noscerent
346 1969 402 2011 sua
423 1949 570 2013 mandata
584 1971 660 2013 esse.
706 1949 798 2033 Hunc
813 1949 988 2013 Aristonem
1016 1949 1208 2033 Karthagine

159 2035 370 2099 obversantem
399 2057 472 2097 non*
492 2037 574 2117 prius
605 2037 708 2114 amici,
737 2057 829 2118 quam
865 2038 981 2099 inimici
1012 2035 1208 2115 Hannibalis,

159 2141 223 2202 qua
247 2121 286 2183 de
311 2143 419 2184 caussa
440 2123 583 2200 venisset,
608 2135 826 2204 cognoverunt.
870 2121 912 2185 Et
926 2124 1025 2205 primo
1040 2124 1072 2185 in
1088 2123 1208 2185 circulis

158 2208 365 2290 conviviisque
387 2208 541 2270 celebrata
564 2209 753 2271 sermonibus
777 2229 825 2270 res
847 2221 904 2272 est.
928 2209 1037 2272 deinde
1053 2209 1085 2271 in
1101 2220 1209 2272 senatu

158 2293 297 2443 qqilpumn,
324 2293 436 2441 ‘uNihil
452 2305 554 2356 actum
570 2293 657 2442 oell'l
682 2295 956 2443 dicerqln‘paxs‘iilio
972 2295 1171 2443 Hannibaliq,¹
1182 2296 1208 2357 si

260 2401 297 2442 ns
393 2401 432 2444 ue
447 2401 541 2442 novas
558 2401 656 2442 morrr
673 2402 719 2442 res
746 2403 781 2442 so
806 2401 844 2443 rcr
879 2403 899 2442 n
922 2404 940 2443 ο
962 2403 1001 2444 ue
1017 2403 1135 2444 ammos
1173 2403 1208 2444 o·

157 2466 303 2530 ‘minum
312 2401 436 2530 llqullme
446 2477 561 2528 statum
572 2467 705 2528 civitatis
716 2426 829 2549 posset.
852 2402 1026 2530 Aristrllnem
1034 2468 1208 2550 quemdam,

157 2549 310 2636 ‘Tyrium
334 2553 493 2630 advenam,
516 2553 698 2616 instructum
728 2553 881 2614 nrnndatis
908 2555 947 2616 ab
975 2553 1150 2616 Hannibale
1177 2565 1209 2616 et

157 2639 170 2672 ‘
186 2639 225 2700 ab
239 2637 396 2701 Antiocho
412 2660 492 2720 rege,
506 2639 624 2700 venisse
639 2661 647 2700 r
670 2649 771 2701 certos
787 2637 926 2700 homines
936 2641 1073 2722 quotidie
1088 2661 1157 2702 cum
1170 2661 1208 2701 eo

157 2724 170 2760 ‘
185 2735 304 2787 secreta
319 2725 482 2806 conloquia
497 2745 607 2802 serere,
623 2729 635 2764 ⁶
648 2736 681 2788 et
698 2725 729 2786 in
745 2725 868 2788 occulto
878 2727 1032 2808 conloqui,
1042 2727 1124 2810 quod
1135 2747 1208 2788 mox

158 2811 216 2873 ‘iu
249 2811 385 2874 omnium
428 2810 594 2894 perniciem
637 2822 814 2893 erupturum
851 2811 951 2876 esset!
1005 2811 1207 2875 Conclamare
1257 2821 1291 2829 ''

159 2917 277 2976 omnes,
292 2897 303 2931 ⁶
317 2893 429 2960 Vocari
444 2897 620 2959 Aristonem
633 2898 754 2976 debere,
766 2909 798 2984 et
809 2900 911 2981 quari,
920 2899 994 2982 quid
1003 2900 1151 2986 venisset:
1165 2911 1207 2977 et,

158 2985 170 3018 ‘
185 2983 241 3045 nisi
258 2995 463 3066 expromeret,
479 3003 549 3046 curn
564 2984 672 3066 legatis
687 2983 820 3046 Romam
834 2985 927 3047 mitti.
948 2985 1021 3047 satis
1037 3005 1093 3067 pro
1109 2997 1207 3046 teme·
1239 2985 1245 2994 ’

158 3070 378 3134 ‘ritateunins
393 3070 527 3132 hominis
549 3070 767 3153 suppliciorum
792 3091 919 3153 pensum
944 3091 1022 3135 esse.
1069 3068 1207 3133 Privatos

158 3160 240 3219 ‘suo
269 3157 403 3241 periculo
425 3167 615 3240 peccaturos.
646 3157 865 3240 rempublicam
898 3177 961 3218 uon
983 3168 1071 3219 extra
1091 3177 1206 3219 noxam

156 3244 169 3277 ‘
183 3243 287 3321 modo,
299 3243 355 3305 sed
366 3243 459 3306 etiam
469 3253 557 3304 extra
562 3242 676 3305 lamam
688 3263 785 3320 noxa,
791 3242 1029 3306 conservandam
1034 3242 1120 3304 esse!
1130 3291 1132 3293 .
1142 3240 1208 3304 Vo-

157 3341 246 3391 catus
265 3328 369 3393 Aristo
392 3349 522 3413 pnrgare
546 3348 623 3404 sese,
645 3338 678 3389 et
701 3328 875 3392 firmissimo
898 3329 1126 3410 propugnaculo
1151 3329 1207 3408 uti,

157 3417 241 3498 quod
256 3415 409 3500 literarum
426 3413 519 3478 nihil¹
540 3414 578 3477 ad
594 3433 778 3496 quemquam
795 3415 964 3476 adtulisset.
990 3425 1125 3476 ceterum
1149 3435 1206 3476 nec

156 3523 296 3564 caussam
320 3503 466 3564 adventus
492 3501 566 3564 satis
589 3501 781 3584 expediebat,
807 3513 838 3564 et
861 3501 893 3563 in
915 3522 953 3563 eo
968 3500 1102 3563 maxime
1118 3501 1207 3562 hasi-

154 3591 254 3669 tabat,
269 3589 352 3671 quod
367 3609 437 3655 cum
462 3591 475 3635 ⁷
489 3585 626 3650 Barcinae
641 3588 739 3650 solum
755 3588 897 3650 factionis
909 3583 1084 3650 hominibus
1101 3587 1207 3650 conlo'-

154 3686 261 3738 cutum
277 3695 348 3738 eum
363 3674 541 3758 arguebant.
584 3673 662 3736 Orta
677 3674 789 3737 deinde
805 3674 965 3738 altercatio
980 3687 1038 3752 est,
1064 3674 1132 3736 aliis
1148 3695 1207 3756 pro

155 3762 349 3844 speculatore
365 3761 597 3845 ,comprehendi
617 3758 683 3842 jam
707 3771 739 3822 et
761 3761 907 3822 custodiri
927 3759 1118 3842 jubentibus,
1139 3761 1207 3830 aliis

155 3850 349 3931 negantibus,
379 3845 583 3926 tumultuandi
607 3867 744 3909 caussam
767 3868 845 3909 esse.
868 3847 966 3908 ‘mali
990 3867 1054 3908 rem
1076 3846 1206 3928 exempli

154 3937 258 4016 ‘esse‚
274 3936 313 3998 de
327 3935 424 3998 nihilo
439 3931 577 4016 hospites
592 3935 716 4017 corripi.
739 3933 826 3996 Idem
839 3930 1159 4014 Karthaginiensibus,
1175 3941 1206 3992 et

154 4019 265 4106 ‘Tyri,
287 4035 319 4085 et
341 4022 373 4083 in
397 4022 464 4083 aliis
487 4020 642 4102 emporiis,
670 4021 701 4082 in
724 4042 789 4103 quae
815 4019 993 4102 'frequenter
1023 4029 1206 4096 commeent,

265 4157 267 4162 .
281 4127 325 4178 ¹'et
335 4129 381 4178 del.
391 4129 464 4179 Gron.
475 4127 544 4178 Crev.
794 4125 801 4161 ¹
812 4127 870 4175 nibil
880 4127 996 4176 literarum
1007 4123 1077 4174 Crev.

185 4217 299 4268 ”Eric
312 4221 396 4269 ascuto
412 4221 512 4282 colloqui,
527 4216 594 4282 quod]
613 4217 664 4265 Du·
697 4229 832 4280 empturum
854 4229 923 4267 esset.
956 4217 997 4265 Sic
1014 4231 1081 4280 snpra
1102 4227 1160 4264 vnr.
1181 4216 1206 4264 3.

153 4298 205 4332 rum
222 4283 267 4332 boc
278 4284 555 4348 percunctandus,
573 4298 616 4331 nec
628 4301 664 4331 aa·
698 4282 804 4332 Omnibus
820 4283 1011 4332 munerantur
1029 4285 1089 4330 inter
1105 4295 1127 4326 re
1140 4283 1206 4340 prta·-

151 4349 188 4413 pit
208 4349 332 4398 Lirianrrn
353 4349 498 4411 elegantiam.
530 4349 578 4397 Vix
598 4349 664 4396 dubi·
696 4349 752 4408 cipes
763 4344 1015 4409 summosano
1025 4346 1113 4394 bellum.

152 4425 229 4462 urnas
242 4417 297 4478 quin
313 4416 425 4479 scripturn
440 4413 513 4462 suerit
529 4415 599 4475 coqui.
633 4413 664 4460 Et
729 4409 878 4461 7⁸Borcr'rre
890 4445 896 4460 .
909 4449 915 4463 .
927 4409 1056 4478 .soctr'crn'r]
1087 4410 1204 4462 Viduas.

151 4479 190 4526 iris
208 4480 306 4530 occnltir
323 4478 526 4530 consultationibus
544 4477 568 4526 id
584 4478 665 4541 parari,
698 4477 737 4528 10.
748 4477 878 4531 adam.
1183 4495 1201 4506 ³

151 4542 218 4606 anui,
234 4546 297 4611 quod
308 4561 360 4598 nor
377 4546 401 4598 in
418 4545 522 4596 ennium
539 4542 664 4608 perniciem
