3026 5164
427 398 504 458 ura.
522 397 587 457 xn.
605 349 690 457 'cla
710 395 795 460 xru.
1083 403 1142 466 tos
1190 407 1194 416 ·

55 591 59 602 ·
96 553 110 588 ‘
124 551 231 636 magis,
242 573 332 635 quam
343 552 457 615 crimen
470 575 570 616 meum
580 553 761 633 iudicatura,
773 554 863 618 hodie
873 577 991 640 quoque
1002 581 1070 622 eam
1086 577 1140 626 aut
1153 553 1186 605 U·
1199 551 1228 605 ⁰4
1239 546 1313 608 ⁵⁷⁰5

96 637 320 723 ‘praetermitti
345 651 396 702 aut
420 642 451 701 iu
468 639 550 702 aliud
566 652 687 724 tempus
704 641 836 703 differri:
861 655 894 704 ut
909 647 1141 730 perspiceretur,
1152 619 1183 670 Α
1191 617 1221 669 c·
1229 622 1285 674 ¹⁸2⁶

95 727 224 789 ‘utrum
240 747 297 808 ego
313 725 379 804 tibi,
396 747 434 788 an
450 737 482 787 tu
497 726 583 804 mihi,
599 747 678 788 novo
694 728 816 808 quidem
828 741 860 790 ct
870 731 1012 812 singulari
1026 755 1139 816 genere

94 812 199 892 ‘odiis
210 813 334 875 insidias
349 811 480 874 fecisses.
524 811 592 894 Ego
616 823 730 893 tamen,
751 827 897 896 quantum
920 817 952 878 in
967 817 1024 880 hac
1039 821 1138 885 subita

93 899 345 984 ‘perturbatione
370 913 488 982 potero,
513 900 660 982 separabo
687 921 733 980 ea,
758 923 823 982 quae
848 913 880 964 tu
896 903 1081 968 confudisti:
1105 919 1138 970 et

19 1003 21 1008 ·
90 985 105 1019 ⁴
121 987 218 1050 noctis
239 984 326 1067 hujus
341 985 481 1062 insidias,
497 995 549 1046 aut
569 995 645 1064 tuas,
662 999 715 1048 aut
731 1009 823 1066 meas,
849 988 1001 1072 detegam.
1044 991 1137 1055 Occi·

91 1072 106 1106 ‘
122 1073 213 1134 dendi
229 1073 274 1134 sui
289 1072 447 1133 consilium
463 1092 512 1132 me
528 1069 627 1150 inisse,
642 1073 842 1136 sideri'mrlt:
869 1086 904 1136 ut
917 1077 1044 1156 scilicet,
1070 1101 1137 1142 ma·
1212 1135 1215 1141 .

93 1157 106 1191 ‘
115 1157 185 1242 jore
201 1158 292 1219 fratre
308 1159 439 1248 sublato,
463 1156 547 1239 cujus
566 1158 634 1240 jure
649 1161 797 1240 gentium,
818 1181 902 1222 more
918 1159 1136 1245 Macedonum,
1153 1207 1156 1214 ·

93 1240 174 1306 ‘tuo
190 1245 293 1323 etiam,
311 1255 346 1306 ut
362 1252 413 1321 ait,
424 1243 541 1326 judicio
556 1265 680 1326 regnum
698 1261 744 1308 est
759 1247 902 1326 futurum,
917 1270 974 1331 ego
990 1250 1089 1313 minor
1103 1252 1137 1314 in

93 1329 105 1364 ‘
119 1329 196 1412 ejus,
221 1352 310 1414 quem
325 1331 514 1408 occidissem,
538 1329 728 1393 succederem
745 1333 856 1396 locum.
901 1334 982 1406 Quid
997 1359 1069 1418 ergo
1084 1337 1138 1401 illa

91 1417 103 1450 ⁶
118 1417 176 1479 sibi
192 1413 255 1479 vuli
269 1439 337 1501 pars
353 1417 447 1482 altera
459 1418 614 1496 orationis,
626 1437 686 1499 qua
701 1416 856 1481 Romanos
872 1443 891 1482 a
905 1443 954 1483 me
969 1423 1065 1485 cultos
1080 1432 1136 1504 alt,

91 1502 212 1586 ‘atque
227 1526 330 1566 eorum
345 1503 457 1565 fiducia
479 1505 510 1564 in
534 1525 619 1586 spem
646 1505 730 1585 regni
748 1527 797 1566 me
812 1507 950 1570 venisse?
975 1530 1047 1571 narn
1062 1509 1087 1571 si
1103 1523 1136 1574 et
1163 1534 1171 1549 ·

87 1589 106 1668 ‘¹
115 1589 150 1650 in
167 1589 312 1652 Romanis
328 1602 446 1653 tantum
462 1590 608 1651 momenti
624 1611 689 1651 csse
704 1591 875 1670 credebam,
899 1605 943 1671 ut,
967 1614 1057 1676 quern
1072 1595 1136 1657 vel-

92 1675 195 1754 ‘lent,
220 1677 399 1760 inponerent
419 1673 610 1737 Macedoniae
632 1684 744 1756 regem,
770 1689 802 1740 et
824 1699 899 1740 meae
914 1691 1033 1742 tantum
1050 1681 1135 1763 apud
1228 1745 1229 1750 ,

90 1761 171 1823 ‘eos
187 1764 291 1846 gratiae
305 1763 504 1840 confidebam,
529 1762 602 1843 quid
625 1783 701 1844 opus
724 1764 884 1846 parricidio
903 1763 983 1828 fuit?
1016 1767 1076 1846 An,
1100 1779 1136 1834 ut

90 1846 277 1911 ‘cruentum
304 1850 435 1911 fraterna
459 1848 540 1910 caede
567 1847 709 1909 diadema
728 1850 885 1931 gererem?
917 1863 952 1914 ut
975 1853 1034 1914 illis
1049 1852 1135 1937 ipsis,

88 1933 200 2018 ‘apud
225 1957 298 2017 quos
326 1947 378 1997 aut
404 1957 484 2013 vera,
511 1946 563 2019 aut
577 1947 658 1997 certe
673 1935 824 2014 simulata,
846 1937 997 2019 probitate
1013 1951 1145 2021 partam.
1189 1981 1194 1992 .

87 2018 104 2052 ‘
115 2023 248 2103 gratiam
264 2023 372 2100 habeo,
395 2023 419 2085 si
443 2041 533 2102 quarn
549 2021 626 2082 forte
640 2021 749 2099 habeo,
769 2023 962 2086 exsecrabilis
975 2035 1006 2086 et
1020 2026 1134 2090 invisus

88 2105 101 2139 ⁴
117 2109 240 2170 essem?
264 2109 321 2170 nisi
337 2113 361 2147 ⁴¹
374 2105 414 2168 T.
425 2108 601 2178 Quinctium
613 2107 720 2186 credis,
732 2107 816 2190 cujus
828 2109 937 2172 virtute
952 2123 984 2174 et
999 2111 1142 2175 consiliis'

85 2191 166 2254 ‘me
183 2216 264 2257 nunc
280 2195 379 2277 arguis
394 2195 467 2276 regi,
493 2215 583 2276 quum
599 2202 630 2255 et
654 2194 719 2276 ipse
743 2194 795 2255 tali
823 2195 938 2278 pietate
959 2197 1039 2259 vivat
1063 2219 1134 2262 curn

89 2278 102 2314 ‘
116 2279 222 2359 fratre,
235 2282 310 2343 mihi
325 2275 463 2343 fraternae
478 2281 566 2342 credis
581 2280 671 2342 fuisse
688 2292 851 2344 auctorem.
896 2281 979 2345 Idem
995 2305 1057 2346 non
1067 2284 1135 2347 Ro-

84 2365 276 2444 ‘manorum
293 2368 390 2429 solnm
404 2367 545 2448 gratiam,
560 2367 613 2428 sed
636 2365 843 2455 Macedonum
853 2367 981 2451 judicia,
1004 2393 1039 2433 ac
1055 2393 1134 2456 pene

83 2451 252 2515 ‘omnium
267 2451 400 2515 Deorum
416 2454 632 2534 hominumque
647 2471 826 2526 consensum
842 2457 984 2538 conlegit,
999 2478 1053 2539 per
1068 2479 1135 2541 quae

84 2538 97 2572 ⁶
113 2540 222 2601 omnia
236 2562 267 2600 se
282 2540 357 2601 mihi
379 2561 483 2624 parem
506 2540 537 2600 in
559 2539 722 2600 certamine
737 2560 798 2601 non
812 2541 945 2604 futuram
961 2543 1133 2606 crediderit.

83 2623 209 2701 ‘idem,
224 2638 379 2708 tamqnam
404 2627 435 2686 in
457 2626 524 2687 aliis
547 2626 686 2687 omnibus
708 2627 795 2687 rebus
817 2628 940 2690 inferior
961 2649 1071 2708 essem,
1093 2631 1134 2694 ad

82 2710 96 2744 ‘
111 2712 236 2775 sceleris
249 2733 334 2794 spem
349 2713 488 2773 ultimam
504 2711 673 2792 confugisse
689 2733 737 2772 me
753 2713 915 2776 insImulat.
945 2711 1042 2776 Vise
1053 2717 1132 2780 hanc

86 2797 277 2860 ‘'formulam
290 2799 472 2880 cognitionis
488 2819 564 2875 esse,
576 2809 621 2874 ut,
634 2803 701 2859 uter
713 2798 857 2877 timuerit,
869 2821 907 2862 ne
923 2801 999 2863 alter
1012 2801 1132 2884 dignior

86 2883 270 2947 ‘videretur
285 2905 389 2966 regno,
416 2885 441 2944 is
457 2883 614 2946 consilium
629 2884 821 2966 obprimendi
835 2886 934 2948 fratris
951 2886 1068 2969 cepisse
1079 2887 1132 2971 ju-

86 2969 258 3033 ‘diceturl
455 3043 461 3058 ,

104 3061 109 3070 ”
127 3055 220 3118 XIII.
243 3055 586 3139 ‘Exsequamurtamen
599 3057 625 3094 ⁴³
634 3075 823 3137 quocumque
835 3055 927 3118 modo
943 3057 1064 3145 conficti
1080 3082 1131 3123 or-

78 3143 96 3176 *
111 3143 219 3204 dinem
232 3143 375 3206 criminis.
399 3141 534 3204 Pluribus
547 3141 644 3203 modis
656 3163 689 3202 se
699 3143 826 3224 petitum
839 3143 1012 3205 crimInatus
1025 3157 1083 3225 est,
1098 3160 1131 3212 et

83 3230 94 3265 ‘
110 3251 222 3292 omnes
234 3231 410 3292 insidiarum
421 3231 483 3291 vias
493 3230 524 3290 iu
536 3249 628 3290 unum
641 3227 720 3290 diem
733 3227 873 3291 contulit.
895 3227 985 3290 Volui
998 3231 1131 3296 interdiu

80 3316 94 3351 ⁴
108 3339 182 3380 eum
199 3329 270 3400 post
285 3317 504 3395 lustrationem,
519 3336 611 3397 quum
626 3314 840 3394 concurrimus,
864 3315 1047 3407 etquidem,
1065 3322 1091 3358 ⁴⁴
1103 3321 1130 3383 si

113 3425 136 3460 ⁴¹
169 3423 198 3473 T.
228 3423 376 3478 Quintam..
389 3426 479 3485 ..cujus
502 3424 595 3488 uirtute]
626 3421 708 3470 Roscio
717 3423 815 3470 Comn.
827 3425 938 3486 stetque
948 3423 978 3472 ibi
988 3423 1131 3477 Hotomsnni

80 3487 139 3539 Vox
151 3492 236 3539 virtrtts
254 3504 331 3552 parum
342 3490 397 3536 bulo
412 3488 464 3537 loco
475 3489 594 3537 convenire
625 3500 711 3535 notam.
722 3487 855 3536 Demetrius
861 3489 929 3550 igitur
938 3491 982 3536 hoc
988 3489 1040 3538 loco
1047 3493 1130 3555 querit
1215 3531 1217 3536 ,

79 3557 183 3604 videtur.
211 3555 298 3603 Melius
307 3555 408 3618 prolecto
418 3555 531 3615 legeretur
540 3569 593 3602 otto·
626 3553 728 3609 absus,
742 3569 798 3601 num
813 3553 868 3601 velit
879 3571 908 3602 ex
919 3570 947 3602 es
956 3555 1053 3603 formula
1063 3556 1129 3608 litero

78 3623 178 3670 tor-itate.
213 3619 310 3668 Persem
326 3619 453 3684 objecerat:
481 3618 507 3667 Τ.
518 3617 591 3672 Qut'n-
624 3619 1129 3685 intereosdeudiosri,hauolsgemutrique

74 3687 126 3732 dass
135 3701 201 3734 nunc
212 3694 243 3734 est
252 3695 329 3734 suotor
337 3687 433 3732 omnium
442 3698 516 3731 rerum
526 3685 593 3732 issia
622 3683 675 3740 dici,
692 3695 718 3732 ut
736 3685 755 3732 Is
773 3687 810 3747 qui
828 3685 930 3732 timuerit
951 3700 981 3732 ne
999 3687 1057 3733 alter
1077 3689 1131 3749 dig·
1206 3715 1209 3724 ·

135 3751 193 3799 'test
623 3749 1067 3808 niorregnovideretur‚consiliu1ao
1096 3753 1130 3800 ti-

123 3817 135 3850 ἱ
164 3815 235 3864 Hm
246 3815 372 3880 formulam
390 3815 517 3878 sagatum
536 3811 589 3876 esu]
624 3815 699 3862 mendi
709 3815 785 3864 fratris
800 3816 884 3878 cepisse
898 3817 1024 3879 judicetur.
1083 3819 1129 3866 uod

75 3881 183 3931 locucio
193 3897 223 3930 er
231 3883 285 3944 jure
297 3881 400 3930 Romsm
416 3881 496 3943 petita.
516 3872 590 3928 'Pne.
622 3881 642 3926 si
653 3879 807 3928 admittetuta
818 3881 911 3938 Perseo,
919 3896 965 3929 nou
976 3881 1064 3930 dubitat
1075 3882 1129 3932 De-

74 3957 115 3993 tor
125 3947 194 3996 enlm
215 3963 285 4009 quum
300 3945 388 4010 judices
403 3945 467 3994 daret
484 3945 592 4006 litiganti·
623 3946 726 4002 metrIus,
736 3946 790 4008 quita
800 3961 841 3994 sua
851 3946 942 3994 victoria
951 3946 989 4004 sit,
1004 3958 1028 3994 et
1040 3947 1129 3996 critnsn

75 4011 130 4070 latas,
139 4013 212 4060 dabat
223 4023 248 4060 et
256 4006 378 4062 formulam
395 4026 477 4072 exque
488 4026 524 4060 res
535 4025 591 4059 con·
622 4011 752 4060 insidiarum
761 4023 863 4060 vertatur
873 4011 897 4058 iu
908 4023 1069 4064 accusatorem.

75 4084 186 4126 traversa
194 4077 316 4140 disceptari
332 4089 357 4126 et
375 4077 472 4138 iudicari
482 4077 586 4124 deberet:
652 4076 674 4110 ⁴³
687 4077 702 4105 ⁵
715 4074 852 4139 Quocumque
861 4078 921 4124 modo
930 4075 1026 4140 oorfictt']
1038 4076 1129 4130 Quam·

73 4143 188 4205 atquead
200 4155 252 4190 esen
270 4143 389 4192 formulam
407 4142 507 4190 adstricti
524 4155 578 4189 eren
619 4143 653 4190 vis
664 4152 711 4190 tsm
727 4155 807 4206 perum
824 4140 970 4207 probabiliter
986 4143 1085 4199 conficti,
1100 4153 1128 4191 ut

4 4201 15 4214 '
72 4205 176 4272 judiees,
192 4209 392 4270 oecalitsrquam
406 4223 435 4260 ex
452 4221 588 4270 eapronun-
620 4207 732 4256 accusatio
741 4208 783 4255 sibi
792 4209 839 4270 ipss
850 4223 896 4256 non
910 4208 1045 4264 comendo,
1059 4209 1128 4258 stad

73 4275 137 4322 ciart
158 4285 276 4336 poteraut.
307 4271 589 4333 Hicmosaregibusus-
621 4271 682 4320 illam
693 4273 855 4321 dissolvendam
865 4283 987 4322 contentus
1003 4287 1052 4320 ests
1071 4288 1129 4338 pos·-¹

74 4353 123 4401 qus
134 4339 222 4386 ductus
232 4349 291 4398 erat,
309 4350 337 4387 ut
351 4349 443 4403 apparet
454 4355 482 4386 ert
494 4338 590 4386 formula
620 4339 663 4386 situ
674 4339 771 4401 eoquod
783 4337 838 4385 mihi
848 4349 964 4386 accusator
974 4339 1021 4400 lpse
1030 4339 1119 4402 objicit.

69 4403 217 4464 cognitionis
228 4405 279 4452 dats
291 4405 414 4452 duumsins
429 4419 442 4452 a
455 4404 525 4456 Tullo
535 4419 588 4462 rege
652 4403 907 4466 esuritionem]
930 4403 1128 4454 UtunturLatini
1190 4423 1195 4430 ·

72 4470 98 4522 in
110 4485 180 4517 causa
193 4469 295 4525 Horatii,
305 4487 331 4518 su
347 4485 379 4527 rt,
394 4470 519 4520 1.r.c.26.
534 4467 587 4517 Vid.
619 4470 664 4518 nso
676 4470 796 4518 verborum
808 4467 915 4530 formula,
927 4481 954 4516 ut
962 4467 1010 4532 jssn
1022 4469 1127 4532 observa-

69 4545 99 4584 et
122 4535 177 4582 Cio.
196 4534 215 4580 1.
228 4547 256 4583 n.
274 4534 298 4586 in
343 4551 386 4586 err.
405 4551 429 4586 n.
444 4539 484 4588 31.
506 4544 530 4582 et
547 4551 587 4601 pro
619 4535 974 4598 rimus,'1uremdigns,atruci:
990 4533 1128 4601 qusleetset

121 4621 203 4668 vor..
221 4621 271 4668 nr.
449 4633 453 4640 ·
666 4623 690 4668 a
705 4604 725 4667 b
