3068 5186
386 366 464 428 LlB.
484 369 659 430 xxxvrn.
679 370 759 430 cnl’.
779 370 875 432 xvn.
1099 375 1158 438 858

103 517 117 552 ‘
132 515 282 604 Phryges,
297 533 330 586 et
341 523 433 588 Cares
445 527 593 590 timeant:
611 529 638 567 ⁰²
644 526 801 608 Romanis,
815 511 928 591 ¹Gallici
936 531 1082 595 tumultus
1094 534 1149 596 ad·
1165 543 1235 596 tac.
1246 547 1303 598 5634

104 603 117 638 ‘
131 611 240 686 suetis,
252 610 344 672 etiam
356 612 506 675 vanitates
518 627 597 675 notar
610 627 689 676 sunt.
712 612 813 676 Semel
826 617 923 697 primo
935 637 1097 700 congressu
1108 621 1149 684 ad
1163 611 1194 662 Α·
1204 610 1234 662 ⁰·
1246 611 1301 664 ¹⁰⁹·

103 689 116 724 ‘
130 691 249 756 Alliam
259 696 332 757 olim
344 697 486 760 fuderunt
498 697 631 780 majores
639 711 757 762 nostros
769 723 777 762 r
790 720 874 777 exeo
884 713 1017 787 tempore
1027 726 1081 788 per
1091 707 1149 769 du·

103 776 242 842 ‘centos
258 780 322 863 jam
336 804 431 846 annos
448 805 591 866 pecorum
614 787 644 848 iu
666 787 792 849 modum
805 800 1014 853 consternatos
1029 792 1149 856 cadunt

102 862 115 897 ‘
132 865 322 950 htgantque3
338 883 370 931 et
381 870 480 953 plures
496 893 591 954 prope
604 873 641 934 de
653 871 748 934 Gallis
760 875 914 958 triumphi,
929 897 1019 960 quarn
1032 877 1069 940 de
1081 891 1148 942 toto

82 947 114 1010 .‘
131 953 209 1015 orbe
221 966 378 1034 tartarum,
390 957 450 1018 acti
460 969 541 1020 sunt.
584 957 606 1021 J
608 980 656 1020 am
667 981 722 1020 usu
733 959 792 1022 hoc
804 963 961 1043 cognitum
976 973 1033 1041 est,
1043 966 1069 1025 si
1084 967 1147 1049 pri·

102 1036 115 1070 ‘
131 1049 220 1102 tuum
236 1042 382 1123 inpetum,
395 1063 486 1125 quem
506 1043 620 1107 fervido
640 1045 762 1128 ingenio
777 1058 808 1109 et
826 1069 905 1110 caeca
919 1049 964 1110 ira
977 1049 1146 1132 effundunt,

101 1123 113 1158 ‘
129 1129 321 1207 sustinueris,
328 1129 425 1192 fluunt
433 1131 542 1194 sudore
552 1144 584 1194 et
593 1132 770 1194 lassitudine
780 1135 1035 1212 membralabant
1044 1145 1145 1201 arma:¹

101 1209 241 1276 ‘mollia
262 1235 314 1277 cor
336 1238 399 1294 ora,
410 1217 527 1294 molles,
541 1218 592 1279 ubi
608 1219 653 1279 ira
664 1219 812 1297 consedit,
828 1221 945 1283 animos
961 1223 1017 1301 sol,
1038 1225 1146 1306 pulvis,

101 1295 211 1378 ‘sitis
226 1303 253 1340 ⁰³
264 1313 297 1364 ut
307 1238 418 1365 tlerrum
429 1323 490 1365 non
501 1301 672 1382 admoveas,
687 1315 889 1388 prosternunt.
933 1305 1004 1369 Non
1017 1309 1146 1392 legioni-

99 1381 189 1447 ‘bus
206 1387 340 1470 legiones
355 1411 459 1450 eorum
479 1391 576 1451 solum
591 1393 706 1474 experti
723 1411 835 1469 sumus,
857 1393 910 1454 sed
929 1395 974 1455 vir
988 1415 1064 1456 unus
1076 1419 1145 1460 curn

100 1467 198 1533 ‘viro
214 1475 448 1556 congrediendo,
458 1473 496 1536 T.
509 1475 653 1554 Manlius,
668 1475 716 1538 M.
725 1474 874 1556 Valerius,
889 1491 1034 1559 quantum
1047 1480 1145 1545 Galli-

100 1555 202 1620 ‘cam
224 1561 339 1622 rabiem
354 1562 486 1624 vinceret
505 1561 645 1624 Romana
663 1563 768 1640 virtus,
790 1563 969 1639 docuerunt.
1011 1565 1083 1629 Jam
1098 1567 1145 1631 M.

99 1641 113 1675 ‘
128 1641 270 1707 Manlius
284 1668 359 1708 unus
375 1649 495 1728 agmine
505 1648 685 1711 scandentes
694 1650 726 1710 in
735 1640 1032 1731 CapitoliutrlGallos
1042 1655 1145 1717 detru-

100 1728 112 1764 ‘
128 1729 181 1792 sit.
227 1731 267 1794 Et
279 1732 337 1794 illis
349 1732 513 1815 majoribus
524 1735 634 1796 nostris
645 1756 715 1797 oum
727 1735 809 1797 haud
821 1736 918 1800 dubiis
930 1736 1026 1800 Gallis
1038 1740 1068 1801 in
1078 1753 1144 1804 ter·

100 1815 163 1877 ‘ra
178 1838 234 1879 sua
248 1819 358 1900 genitis
373 1841 420 1882 res
435 1833 512 1883 erat.
556 1819 598 1882 Hi
610 1819 676 1903 jam
695 1822 858 1904 degeneres
880 1835 972 1902 sunt3
996 1825 1095 1906 mixti,
1111 1841 1143 1891 et

99 1901 113 1935 ‘
128 1899 311 1987 Gallograeci
321 1926 402 1985 vere,
414 1907 496 1988 quod
507 1907 718 1990 adpellantur:
735 1909 813 1970 sieut
828 1909 859 1970 in
873 1909 1007 1992 frugibus
1019 1915 1143 1993 pecudi-

100 1987 113 2023 ‘
128 1989 258 2073 busque,
278 2013 340 2054 non
356 2003 475 2055 tantum
492 1983 609 2055 semiit'a
623 1993 664 2056 ad
686 1995 862 2057 servandam
882 1996 1015 2060 indolem
1030 2000 1143 2080 valent,

100 2075 113 2110 ‘
129 2090 281 2157 quantum
293 2091 379 2142 terrae
398 2079 567 2163 proprietas
582 2079 719 2164 coelique,
734 2082 789 2143 sub
810 2101 869 2163 quo
888 2083 1019 2162 aluntur,
1034 2097 1145 2150 mutat.

99 2161 113 2194 ‘
127 2159 332 2244 Macedones,
348 2167 399 2248 qui
410 2165 627 2228 Alexandriam
647 2166 678 2228 in
693 2164 840 2251 AEgypto,
855 2169 906 2251 qui
922 2165 1090 2234 Seleuciam
1106 2193 1143 2234 ac

100 2247 113 2282 ‘
126 2245 343 2334 Babyloniam,
353 2253 464 2336 quique
480 2251 554 2314 alias
575 2273 692 2335 sparsas
707 2274 761 2335 per
775 2255 879 2316 orbern
895 2267 1041 2318 terrarum
1057 2257 1143 2322 colo-⁴

99 2333 197 2398 ‘nias
225 2339 349 2416 habent,
370 2339 401 2398 in
433 2337 536 2423 Syros,
566 2338 704 2418 Parthos,
725 2337 887 2425 AEgyptios
913 2341 1143 2424 degenerarunt.

98 2420 111 2455 ‘
126 2419 280 2504 Massilia,
291 2424 370 2487 inter
377 2422 482 2486 Gallos
496 2425 565 2501 sita,
580 2426 674 2488 traxit
688 2400 877 2507 aliquantum
893 2427 932 2488 ab
947 2428 1062 2492 adeolis
1074 2433 1142 2492 ani-

94 2507 110 2542 *
126 2526 262 2572 morum.
305 2509 479 2574 Tarentinis
495 2511 567 2592 quid
582 2533 621 2574 ex
637 2509 797 2594 Spartana,
813 2513 888 2574 dura
898 2513 951 2575 illa
965 2527 998 2578 et
1009 2516 1141 2596 horrida,

94 2593 110 2628 ‘⁴
127 2595 293 2679 disciplina
314 2597 447 2660 mansit?
472 2595 686 2660 “Generosius
701 2599 732 2659 itt
747 2611 802 2660 sua
819 2599 963 2697 quidquid
979 2602 1050 2663 sede
1072 2604 1141 2686 gig-

96 2680 110 2714 ‘
125 2681 232 2761 nitur;
248 2683 371 2745 insitum
381 2684 486 2746 alienae
498 2694 595 2762 terrae,
607 2685 637 2745 in
650 2683 692 2762 id,
701 2704 761 2765 quo
774 2685 873 2764 alitur,
887 2696 996 2749 natura
1005 2701 1141 2752 vertente
1165 2709 1181 2770 J

69 2805 72 2810 ·
99 2766 168 2846 ‘se,
181 2769 355 2851 degenerat.
399 2769 531 2854 Phrygas
547 2771 640 2852 igitur
649 2768 774 2832 Gallicis
785 2785 927 2835 oneratos
940 2775 1042 2853 armis,
1061 2776 1141 2840 sicut

99 2851 111 2890 ‘
124 2855 157 2917 in
166 2856 237 2918 acie
245 2855 390 2918 Antiochi
402 2857 565 2935 cecidistis,
574 2857 671 2919 victos
681 2857 810 2920 victores
818 2859 950 2921 credetis.
994 2859 1096 2943 Magis
1108 2863 1141 2924 id

98 2939 110 2974 ‘
123 2963 243 3021 vereor,
254 2965 292 3004 ne
303 2963 410 3026 parum
419 2942 491 3005 inde
502 2943 614 3024 gloriae,
627 2964 717 3024 quam
727 2965 765 3006 ne
777 2945 905 3006 nimium
917 2945 989 3007 belli
999 2947 1048 3008 sit.
1080 2947 1140 3011 At-

97 3027 110 3063 ‘
123 3029 203 3090 talus
215 3051 271 3091 eos
283 3051 336 3092 rex
346 3051 423 3112 saepe
439 3029 517 3091 fudit
533 3029 716 3110 fugavitque.
759 3027 863 3093 Nolite
878 3031 1062 3110 existimare,
1073 3035 1140 3096 bel-

96 3113 109 3148 ‘
123 3115 786 3198 luastantumrecenscaptasferitatemillam
795 3117 1066 3199 silvestrcmprimo
1075 3141 1139 3182 ser-

95 3201 107 3234 ‘
120 3223 201 3281 vare,
215 3203 340 3280 deinde,
351 3223 443 3284 quum
455 3203 507 3264 diu
518 3202 656 3264 manibus
668 3203 806 3263 humanis
820 3203 949 3280 alantur,
958 3204 1136 3286 mitescere;

95 3288 107 3324 ⁴
121 3289 153 3350 in
177 3290 342 3352 hominum
360 3290 481 3354 feritate
501 3287 663 3350 mulcenda
675 3307 737 3351 non
757 3289 895 3350 eamdem
911 3299 1049 3353 naturam
1062 3313 1138 3354 esse.

98 3374 109 3409 ‘
123 3373 300 3438 Easdemne
311 3376 367 3438 hos
377 3375 499 3437 creditis
508 3397 583 3454 esse,
595 3376 646 3456 qui
660 3384 760 3458 patres
769 3392 870 3438 eorum
881 3375 986 3457 avique
997 3376 1136 3442 fuerunt?

100 3460 262 3525 ‘extorres
274 3463 379 3546 inopia
389 3483 529 3544 agrorum
544 3461 672 3544 profecti
685 3461 776 3522 domo
791 3482 844 3544 per
859 3463 1054 3544 asperrimam
1068 3462 1138 3549 llly-
1195 3526 1198 3534 ,

98 3547 175 3611 ‘rici
185 3571 291 3626 oram;
305 3549 453 3612 Paeoniam
460 3549 532 3610 inde
541 3560 573 3610 et
580 3546 754 3626 Thraciam,
761 3547 926 3631 pugnando
933 3569 1003 3610 cum
1014 3549 1139 3614 ferocis-

62 3671 65 3680 ·
98 3635 110 3668 ‘
123 3635 206 3697 simis
217 3637 372 3719 gentibus,
383 3636 507 3713 emensi,
517 3636 572 3696 has
583 3645 677 3696 terras
690 3646 842 3717 ceperunt.
878 3634 1013 3698 Duratos
1023 3657 1075 3700 eos
1087 3649 1136 3702 tot

99 3723 110 3756 ‘
124 3723 211 3784 malis
220 3734 474 3806 exasperatosque
486 3721 604 3804 accepit
616 3731 705 3800 terra,
718 3742 782 3803 quae
791 3721 879 3804 copia
888 3743 986 3784 rerum
999 3725 1137 3786 omnium

98 3809 111 3842 ⁴
124 3811 288 3891 saginaret.
302 3809 452 3870 uberrimo
467 3829 551 3890 agro,
562 3808 723 3870 mitissimo
732 3808 821 3887 coelo,
831 3807 1029 3871 clementibus
1042 3803 1136 3873 adeo*-

100 3893 220 3958 ‘larum
235 3896 376 3979 ingeniis,
397 3895 496 3957 omnis
516 3895 579 3973 illa,
595 3915 664 3956 cum
679 3915 739 3976 qua
753 3905 917 3974 venerant,
929 3895 1137 3980 mansuefacta

98 3981 110 4016 ⁶
124 3995 170 4048 est
181 3979 297 4047 soritas.
340 3980 446 4062 Vobis,
467 3981 649 4059 mehercule,
670 3979 783 4044 Martis
797 3981 878 4058 viris,
890 3982 1026 4044 cavenda
1040 4003 1077 4044 ac
1089 3983 1137 4045 iu·

129 4120 153 4157 ⁶²
168 4123 272 4172 Ilommit
298 4123 380 4172 Gallici
406 4123 525 4187 tumultur]
552 4121 602 4170 Ro.
664 4119 688 4156 ⁶³
705 4120 721 4150 ⁸
736 4119 777 4183 Ut]
792 4121 896 4171 Etieorsi.

100 4190 170 4236 manis
189 4190 299 4240 vanitates
315 4205 404 4253 quoque
415 4188 496 4236 Gallici
514 4187 601 4235 tumul·
663 4185 685 4222 ⁶⁴
702 4185 828 4236 Gerendus
854 4189 880 4236 t'a
900 4202 940 4236 aaa
960 4189 1066 4252 pridpuirl
1088 4193 1137 4240 seda

99 4265 137 4301 tus
152 4267 213 4304 ootae
229 4269 292 4315 sunt,
313 4254 499 4318 quemadmodum
520 4266 545 4302 et
562 4265 602 4300 tu·
629 4252 743 4316 gignitur]
763 4251 829 4299 Nihil
850 4251 887 4298 hie
902 4254 995 4301 videtur
1008 4270 1064 4318 opus
1082 4271 1136 4304 essa
1157 4303 1161 4310 ‚

99 4319 254 4385 multtnipse,
269 4333 349 4386 utpote
365 4321 475 4377 assuetisr
493 4319 602 4374 Romani,
631 4318 767 4367 mutatione.
807 4318 926 4366 Interdum
946 4318 1008 4366 enim
1029 4323 1136 4385 quidsuid

100 4395 178 4448 utpote
196 4387 280 4440 assueti
292 4385 385 4434 Gallicis
401 4385 475 4441 bellis,
492 4396 516 4432 et
534 4385 598 4432 illum
629 4397 674 4446 pro
699 4383 793 4444 quidque
810 4383 908 4446 positum
934 4384 1053 4448 reperitur.
1095 4387 1134 4434 Sic

100 4449 129 4498 nd
159 4463 270 4499 terrorem
305 4451 454 4522 composipum
485 4449 599 4513 pugnandi
632 4447 714 4494 Cicero
732 4462 775 4512 pro
786 4449 963 4498 Cluentu.52.
980 4451 1016 4496 ted
1032 4452 1134 4512 utquid.

20 4551 23 4560 .
100 4526 289 4574 moremnorunt,
306 4528 331 4567 et
350 4533 417 4581 quam
434 4516 545 4568 recussit
559 4513 598 4565 ille
629 4513 1011 4576 quidegnapprdtotdmmttatim
1022 4525 1136 4584 amantor

99 4585 180 4626 terror.
629 4577 902 4649 ιιίονφιιὸιιιιιιιιιιιίὺιιι.Ι

1 4658 19 4670 ’“
142 4663 215 4723 vot.
229 4669 281 4722 111.
655 4665 678 4714 Α
691 4665 709 4712 fl
