3068 5186
112 305 120 346 ι

326 399 406 462 LIB.
421 399 599 463 XXXVIII.
619 399 704 461 CAP-
716 401 857 463 XLVIII.
1080 407 1139 466 38:

88 555 102 590 ⁴
117 555 261 618 universa
276 557 377 638 gentis
392 548 520 620 infamia
534 570 625 640 atque
640 558 763 637 invidia,
776 579 874 642 perse
886 559 968 642 ipsos
979 559 1139 624 estimare.
1152 559 1185 611 U.
1197 563 1228 616 C·
1237 563 1297 614 ⁶⁶⁵2

90 643 103 678 ‘
117 627 248 706 Iltinam
257 665 312 705 rex
320 643 484 724 Eumenes,
500 647 618 708 utinam
629 645 709 708 Asiae
717 647 856 709 civitates
867 667 974 710 omnes
983 647 1138 728 adessent,
1151 627 1182 678 Δ*
1194 628 1279 682 ⁰⁸¹⁸7
1281 661 1291 682 ·
1382 721 1384 726 ,

88 729 102 764 ‘
118 743 149 793 et
164 731 233 793 illos
247 731 350 813 potius
365 744 537 813 querentes,
561 753 721 816 quemme
740 747 945 812 accusantem,
968 733 1137 800 auditetisl

91 817 103 851 ‘
157 819 248 896 rttire,
272 819 417 900 agedum,
440 819 558 901 legatos
572 820 655 882 circa
670 841 777 882 omnes
791 821 871 884 Asioe
886 822 985 899 urbes,
1009 835 1042 885 et
1056 843 1147 905 quarm
1181 865 1184 874 ι

88 904 102 936 ‘
119 905 187 981 rite,
205 916 302 984 utra,u
322 907 457 988 'graviori
482 907 637 984 servitute,
662 907 819 971 Antiocho
843 909 924 970 ultra
947 907 1041 972 Tauri
1055 955 1058 964 ,
1063 909 1142 993 juga

88 989 102 1024 ‘
118 1005 233 1070 emoto,
248 1013 288 1054 an
303 990 399 1056 Gallis
415 993 559 1072 subactis,
575 994 695 1056 liberati
711 995 794 1057 sint?
819 995 939 1076 quoties
954 997 1019 1078 agri
1031 1018 1139 1061 eorum

89 1078 102 1110 ‘
119 1080 228 1141 vastati
245 1081 315 1158 sInt,
332 1080 451 1162 quoties
466 1081 573 1162 praedae
589 1081 714 1161 abactae,
735 1081 892 1145 referant:
915 1103 1008 1166 quum
1022 1085 1075 1146 vix
1088 1105 1139 1146 re·

89 1164 102 1198 ‘
119 1165 255 1228 dimendi
271 1168 407 1250 captiuos
422 1169 512 1252 copia
526 1180 617 1246 esset,
639 1181 672 1231 et
685 1179 836 1232 mactatas
852 1170 1000 1232 humanas
1021 1171 1139 1234 hostias

87 1251 340 1336 ‘Inmolatosque
359 1255 470 1316 liberos
494 1276 564 1317 suos
590 1256 741 1318 audirent.
786 1254 992 1338 Stipendium,
1016 1259 1138 1338 scitote,
1176 1253 1179 1264 '

88 1338 101 1372 ‘
117 1340 300 1422 pependisse
312 1341 414 1404 socios
427 1353 544 1404 vestros
559 1339 678 1404 Gallis:
701 1353 734 1404 et
752 1362 845 1419 nunc,
861 1342 1005 1406 liberatos
1016 1365 1136 1426 perros

89 1425 102 1458 ‘
119 1429 205 1507 regio
221 1427 361 1510 imperio,
376 1428 467 1490 Irrisse
482 1449 640 1511 pensuros,
655 1429 680 1489 si
696 1449 715 1490 a
730 1449 780 1490 me
795 1429 874 1490 soret
888 1429 1061 1492 cessatum!

132 1511 276 1576 XLVIII.
299 1515 393 1585 ‘Quo
407 1516 527 1597 longius
541 1514 712 1577 Antiochus
728 1527 848 1576 emotus
864 1527 955 1594 esset,
971 1517 1030 1578 hoc
1045 1518 1138 1599 iupo-
1168 1573 1170 1584 ‚

88 1599 233 1664 ‘tentius
258 1602 289 1663 in
311 1601 387 1663 Asia
406 1600 487 1663 Galli
510 1603 760 1664 dominarentur:
783 1613 826 1678 et,
842 1601 991 1689 quidquid
1005 1614 1052 1666 est
1069 1615 1139 1665 ⁴ter-

85 1686 99 1720 ‘
116 1707 216 1750 rarum
232 1688 310 1751 citra
323 1687 417 1750 Tauri
428 1688 514 1771 juga,
536 1687 694 1751 Gallorum
709 1688 850 1770 imperio,
872 1709 934 1750 non
949 1700 1061 1767 vestro,
1082 1691 1139 1752 ad·

88 1773 102 1808 ‘
113 1772 277 1855 jecissetis.
319 1775 363 1838 Ar
377 1776 460 1837 enim
475 1786 546 1837 sunt
569 1775 692 1860 quidem
712 1776 772 1838 ista
794 1797 877 1838 vera.
908 1775 1002 1838 ctiam
1029 1776 1138 1839 ⁶⁸Del·

88 1861 103 1892 ‘
119 1862 224 1943 phos?
239 1863 394 1944 quondam
410 1883 572 1924 commune
591 1864 717 1924 humani
736 1861 855 1945 generis
875 1864 1044 1942 oraculum,
1068 1883 1139 1925 um·

90 1947 104 1982 ‘
121 1949 245 2032 bilicum
257 1951 338 2011 orbis
350 1961 509 2028 terrarum,
524 1948 606 2012 Galli
616 1949 835 2032 spoIIaverunt:
859 1969 917 2011 nec
928 1949 998 2012 ideo
1008 1951 1139 2033 populus

86 2033 101 2068 ‘
117 2033 274 2098 Romanus
289 2036 336 2098 his
351 2037 465 2099 bellurn
481 2037 603 2114 indixit,
626 2047 679 2098 aut
693 2037 807 2099 intulit.
851 2035 1003 2118 Equidem
1024 2038 1138 2119 aliquid

89 2122 264 2185 ‘interesse
279 2125 366 2186 rebar
390 2124 471 2186 inter
495 2124 527 2184 id
547 2133 682 2206 tempus,
708 2145 770 2205 quo
792 2123 930 2186 nondum
954 2124 986 2184 in
1007 2122 1078 2206 jure
1101 2145 1139 2186 ac

88 2208 102 2240 ‘
119 2208 350 2273 ditionevestra
359 2207 478 2273 Gracia
491 2221 581 2292 atque
592 2211 668 2271 Asia
679 2221 755 2290 erat,
767 2211 808 2272 ad
820 2210 986 2272 curandum
998 2210 1138 2273 animad-

88 2294 102 2328 ‘
119 2299 369 2378 uertendumque,
385 2298 458 2380 qnid
473 2297 504 2358 in
519 2298 567 2359 his
583 2297 671 2360 terris
686 2297 794 2374 lieret3
828 2308 860 2358 et
875 2299 945 2376 hoc,
968 2318 1028 2379 quo
1042 2297 1136 2360 finem

87 2382 102 2416 ‘
117 2382 239 2466 imperii
255 2383 387 2446 Romami
409 2383 544 2464 'laurum
560 2395 697 2447 montem
713 2385 873 2461 statuistis,
889 2405 950 2465 quo
965 2384 1140 2459 libertatern

87 2469 102 2502 ‘
116 2469 369 2534 inmunitatemve
379 2471 550 2533 civitatibus
565 2471 656 2549 datis,
668 2491 729 2552 quo
742 2471 807 2532 aliis
819 2470 895 2533 lines
905 2468 1047 2551 adjicitis,
1062 2471 1137 2532 alias

90 2557 105 2590 ‘
119 2575 197 2638 agro
212 2557 360 2636 multatis,
376 2557 441 2620 aliis
456 2557 586 2636 vectigal
603 2558 770 2640 inponitis:
803 2576 897 2639 regna
923 2558 1060 2638 augetis,¹
1078 2557 1139 2618 mi·

90 2643 224 2720 ‘nuitis‚
253 2643 386 2722 donatis,
415 2644 569 2706 adimitis:
607 2665 685 2706 curae
707 2655 814 2706 vestrae
840 2644 971 2705 censetis
997 2664 1074 2722 esse,
1103 2655 1139 2707 ut

88 2730 227 2814 ‘pacem
238 2740 317 2792 terra
326 2731 461 2812 marique
470 2731 615 2792 habeant.
636 2729 730 2808 ⁷⁰An‚
747 2730 803 2791 nisi
813 2729 953 2812 praesidia
962 2729 1139 2794 deduxisset
1172 2727 1173 2732 ’

91 2817 104 2852 ‘
118 2817 304 2895 Antiochus,
326 2837 394 2898 qua:
418 2817 522 2898 quieta
535 2816 567 2878 in
582 2817 644 2879 suis
659 2818 778 2879 arcibus
793 2828 890 2894 erant,
912 2838 974 2878 non
990 2818 1146 2900 putaretis

92 2903 279 2966 ‘liberatam
295 2902 423 2966 Aulam?
448 2905 474 2965 si
489 2901 646 2965 Gallorum
662 2905 813 2968 exercitus
835 2904 922 2965 effusi
944 2917 1139 2988 vagarentur,
1237 2971 1240 2981 ,

92 2991 186 3052 ‘rata
199 2991 281 3052 dona
294 3003 405 3069 restra,
431 3011 497 3072 quoe
511 2991 647 3068 dedistis,
672 2991 736 3072 regi
763 2990 903 3067 Eumeni,
928 3002 995 3052 rata
1016 2992 1141 3054 libertas

91 3079 105 3114 ‘
121 3078 295 3141 civitatibus
310 3077 412 3140 esset?
446 3075 509 3140 Sed
524 3078 597 3158 quid
613 3098 671 3158 ego
687 3079 750 3140 haec
763 3078 807 3138 ita
820 3088 1036 3160 argumentor:
1059 3089 1141 3140 tam·

92 3166 104 3200 ‘
120 3183 212 3246 quam
229 3185 290 3228 non
306 3165 488 3248 acceperim,
514 3165 568 3226 sed
584 3164 708 3226 fecerim
724 3164 828 3227 hostes
848 3163 977 3226 Gallos?
1021 3163 1079 3242 Te,
1103 3163 1140 3227 L.

92 3253 104 3287 ‘
121 3249 238 3334 Scipio,
255 3251 386 3335 adpello,
407 3251 493 3333 cujus
508 3271 567 3334 ego
581 3251 669 3329 mth,
684 3251 850 3313 succedens
862 3251 893 3312 in
909 3251 1005 3312 vicem
1021 3251 1140 3332 imperii

92 3340 104 3374 ‘
119 3339 176 3417 tul,
201 3340 343 3402 virtutem
366 3339 605 3420 felicitatemque
624 3337 738 3421 pariter
751 3357 814 3400 non
830 3338 940 3399 Inrstra
954 3338 993 3399 ab
1008 3335 1076 3399 Diis
1091 3339 1140 3399 in-

95 3427 302 3488 ‘mortalibus
317 3437 457 3510 precatus
472 3445 559 3502 sum:
581 3435 625 3504 te,
641 3424 673 3487 P.
689 3423 804 3508 Scipio,
820 3425 869 3506 qui
886 3424 978 3506 legati
990 3423 1053 3506 jus,
1073 3423 1139 3486 col·

89 3514 104 3546 ‘
119 3511 195 3595 legae
210 3512 417 3595 majestatem,
442 3525 474 3576 et
490 3513 572 3596 apud
586 3511 710 3580 fratrem
726 3512 893 3591 consulem,
908 3523 940 3576 et
955 3511 1037 3594 apud
1052 3533 1140 3574 exer·

89 3599 217 3666 ‘eitum
231 3601 385 3679 habuisti;
416 3600 626 3679 solaturam
649 3601 786 3664 exercitu
811 3599 958 3663 Antiochi
981 3597 1166 3664 Gallomm.

93 3689 105 3722 ‘
120 3688 255 3769 legIones
281 3686 396 3750 fuisse?
429 3688 565 3750 videritis
587 3687 618 3748 in
635 3688 778 3766 acicam,
794 3687 825 3747 in
840 3707 935 3748 cornu
949 3695 1077 3767 utroque
1094 3685 1141 3764 (id

93 3775 104 3807 ‘
120 3776 201 3836 enirn
218 3775 333 3840 roboris
348 3795 414 3840 esse
428 3773 597 3856 videbatur)
616 3774 758 3838 locatos?
780 3773 996 3857 pugnaveritis,
1018 3785 1053 3836 ut
1069 3793 1141 3834 cum

92 3860 258 3926 ‘hostibus
290 3859 403 3944 justis?
449 3861 643 3926 cecideritis?
687 3857 787 3945 spolia
816 3881 920 3926 eurum
950 3859 1137 3925 retuleritis?

206 4035 217 4062 ¹
232 4037 334 4078 surum
345 4027 418 4078 Grun.
429 4029 501 4078 (ἕνον.
606 4031 620 4059 ¹
630 4028 687 4077 itta:
701 4041 779 4075 somn
786 4029 853 4076 stim
862 4023 957 4089 Delphos
967 4025 1027 4091 Ilup.

125 4185 457 4248 &marrimandum
474 4183 540 4236 Orbis
557 4197 601 4236 ter·
633 4202 684 4236 sum
699 4186 811 4236 efficiant.
843 4183 892 4240 Qui
904 4201 949 4235 non
961 4184 1071 4250 putaretis
1082 4183 1142 4235 libe·

91 4253 184 4317 mrsu]
216 4254 257 4304 Sic
278 4253 358 4306 Grnci
378 4251 550 4318 quamplurimi,
577 4264 602 4302 et
633 4265 706 4304 ratam
722 4253 813 4312 mum,
830 4253 873 4302 nisi
890 4251 994 4317 praesidia
1009 4251 1141 4302 deduxisset

93 4331 147 4384 post
164 4333 205 4370 eos
223 4319 309 4370 latini.
340 4319 394 4368 vid.
411 4317 496 4370 cellar.
516 4317 604 4382 Geossr.
634 4319 774 4375 Antiochen,
790 4333 819 4368 an
838 4319 936 4370 credetis
952 4329 1024 4366 rrum
1043 4317 1140 4366 liberta,

93 4387 154 4435 Ant.
165 4384 182 4433 l.
196 4398 212 4434 r.
224 4402 246 4435 c.
256 4389 280 4435 4.
633 4397 681 4435 tem
698 4385 828 4436 civitatibus
845 4385 947 4434 futuram
964 4383 1043 4440 luisse,
1059 4383 1080 4431 si
1096 4397 1139 4447 per

127 4451 151 4486 ⁷⁰
166 4448 396 4512 Amnirr'pra'dia]
422 4447 479 4500 Duo
495 4465 548 4512 qua
564 4465 602 4500 se·
633 4451 738 4502 eamdem
747 4451 830 4498 Asiam
840 4451 908 4502 effuri
919 4449 1039 4503 Gallorum
1050 4447 1143 4502 uuerde

94 4526 199 4578 quantur
217 4517 320 4566 membra
337 4517 397 4566 inter
415 4532 440 4565 se
458 4517 603 4566 itacouuexe
632 4528 671 4569 tus
683 4517 835 4580 vagarentur?

91 4580 192 4644 intelligi
210 4583 305 4646 debeut,
323 4593 350 4633 ut
369 4597 443 4634 unum
461 4582 528 4632 rubo
547 4593 601 4632 ssu·
948 4577 951 4586 '
