3068 5186
257 377 261 386 '
341 333 432 448 Asso
736 432 737 435 ,
795 381 879 442 ΤΙἹῚ
897 379 998 440 len

206 541 342 624 ntem.

205 621 238 670 a.
248 621 278 672 c.
291 623 344 672 rso.

374 541 496 606 taminis
521 560 658 605 caussam
685 539 821 618 haberet,
853 534 943 602 aliam
974 536 1198 600 contentionem
1224 533 1326 597 multo
1351 547 1420 596 mc·

369 626 473 714 jorem¹
499 629 656 692 excitavit.
713 625 863 689 Petebant
890 621 929 688 Τ.
950 625 1110 702 Quinctius
1141 621 1342 698 Flamininus,
1384 611 1419 684 P.

373 712 531 780 Comelius
561 714 618 776 Cn.
641 711 675 776 F.
691 710 807 796 Scipio,
837 711 872 774 L.
895 711 1032 774 Valerius
1056 707 1192 788 Flaccus,
1223 707 1271 771 Μ.
1291 706 1416 770 Porcius

362 803 463 882 Cato,
486 798 533 864 M.
550 801 693 864 Claudius
709 797 884 880 Marcellus,
908 797 966 861 Μ’.
981 795 1097 860 Acilius
1112 793 1248 876 Glabrio,
1275 795 1328 877 qui
1351 791 1417 856 An·

364 891 510 954 'tiochum
539 887 578 950 ad
606 887 827 972 'lhernlopylas
856 883 1038 969 AErolosque
1068 883 1230 946 devicerat.
1267 881 1301 943 in
1338 881 1417 944 huuc

371 977 516 1054 manime,
540 977 566 1020 7’
577 975 658 1060 quod
673 975 770 1036 multa
787 973 941 1056 congiaria
961 972 1119 1050 habuerat,
1146 971 1254 1055 qulbus
1270 987 1415 1050 magnam

365 1073 369 1080 '
394 1073 489 1124 artem
510 1061 668 1124 hominum
695 1061 881 1144 obligaverat
891 1067 914 1138 ⁸,
937 1060 1021 1121 furor
1048 1055 1153 1142 populi
1176 1077 1208 1120 se
1234 1054 1413 1118 inclinabat.

371 1083 408 1211 id
423 1167 515 1230 quum
530 1169 607 1231 aegre
624 1159 804 1232 ,paterentur
826 1157 874 1209 tot
896 1143 1025 1224 nobiles,
1050 1155 1163 1208 novum
1185 1143 1243 1206 sibi
1259 1139 1415 1204 hominem

366 1238 527 1298 7³tantum
551 1235 703 1318 preferri3
728 1233 761 1296 P.
779 1233 975 1316 Sempronius
988 1231 1145 1295 Gracchus
1168 1243 1200 1294 et
1224 1227 1417 1312 C.Sempro-

372 1323 438 1384 nius
455 1321 585 1402 Rutilus,
609 1322 722 1404 tribuni
738 1321 844 1404 plebis,
867 1321 894 1383 ei
918 1319 1000 1382 diem
1015 1319 1167 1398 dixerunt,
1183 1315 1265 1402 quod
1280 1317 1417 1400 pecuniae

373 1408 461 1490 regiae
480 1403 643 1491 prsedaeque
664 1409 863 1490 aliquantum,
886 1407 1027 1490 captain
1047 1405 1191 1470 Antiochi
1215 1403 1333 1482 castris,
1357 1423 1415 1465 ne-

363 1517 431 1577 ·que
446 1497 477 1557 in
493 1496 648 1578 triumpho
664 1495 791 1572 tulisset,
807 1507 904 1576 neque
919 1493 950 1556 iu
969 1493 1105 1556 erarium
1125 1490 1277 1555 retulisset
1285 1491 1305 1552 l.
1350 1487 1413 1552 Va·

365 1584 420 1644 'ria
434 1583 609 1645 testimonio
623 1583 790 1664 legatorum
811 1580 1058 1662 tribunorumque
1074 1575 1213 1644 militum
1227 1587 1326 1641 erant.
1370 1571 1416 1640 Μ.

374 1667 454 1730 Cato
479 1680 549 1730 unte
575 1659 652 1738 alios
676 1676 769 1732 testes
802 1667 1066 1750 conspiciebatur:
1100 1669 1126 1712 ⁷⁴
1138 1667 1233 1750 cujus·
1248 1665 1415 1727 auctorita·

374 1767 448 1833 tem,
468 1766 616 1846 perpetuo
638 1768 746 1818 tenore
768 1754 837 1816 vitre
862 1764 992 1836 partem,
1017 1763 1090 1835 toga
1111 1751 1245 1815 candida
1267 1751 1415 1815 elecem.

375 1841 404 1903 ls
420 1843 516 1920 testis,
539 1861 603 1924 quae
617 1863 690 1904 vasa
704 1861 795 1904 aurea
809 1851 900 1921 etque
915 1851 1069 1922 argentea,
1091 1841 1187 1924 captis
1201 1839 1321 1917 castris,
1338 1839 1415 1902 inter

375 1929 465 1990 aliam
491 1929 622 2012 praedam
646 1930 760 2012 regiam
783 1928 916 2006 vidisset,
939 1949 976 1990 ea
997 1949 1029 1988 se
1051 1927 1083 1988 in
1105 1927 1261 2010 triumpho
1284 1927 1416 2008 negabat

373 2015 493 2078 vidisse.
538 2013 693 2078 Postremo
716 2020 743 2060 ⁷⁵
755 2015 786 2076 in
801 2011 889 2096 hujus
905 2015 1038 2076 maxime
1054 2013 1198 2076 invidiam
1215 2014 1362 2076 desistere
1381 2035 1413 2075 se

374 2103 525 2184 petitione
547 2099 672 2164 Glabrio
695 2101 795 2179 dixlt3
820 2101 953 2182 quando,
976 2099 1057 2182 quod
1079 2101 1164 2162 taciti
1187 2101 1416 2184 indignarentur

367 2189 491 2251 mobiles
517 2185 666 2268 homines,
692 2189 723 2250 id
748 2204 949 2272 sequenmns
975 2187 1160 2272 competitor
1174 2187 1414 2250 ⁷⁶inaestimabili

365 2276 507 2359 perjurio
522 2276 696 2338 incesseret.
976 2329 979 2338 ,

366 2375 368 2382 ’
416 2359 528 2425 LVHl.
550 2365 574 2408 ⁷⁷
583 2363 714 2426 Centum
728 2358 856 2424 millium
876 2361 973 2424 multa
987 2359 1126 2443 inrogata
1139 2373 1216 2424 erat.
1231 2361 1313 2425 ⁷‘bis
1328 2360 1367 2424 dc
1381 2383 1417 2424 ea

364 2461 431 2511 reu
446 2460 595 2510 certatum
610 2460 666 2511 est.
680 2449 784 2529 tertio,
809 2466 901 2532 quum
924 2449 962 2511 de
985 2447 1133 2532 petitione
1155 2439 1415 2532 destitissemus,

373 2555 432 2598 nec
446 2533 577 2618 populus
591 2536 629 2598 de
653 2533 751 2598 multa
773 2532 947 2617 suffragium
972 2535 1049 2598 ferre
1070 2533 1176 2613 voluit,
1203 2547 1234 2598 et
1250 2535 1362 2620 tribuni
1378 2557 1415 2598 eo

374 2623 499 2703 negotio
530 2623 724 2685 destiterunt.
782 2617 930 2684 Censores
955 2617 996 2684 Τ.
1022 2621 1183 2692 Quinctius
1214 2619 1416 2702 Flamininus,

365 2705 422 2768 M.
434 2706 578 2770 Claudius
602 2705 767 2770 Marcellus
792 2710 896 2772 creati.
940 2705 997 2770 Per
1020 2705 1143 2772 eosdem
1170 2710 1231 2772 dies
1255 2709 1290 2772 la
1305 2703 1414 2772 AEmi-

365 2794 417 2855 'lio
432 2791 563 2877 Regillo,
590 2796 641 2876 qui
667 2795 762 2856 classe
784 2795 958 2878 prefectum
974 2793 1119 2858 Antiochi
1143 2796 1217 2880 regis
1243 2795 1414 2876 devicerat,

374 2892 464 2943 extra
482 2883 587 2944 urbem
603 2883 634 2943 in
648 2877 712 2944 sede
727 2879 878 2964 Apollinis
902 2901 993 2964 quum
1009 2892 1133 2955 senatus
1146 2883 1231 2946 datus
1251 2895 1341 2962 esset,
1358 2899 1417 2944 au-

269 3029 271 3038 ,
374 2967 446 3030 ditis
460 2969 548 3031 rebus
564 2969 656 3051 gestis
672 2965 747 3051 ejus,
773 2969 894 3054 quantis
911 2981 980 3030 cum
996 2970 1142 3032 classibus
1163 2967 1296 3033 hostium
1320 2965 1416 3031 dimid

206 3151 350 3217 Triumphus

207 3218 291 3265 navalis

208 3282 306 3332 AEmilii.
365 3329 368 3339 ‚

373 3057 483 3134 cesset,
501 3065 575 3139 quot
594 3053 665 3118 inde
680 3067 770 3118 naves
783 3055 974 3119 demersisset
989 3068 1042 3118 sut
1056 3059 1195 3142 cepisset,
1210 3075 1324 3141 magno
1339 3073 1413 3118 con-

373 3163 462 3205 sensu
486 3139 608 3204 Petrum
630 3143 801 3226 triumphus
823 3143 936 3206 navalis
959 3155 1006 3205 est
1028 3140 1177 3206 decretus.
1227 3137 1413 3230 Triumphe·
1491 3187 1494 3194 ·

440 3273 449 3298 ⁸
464 3266 572 3330 obligarat
582 3266 657 3316 θεοῦ.
669 3269 738 3316 Cres.
835 3270 844 3302 ²
858 3270 967 3320 ntum
978 3270 1054 3319 Grcu.
1151 3277 1163 3303 ¹
1179 3286 1203 3319 rc
1213 3269 1259 3320 dcl.
1271 3269 1340 3323 Creu.

362 3426 366 3436 Ι
402 3371 509 3433 7²anc2
532 3373 604 3422 muts
624 3374 737 3437 maglorio
760 3375 874 3437 habunt]
907 3377 1123 3441 poemdnbteodi,
1137 3377 1163 3434 'ut
1177 3375 1297 3431 (istm
1312 3379 1412 3430 weiht

374 3437 443 3492 Quod
454 3439 524 3486 multe
533 3439 627 3488 dederat
637 3437 720 3502 populo
730 3439 814 3487 viritim
832 3440 878 3488 dis·
909 3443 1000 3492 debere.
1332 3489 1334 3492 .

372 3505 500 3551 tribuenda.
525 3503 712 3563 Congiarirenitn
725 3516 878 3554 summouere
939 3505 963 3544 ⁷⁶
980 3507 1415 3578 limtimcbiliperjnrio]An,perjurio‚

373 3568 429 3628 vnn,
443 3549 585 3626 omnum,
599 3570 796 3618 recemundum
808 3583 878 3633 pecu-
909 3572 948 3621 our
959 3574 1012 3621 mn
1021 3575 1087 3635 eun.
1099 3567 1184 3623 aues
1193 3575 1237 3623 sm
1253 3578 1301 3624 nou
1316 3578 1409 3641 puseus

364 3635 428 3692 nih,
444 3645 470 3682 ut
486 3643 551 3698 patet
571 3635 837 3686 cx'lsc.Ano.l.xrn.
857 3652 878 3683 c.
912 3636 1014 3690 Placeret
1035 3642 1105 3702 samis
1129 3655 1183 3689 cum
1199 3641 1318 3692 emoto
1337 3643 1414 3704 tegere

373 3703 415 3750 31.
428 3699 584 3762 quaesingulis
593 3701 877 3768 civibusabpliquoprin·
909 3704 1236 3764 impatientissimum.
1278 3705 1414 3756 *Imm

361 3763 660 3896 fn...
676 3829 810 3897 m...
828 3838 877 3880 ...
908 3769 1414 3898 enutriens*

811 3865 819 3892 θ

302 3923 305 3930 ·
371 3897 440 3958 lorge
451 3907 569 3962 mtepom.
909 3899 1027 3948 Glabrioni
1038 3915 1142 3950 ceum
1152 3901 1272 3959 bonorem,
1288 3919 1359 3967 quum
1370 3915 1413 3951 nc·

403 3963 427 3999 7⁴
444 3961 459 3990 ⁰
471 3961 541 4023 Cujrn
550 3965 725 4030 cismontanos..
736 3971 816 4026 ..rogo
825 3979 877 4010 con·
908 3963 967 4014 biles
975 3967 998 4012 id
1007 3967 1100 4028 quidem
1107 3966 1333 4026 indigneremumed
1341 3969 1413 4018 mcitl.

372 4026 542 4090 didrelcucbot]
565 4027 639 4088 Cujus
658 4026 778 4076 auctoritas
792 4028 842 4074 ideo
853 4026 876 4074 in
938 4031 962 4068 77
980 4029 1073 4078 Centum
1083 4030 1414 4098 millium]Supple,re‘risgra-

372 4091 482 4156 pmsepti
509 4090 601 4153 negano
628 4093 703 4141 minor
728 4101 787 4152 arsa,
817 4093 877 4154 quod
907 4096 953 4144 vis:
977 4095 1064 4154 idest,
1082 4109 1215 4146 marcemus.
1228 4101 1316 4160 argenti
1340 4097 1414 4149 eus

367 4158 503 4205 candidatus
514 4168 574 4205 secet
589 4159 692 4218 ejusdem
704 4159 797 4210 honorio
807 4173 877 4220 quaro
911 4162 964 4212 156.
975 4175 1027 4210 cum
1038 4162 1114 4214 uncis
1125 4163 1148 4210 2.
1172 4205 1173 4210 ,

373 4223 497 4286 petebatis
509 4222 876 4286 contraqucmilletestimouium
939 4225 961 4264 ⁷⁸
978 4225 1018 4275 Bis
1027 4229 1054 4275 de
1063 4244 1088 4277 cc
1101 4236 1208 4276 emanso
1217 4227 1259 4291 stt]
1278 4227 1370 4280 Seil‘ieet
1387 4229 1417 4276 de
1457 4235 1461 4247 '

372 4287 470 4338 (licebat.
550 4325 552 4330 ,
907 4289 1001 4339 mulcta.
1032 4291 1334 4355 vulgatinabentdmm.
1367 4295 1415 4342 Sed

404 4351 426 4387 ⁷⁵
444 4353 459 4382 ⁹
475 4351 504 4400 In
525 4353 757 4414 hujus....imn'dicm
781 4356 880 4412 desistere
910 4357 988 4405 vocula
1005 4373 1030 4405 rc
1046 4359 1108 4407 abest
1118 4358 1146 4406 ab
1156 4359 1257 4407 Andreoe
1264 4360 1375 4418 editione,
1393 4371 1417 4407 et

373 4429 395 4462 ss
404 4409 517 4494 petitione]
538 4419 650 4496 (leronem
667 4417 711 4466 sibi
721 4436 818 4496 'capsam
829 4437 878 4472 esse
910 4420 1014 4472 obviet.
1028 4425 1123 4473 codice:
1141 4437 1165 4472 et
1184 4423 1250 4486 plain
1269 4427 1357 4476 inutilis
1374 4439 1419 4476 est.

373 4480 497 4528 desistendi
520 4494 639 4546 petitione,
668 4495 692 4531 et
720 4487 834 4543 invidiam,
859 4489 879 4536 si
911 4486 987 4540 “vin
1000 4501 1050 4542 not.
1064 4493 1101 4542 17.
1110 4491 1137 4539 ud
1149 4501 1211 4541 xxv.
1220 4491 1242 4538 3.

373 4560 417 4606 qur
427 4547 513 4598 oritura
523 4559 582 4598 esset
594 4561 623 4598 ex
635 4549 771 4600 necessitate
781 4551 823 4602 sibl
832 4551 877 4600 im·
926 4555 930 4562 '
