3038 5200
367 335 436 430 'iro
771 341 1004 424 ''um'mvu

210 518 352 575 πᾶν.
375 486 513 606 ‘pariter
534 487 614 596 uiros
640 499 829 598 feminasque
867 515 1088 599 pertinentibus
1120 503 1229 577 iecisse
1244 495 1306 576 'eas
1330 531 1424 576 nemo

209 585 241 638 Δ·
253 583 282 638 ⁰·
297 589 352 640 ¹⁹⁵·
375 607 527 670 ‘miratus
542 617 599 680 est,
615 603 646 666 in
662 625 767 668 caussa
781 603 903 686 proprie
918 603 959 664 ad
982 603 1062 685 ipsas
1077 602 1250 684 pertinente
1274 599 1423 662 miramur

374 692 530 756 ‘secissei
562 690 644 762 Quid
668 699 770 752 sutem
798 688 962 764 lecerunt?
985 689 1140 770 superbas,
1162 685 1423 764 meDius-fidiua,

360 781 387 849 Ι
401 800 488 842 aures
510 779 669 852 habemus,
691 775 727 852 si,
750 795 843 856 quum
867 774 981 836 domini
1003 793 1158 836 servorum
1180 771 1423 836 non'fastidiant

374 867 386 901 ‘
400 885 516 947 preces,
531 883 587 924 nos
602 861 701 942 rogari
717 861 756 922 ab
771 860 906 922 honestis
921 859 1042 922 seminis
1056 859 1261 941 indignamur.

360 1015 364 1026 ,
419 948 496 1012 Vl.‘
510 946 610 1010 Venio
621 965 703 1006 nune
714 946 754 1022 ad
763 947 805 1024 id,
814 945 853 1008 de
864 962 924 1027 quo
933 946 1052 1027 agitur:
1068 945 1100 1007 in
1112 965 1174 1026 quo
1186 944 1301 1026 duplex
1311 963 1423 1008 comu-

359 1097 363 1112 ι
375 1037 387 1072 ‘
401 1037 438 1098 lis
450 1033 549 1097 oratio
559 1032 628 1094 fuit.
638 1052 709 1092 ruam
719 1043 751 1094 et
760 1032 859 1114 legem
871 1032 965 1093 ullam
974 1032 1101 1094 omnino
1111 1031 1251 1112 abrogari
1261 1027 1310 1092 es't
1321 1030 1422 1112 indig-

359 1123 386 1196 ᾖ
401 1131 510 1182 natus:
527 1130 559 1180 et
571 1137 639 1178 eam
652 1119 801 1199 praecipue
817 1117 928 1198 legem,
944 1137 1010 1200 quae
1025 1117 1150 1178 luxuriae
1164 1117 1321 1178 muliebris
1332 1127 1422 1179 coer·

374 1208 386 1242 ⁶
401 1206 506 1268 candae
517 1224 624 1266 caussa
637 1204 701 1264 lata
711 1215 800 1265 essct.
835 1202 876 1266 Et
891 1203 944 1264 ills
958 1203 1129 1265 communis
1143 1223 1199 1285 pro
1215 1202 1345 1284 legibus,
1359 1203 1423 1264 visa

375 1293 386 1330 ‘
401 1293 428 1331 ³⁰
441 1290 606 1353 consederis
627 1291 727 1352 oratio
746 1301 814 1352 est:
842 1301 874 1352 et
889 1289 953 1351 haec
968 1289 1111 1352 adversus
1126 1289 1276 1350 luxuriam
1292 1289 1420 1350 severis-

374 1378 484 1439 ‘simis
514 1377 647 1438 moribus
675 1377 884 1438 conveniebat.
929 1374 1035 1456 ltaque
1065 1375 1233 1458 perieulum
1259 1385 1319 1453 est,
1349 1375 1418 1454 nisi,

374 1464 475 1544 ‘quid
505 1463 536 1523 in
558 1473 685 1544 utraque
707 1483 739 1524 re
760 1463 830 1523 vani
857 1463 906 1540 sit,
938 1461 1141 1539 docuerimus,
1169 1481 1209 1522 ne
1239 1461 1307 1542 quis
1338 1481 1420 1523 error

355 1614 359 1620 ,
375 1551 386 1584 ‘
401 1549 486 1611 vobis
501 1548 698 1610 obfundatur.
741 1547 809 1630 Ego
824 1548 917 1626 enim,
933 1547 1189 1628 quemadmodum
1209 1567 1248 1608 ex
1272 1546 1321 1608 his
1344 1547 1420 1628 legi-

355 1637 469 1712 1‘bus,
491 1654 556 1715 quae
578 1655 640 1696 uon
663 1634 693 1694 in
717 1645 835 1716 tempus
858 1633 992 1715 aliquod,
1020 1634 1075 1696 sed
1097 1644 1250 1716 perpetua
1278 1633 1420 1695 utilitatis

374 1722 387 1755 ‘
401 1741 509 1782 caussa
522 1721 555 1780 in
570 1729 713 1782 aeternum
728 1721 796 1782 latae
811 1730 890 1798 sunt,
906 1721 1020 1781 nullam
1036 1720 1176 1802 abrogari
1187 1719 1301 1782 debere
1311 1719 1420 1798 fateor,

374 1807 459 1868 ‘nisi
475 1825 566 1886 quam
581 1817 635 1868 aut
655 1827 726 1868 usus
747 1807 897 1886 coarguit,
920 1817 975 1868 aut
995 1817 1093 1869 status
1116 1806 1224 1886 aliquis
1247 1806 1420 1888 reipublice

356 1957 360 1964 ,
375 1891 387 1926 ‘
403 1892 543 1954 inutilem
556 1892 628 1954 fecit
641 1913 650 1967 3
675 1893 730 1972 sic,
746 1913 821 1974 quas
836 1903 974 1974 tempora
988 1893 1091 1973 aliqua
1106 1891 1314 1954 desiderarunt
1324 1891 1421 1973 leges,

352 2043 357 2052 ,
375 1977 547 2040 ‘mortales
566 1976 612 2056 (ut
628 1978 670 2038 ite
684 1978 798 2058 dicam)
820 1987 852 2040 et
866 1979 1052 2060 temporibus
1075 1977 1148 2059 ipsis
1169 1979 1331 2056 mutabiles
1351 1999 1421 2040 esse

351 2131 355 2136 ,
375 2064 387 2096 ‘
401 2063 501 2126 video.
545 2062 620 2132 Quae
634 2062 666 2125 in
680 2083 757 2150 pace
772 2064 841 2125 latae
853 2075 934 2142 sunt,
950 2065 1126 2146 pietamque
1141 2064 1256 2125 bellum
1271 2066 1421 2147 abrogat3

374 2150 386 2183 ‘
401 2169 468 2230 quae
483 2151 514 2210 in
529 2149 620 2227 bello,
632 2171 712 2231 pax:
730 2162 765 2211 ut
778 2150 810 2212 in
825 2149 909 2211 navis
924 2148 1186 2212 administratione
1198 2150 1259 2211 alia
1269 2151 1300 2212 in
1312 2171 1422 2212 secun·

375 2235 386 2268 ‘
402 2236 484 2313 dam,
496 2235 556 2297 alia
565 2236 597 2297 in
611 2235 768 2299 adversam
775 2237 988 2317 tempestatem
1000 2236 1068 2296 usui
1079 2246 1161 2298 sunt.
1184 2233 1259 2298 Haec
1270 2256 1360 2317 quum
1372 2239 1423 2299 ita

375 2321 386 2353 ‘
400 2331 510 2382 natura
521 2322 666 2384 distincta
679 2323 751 2399 sint,
762 2343 800 2384 ex
811 2335 880 2384 utro
890 2322 1016 2384 tandem
1027 2341 1139 2403 genere
1150 2342 1189 2384 ea
1199 2323 1249 2384 lex
1260 2323 1420 2384 essevide-

350 2473 355 2478 ,
374 2405 386 2439 ‘
401 2418 461 2484 tur,
476 2427 569 2486 quam
581 2407 787 2488 abrogamus?
804 2411 828 2446 ⁸¹
842 2407 892 2468 An
902 2419 989 2470 vetus
1004 2407 1088 2490 regia
1098 2408 1159 2484 lex,
1171 2408 1260 2472 simul
1271 2414 1340 2470 cum
1353 2408 1421 2490 ipsa

375 2491 474 2552 ‘urbe
486 2491 583 2568 nata?
601 2491 657 2552 ‘An
675 2491 771 2572 (quod
786 2492 952 2554 secuudum
968 2493 1027 2574 est)
1046 2493 1084 2555 ab
1095 2493 1272 2572 decemviris
1288 2495 1329 2556 ad
1344 2515 1420 2556 con·

374 2576 386 2610 ‘
402 2575 579 2654 dendajura
589 2575 905 2638 creatisinduodecim
914 2579 1161 2663 tabulisscripta?
1176 2577 1246 2642 Sine
1256 2593 1420 2662 quaquam

375 2659 531 2741 ‘majores
546 2661 641 2723 nostri
657 2682 718 2722 non
741 2662 944 2726 existimarint
968 2666 1059 2726 decus
1087 2666 1275 2728 mauonales
1302 2666 1421 2728 servari

374 2747 387 2779 ‘
401 2746 594 2828 possc,nobis
606 2766 725 2828 quoque
734 2749 898 2810 verendum
909 2750 959 2827 sit,
970 2770 1009 2812 ne
1018 2770 1089 2812 cum
1101 2771 1136 2812 ea
1145 2750 1287 2831 pudorem
1297 2754 1424 2814 sancti·

375 2831 386 2864 ‘
401 2842 558 2912 tatemque
566 2832 744 2896 seminarum
754 2834 951 2918 abrogemus?
964 2835 1039 2907 Quis
1048 2835 1426 2918 ig'iturnascit,novamis-

375 2917 387 2953 ‘
401 2927 464 2979 tam
475 2918 573 2998 legem
584 2939 661 2996 esse,
673 2922 700 2958 ³¹
710 2919 749 2989 Q.
759 2918 852 2981 Fabio
862 2930 913 2982 ctr
926 2919 976 2983 Ti.
987 2919 1169 3006 Sempronio
1183 2921 1358 2984 consulibus
1369 2924 1421 2984 vi-

376 3004 386 3038 ‘
401 3003 479 3084 ginti
489 3003 576 3065 annis
586 3004 758 3066 antelatam
770 3005 780 3066 i
794 3007 858 3067 sine
870 3026 930 3087 qua
938 3017 1030 3088 quum
1039 3029 1094 3092 per
1105 3020 1154 3071 tot
1164 3029 1258 3070 annos
1270 3019 1422 3072 matronae

375 3089 387 3122 ‘
401 3088 524 3170 optimis
534 3089 668 3151 moribus
679 3091 820 3168 vixerint,
832 3093 913 3172 quod
925 3095 1061 3172 tandem,
1073 3115 1112 3157 ne
1124 3095 1420 3176 abrogataeacffitn·

343 3229 346 3236 ,
375 3174 386 3207 ‘
400 3174 512 3238 dantur
524 3176 563 3237 ad
572 3176 731 3254 luxuriam,
743 3178 909 3258 periculum
921 3179 990 3240 est?
1007 3178 1089 3242 Nam
1100 3181 1125 3242 si
1139 3181 1198 3243 ista
1210 3180 1259 3241 lex
1270 3180 1340 3241 ideo
1356 3182 1417 3243 lata

373 3262 386 3294 ‘
400 3273 530 3338 essctut
539 3262 641 3324 liniret
651 3263 820 3342 libidinem,
826 3265 1183 3342 muliebrem,verendum
1190 3265 1323 3345 forct,ne
1329 3268 1417 3328 abro-

373 3345 385 3381 ‘
399 3357 472 3426 gata
482 3348 642 3410 incitaret:
659 3369 712 3410 cur
727 3349 767 3410 sit
777 3361 880 3412 autem
892 3351 965 3429 lata,
977 3352 1077 3434 ipsum
1092 3354 1120 3392 ⁸⁸
1131 3350 1278 3416 indicavit
1287 3361 1417 3436 tempus

339 3495 343 3504 Δ
374 3431 385 3465 ‘
399 3431 554 3494 Hannibal
566 3435 598 3494 in
610 3432 698 3516 ltalia
709 3447 775 3498 erat
783 3437 881 3499 victor
893 3437 932 3499 ad
941 3435 1079 3501 Cannas:
1087 3436 1154 3520 jam
1163 3435 1343 3518 Tarentum,
1349 3439 1413 3521 jam

373 3516 385 3550 ‘
398 3516 510 3597 Arpos,
521 3516 588 3597 jam
603 3517 739 3601 Capuam
754 3521 907 3584 habebat:
925 3522 963 3585 ad
978 3525 1082 3586 urbem
1095 3522 1227 3586 Romam
1240 3525 1416 3588 admoturus

358 3601 385 3658 .‘
399 3602 567 3664 exercitum
580 3603 755 3668 videbatur:
775 3606 951 3671 defecerant
972 3611 1066 3672 socii:
1093 3631 1155 3673 non
1170 3611 1282 3673 milites
1298 3612 1329 3673 in
1343 3631 1417 3694 sup·

373 3685 386 3721 ‘
399 3685 597 3768 plementum,
604 3710 665 3752 non
675 3693 773 3754 socios
784 3694 906 3756 navales
914 3695 1415 3780 adclassemtuendam,nonpecu-

370 3771 481 3836 ‘niam
497 3774 529 3836 in
544 3777 647 3838 aerario
663 3774 867 3842 habebamus:
883 3781 970 3862 servi,
987 3783 1094 3866 quibus
1110 3803 1194 3845 arma
1204 3783 1361 3862 aaaron,
1372 3783 1417 3845 ita

498 3875 798 3928 inamarescunt.
811 3880 882 3928 Creu.
1115 3888 1154 3930 ret
1163 3883 1210 3932 del.
1219 3881 1287 3932 Ena

403 3952 428 3987 ³⁰
439 3953 453 3982 ⁸
460 3951 601 4016 comam]
612 3953 689 4018 Digna
699 3959 801 4010 consule.
907 3961 1202 4028 porriodeOrig.1uris,n.
1214 3965 1239 4013 2.

402 4017 424 4051 ³¹
437 4017 672 4085 Anucurtrsgialcr]
697 4023 735 4072 Au
753 4037 819 4072 retus
835 4025 876 4073 ali-
940 4025 1088 4085 ”ssahim
1106 4027 1132 4076 T.
1150 4027 1275 4090 &aprunio
1290 4023 1421 4081 mlh·

371 4093 416 4141 qua
426 4080 465 4130 lex
481 4083 510 4131 de
525 4098 604 4133 urum
615 4101 782 4151 semesaque
798 4089 826 4136 ab
839 4105 876 4139 rs·
908 4092 990 4154 uiginti
1007 4094 1072 4142 naar
1090 4091 1155 4156 autc]
1182 4091 1231 4140 llic
1251 4103 1326 4140 sunus
1343 4089 1419 4152 tabet

371 4145 438 4202 ribus
447 4146 502 4196 latas
521 4162 583 4198 ruat.
619 4151 702 4201 Primae
719 4153 876 4204 Romanorum
908 4153 1418 4232 nemmmprtmunpriors‘ltsmrmil

371 4205 434 4268 legar
454 4213 572 4272 usgiban
597 4215 651 4265 latre
671 4217 771 4278 lucrant,
793 4233 876 4282 easque
908 4219 1353 4278 emmerammum
1366 4219 1420 4267 Vd-

253 4285 255 4292 ·
372 4271 428 4320 Sex.
444 4273 546 4338 Papirii·
562 4279 662 4342 quidam,
680 4281 808 4348 Tarquinio
831 4285 876 4332 Su·
907 4285 1240 4350 oot.1.ado.1.hu'unpri.
1513 4351 1514 4356 ¹

371 4333 585 4414 verbenarum,
604 4345 627 4392 in
644 4361 716 4395 unam
738 4349 875 4411 collegerat:
940 4349 1093 4413 timaus]
1119 4301 1195 4412 dago
1210 4351 1328 4400 masau
1360 4347 1422 4397 Mu·
1512 4371 1514 4434 1

370 4401 433 4476 υῦᾶξ
454 4402 477 4448 ld
499 4419 580 4468 eorpus
603 4412 715 4470 regiarum
741 4413 818 4474 legum
832 4415 875 4474 jau
906 4412 965 4462 tavit
978 4413 1115 4464 &cnevius
1148 4415 1242 4464 Unuca
1255 4413 1327 4463 MSS·
1340 4413 1419 4464 Hest-

371 4459 522 4526 anriamm
548 4473 787 4535 appellatoribus·
806 4478 874 4528 Pour-
906 4477 1048 4532 attinetur:
1064 4478 1377 4548 quamverum
1513 4489 1514 4518 l
