3026 5164
446 381 789 446 mennttxu
1074 395 1133 456 m

92 532 250 628 ‘sinmqric
260 540 746 608 Mrccdmuesm'fntumsciont.
769 539 881 624 Siquid
890 541 1132 610 montosus
1145 549 1299 610 nosne

90 632 101 668 ⁴
116 632 196 694 niam
207 632 263 694 tibi
270 631 400 694 Rotnani
410 630 610 712 reliquissent,
619 630 693 692 mibi
705 649 823 714 qmque
832 629 865 692 id
876 629 1014 694 relictum
1024 631 1132 696 crede·
1143 619 1177 680 Α·
1186 621 1216 675 ⁰·
1229 622 1286 677 Ψ·

90 714 102 754 ⁴
116 723 179 780 iem
189 719 424 801 receptaculum.
438 715 482 779 At
493 717 525 778 in
538 713 759 779 Macedonibus
771 717 845 780 saus
856 717 985 798 presidii
994 730 1050 784 est.
1074 715 1132 781 Vis¹

90 793 102 840 ⁸
116 805 187 868 disti
198 807 338 868 hesterno
347 803 396 866 die
405 805 542 884 inpetum
552 803 638 865 inme
644 803 784 866 militum.
800 802 882 874 Quid
891 803 950 866 illis
959 803 1065 884 defuit,
1074 805 1133 870 uisi

89 891 248 954 iferruml
265 891 355 962 Quod
365 889 424 952 illis
433 889 529 952 defuit
540 889 686 968 interdiu,
695 890 825 952 convivo
836 889 937 952 fratris
947 903 1132 956 noctusum-

89 978 101 1012 ‘
115 989 218 1040 scnmt
227 979 245 1040 ¹.
276 977 358 1048 Quid
369 977 409 1038 de
421 995 532 1058 magne
546 989 633 1059 perte
645 976 814 1060 principum
826 977 943 1058 loquar,
956 979 1008 1058 qui
1021 979 1052 1042 iu
1067 977 1131 1042 Rc

89 1065 100 1100 ⁴
115 1067 309 1147 manisspem
319 1081 440 1126 omnem
454 1063 613 1145 dignitatis
624 1076 656 1127 ct
667 1062 795 1127 fortunae
864 1073 984 1142 uerunt,
995 1077 1028 1128 et
1039 1065 1070 1128 in
1082 1086 1132 1143 eo,

90 1151 100 1198 ·‘
115 1153 166 1233 qui
176 1147 371 1233 omnieapud
381 1150 535 1213 Romsuoe
545 1150 666 1234 potest?
679 1169 788 1232 neque,
831 1150 942 1228 ercule,
954 1151 1048 1217 isturn
1058 1153 1132 1220 mibi

88 1237 233 1300 ‘tentum
244 1237 328 1300 fratri
339 1237 457 1318 majori,
468 1237 523 1300 sed
533 1255 627 1320 prope
636 1249 694 1314 est,
706 1252 739 1300 ut
748 1237 803 1299 tibi
816 1236 1015 1320 quoqueipsi,
1026 1239 1089 1320 regi
1100 1251 1133 1306 et
1188 1265 1210 1300 ι·
1248 1267 1252 1274 ’
1294 1264 1298 1272 ·

88 1323 204 1406 ‘patri
216 1325 382 1407 preferant
400 1323 552 1386 lsteenim
564 1323 714 1406 eutonius
726 1323 1007 1406 beneficiopoenam
1018 1324 1074 1388 tibi
1083 1345 1133 1388 se⁴

87 1409 99 1446 ⁶
112 1421 202 1473 natus
214 1412 339 1489 remitit,
351 1410 401 1492 qui
410 1411 573 1473 nuncteab
583 1411 674 1472 ermis
683 1409 829 1472 Romanis
836 1411 978 1492 protegit,
987 1411 1038 1494 qui
1048 1425 1131 1478 tuem

87 1497 299 1560 ‘senectutem
324 1499 490 1578 obligatam
515 1509 547 1560 et
570 1497 734 1559 obnoxiam
756 1495 969 1560 adolescentie
983 1513 1043 1560 suar
1066 1511 1132 1562 esse

87 1583 232 1665 ‘mqnnm
248 1596 362 1647 censet.
386 1582 444 1645 Pro
457 1585 515 1646 isto
531 1583 661 1645 Romani
670 1593 763 1660 stent,
774 1603 831 1664 pro
846 1583 906 1648 isto
918 1603 1024 1646 omues
1043 1585 1133 1646 urbes

88 1671 168 1732 ‘tuo
183 1671 311 1754 imperio
322 1667 465 1747 liberato,
479 1691 535 1753 pro
547 1670 606 1732 isto
617 1667 816 1746 Macedones,
828 1665 972 1751 quipaoe
991 1667 1133 1732 Romane

87 1757 99 1796 ‘
112 1759 258 1839 gaudent.
267 1754 342 1819 milri
352 1767 458 1839 prester
466 1767 509 1836 te,
517 1767 616 1840 pater,
624 1755 699 1840 quid
707 1775 835 1838 tuaquom
844 1755 982 1839 eutspei,
993 1769 1047 1820 eut
1056 1778 1132 1841 pne·

87 1843 184 1909 ‘sidii
199 1843 278 1905 estl'

89 1959 94 1964 ·
129 1929 189 1992 Xl.
204 1931 295 2001 ‘Quo
306 1929 631 2015 spccnrsiusslissros
641 1927 683 1992 sd
693 1940 724 1992 ts
735 1949 816 1992 nunc
830 1925 1132 2004 mummoleni

86 2017 98 2050 ‘
112 2019 221 2096 credis,
233 2017 351 2099 qulbus,
362 2028 395 2078 et
404 2017 482 2080 bene
492 2028 523 2080 te
535 2015 720 2097 consuluisse
729 2018 816 2079 rebus
829 2016 899 2094 uris,
910 2015 1057 2100 sit,quod
1067 2015 1131 2080 De·

85 2101 96 2138 ‘
111 2105 255 2168 mettium
264 2105 393 2168 Romam
404 2103 532 2182 miseris,
543 2115 576 2165 et
587 2101 736 2182 bortatur,
747 2116 781 2166 ut
791 2103 950 2181 intumet
960 2104 1129 2188 cumpluri-

84 2189 168 2253 ‘bns
184 2192 292 2273 legatis
306 2202 339 2252 et
352 2191 562 2274 primoribus*¹
586 2187 805 2267 Macedonum,
821 2190 957 2254 remittes
978 2192 1065 2258 euml
1090 2189 1130 2256 Τι

85 2275 96 2309 ‘
110 2277 668 2347 Quinctiusnnncestsuctoronsnium
675 2293 774 2340 rernm
782 2276 1037 2359 istietmegister.
1052 2277 1130 2342 Eum

84 2361 96 2396 ‘
110 2365 180 2443 sibi,
189 2375 221 2426 te
230 2365 373 2427 abdicato
383 2364 521 2447 patrc,in
531 2364 630 2424 locum
636 2375 722 2426 tuum
731 2364 898 2427 substituit.
910 2363 971 2428 illic
980 2375 1129 2428 unteomd

84 2448 521 2513 ‘niaclsndestincconcocta
535 2449 752 2514 suntconsilie.
785 2449 965 2520 Queruntur
973 2446 1130 2534 adjutores

83 2536 95 2574 ¹
110 2539 255 2616 consiliis,
268 2557 359 2621 quum
372 2552 403 2600 te
417 2537 528 2620 plures,
543 2547 577 2599 et
590 2537 741 2620 principes
757 2535 975 2617 Macedonum,
989 2559 1058 2605 cusu
1071 2539 1130 2600 isto

85 2623 95 2658 ‘
111 2625 340 2708 mitterejubet
363 2623 423 2694 Qui
435 2625 506 2686 hinc
517 2623 660 2705 ”integri
670 2635 702 2685 et
709 2625 817 2686 sinceri
824 2623 955 2688 Romam
967 2636 1050 2704 eunt,
1059 2623 1129 2688 Phi«

82 2709 95 2760 ·‘
108 2711 229 2795 lippum
238 2729 342 2794 regem
352 2731 391 2772 se·
398 2711 511 2772 hebere
517 2710 686 2787 credentes,
696 2709 803 2772 imbuti
814 2709 897 2774 illinc
908 2725 940 2774 et
946 2711 1053 2774 iniecti
1066 2710 1130 2776 Ro·

84 2796 95 2831 ‘
109 2799 210 2860 manis
231 2797 444 2860 delenimentis
458 2795 597 2860 redeunt.
631 2793 805 2859 Demetrius
819 2796 857 2860 iis
871 2817 949 2862 unus
960 2798 1065 2862 omnis
1074 2813 1131 2862 est.

84 2883 180 2946 ‘eum
187 2884 253 2967 jam
262 2883 455 2967 regem,viro
466 2882 737 2966 petre‚sdpellent.
759 2879 834 2946 Hseo
843 2883 869 2946 si
879 2884 1032 2965 indignor,
1044 2886 1130 2948 endis

83 2970 95 3004 ⁶
109 2967 225 3033 endum
235 2981 282 3033 est
293 2971 405 3048 stetim,
415 2989 477 3032 nou
486 2971 525 3031 ab
537 2969 603 3032 eliis
613 2970 723 3047 solum,
735 2969 790 3030 sed
798 2970 917 3032 etiams
926 2981 1129 3052 tepentem·

81 3055 249 3142 tpidirsns
258 3058 343 3140 regni
354 3059 479 3119 crimem
512 3059 539 3096 ⁸⁴
549 3053 618 3137 Ego
628 3075 711 3134 vero,
722 3055 749 3116 si
763 3055 795 3118 in
805 3055 908 3118 medio
919 3057 1053 3139 porion,
1068 3075 1130 3122 non

81 3143 94 3264 ἶ
109 3161 258 3227 agnosco.
278 3162 368 3226 quem
383 3144 466 3206 enim
480 3163 537 3204 suo
559 3143 627 3204 loeo
641 3162 760 3219 moveo,
774 3155 810 3204 ut
824 3143 889 3242 ipsc
903 3141 936 3245 iu
950 3142 1015 3226 ejrss
1029 3144 1129 3208 locum

78 3227 1130 3402 ,εἐἵῗξὲᾞρῗὲἲῗιὲἶῖῒηῗὲἒέἒῗέιῖἷ,ἰῖ“ῖρῖἱῗὲῖἙιῗὲἷέῗῖἳὲῑ

81 3403 93 3437 ‘
108 3403 272 3468 redientem
284 3405 380 3487 regni,
392 3403 417 3466 si
434 3415 518 3486 peter
530 3402 642 3481 tradet,
654 3401 813 3484 accipiam.
843 3401 937 3486 Cupit
945 3425 1082 3486 regnum,
1097 3417 1130 3470 et

79 3489 93 3524 ¹
108 3493 235 3576 quidem
245 3492 390 3554 scelerate
400 3490 551 3572 cupit‚qni
563 3488 1128 3554 tramcenderefsstinstordioemssta-

81 3575 93 3608 ‘
108 3579 161 3658 tis,
174 3591 300 3658 naturae,
309 3579 401 3642 moris
412 3575 630 3654 Macedonum,
638 3573 716 3658 juris
726 3577 875 3658 gentium.
908 3577 1022 3641 Obstat
1036 3579 1129 3641 lrnt'er

81 3663 92 3698 ‘
108 3663 220 3748 major,
231 3663 453 3748 adqucmjure,
462 3665 619 3728 voluntate
628 3663 721 3726 etiam
731 3663 837 3746 patris,
847 3685 973 3747 regnum
985 3667 1128 3748 pertinet.

81 3753 268 3816 ‘'l'ollatura
284 3771 347 3814 non
362 3753 476 3834 primus
491 3769 619 3833 regnum
635 3749 771 3813 fraterne
784 3749 866 3814 cade
882 3754 1009 3835 petiero.
1040 3751 1128 3816 Pater

7 3909 12 3922 ,
81 3843 93 3875 ‘
105 3861 212 3920 senex,
224 3853 255 3903 et
264 3837 327 3903 filio
339 3840 419 3902 solus
431 3838 564 3916 orbatus,
577 3837 614 3899 de
625 3857 658 3898 se
669 3837 767 3920 magis
778 3837 909 3918 timebit,
925 3858 1018 3922 quom
1028 3849 1063 3901 ut
1074 3839 1127 3902 filii

82 3929 217 3992 ‘necem
230 3927 400 3990 ulciscatur.
422 3923 554 3988 Romani
566 3923 951 4012 laetebuntur,lprobabunt,
962 3925 1128 3990 defendent

210 4033 530 4085 umescere.
751 4033 1000 4098 --ansqnssa

115 4127 138 4162 ³⁸
152 4125 167 4157 ⁰
181 4121 397 4192 longiturnam]
429 4127 489 4176 Pure
505 4137 593 4183 mente,
623 4139 674 4174 sem
690 4121 713 4172 in
731 4140 768 4172 me
785 4123 866 4174 cadere
881 4140 954 4190 nego:
979 4121 1035 4174 null
1056 4123 1081 4173 iu
1101 4139 1128 4174 ee

77 4195 192 4256 atquesb
208 4193 271 4242 omni
287 4208 377 4242 renem
392 4207 513 4258 meorum
535 4206 590 4240 oon·
624 4191 682 4253 quod
695 4189 1006 4254 sdmepsrtinestagnoseo.

76 4261 185 4308 ciliorum
197 4257 287 4306 intesta.
655 4255 677 4289 ³⁵
691 4255 705 4284 ⁸
719 4255 853 4318 Etitosim]
883 4256 913 4304 Et
934 4259 966 4303 ita
984 4257 1087 4314 domum,
1100 4271 1127 4305 es

113 4325 136 4360 ³⁴
149 4324 199 4389 Ego
224 4341 282 4381 usn,
302 4325 320 4372 α’
347 4325 372 4372 io
402 4323 470 4371 medio
489 4317 592 4386 ponitrtr]
624 4319 671 4368 sols
686 4319 817 4369 conditione
828 4337 855 4369 no
866 4319 916 4384 lege
931 4333 986 4385 opto
1002 4333 1028 4370 ut
1046 4337 1127 4388 super·

79 4389 131 4450 120
152 4405 218 4446 vero,
233 4389 254 4436 ei
273 4389 310 4436 iile
328 4389 440 4438 recensio
458 4386 588 4452 cupiditatis
620 4388 735 4449 serapem
753 4387 804 4444 sim,
817 4386 836 4434 si
854 4387 966 4446 merebor,
984 4398 1009 4437 ut
1025 4387 1072 4454 ipse
1089 4399 1128 4438 me

76 4458 145 4516 suni
161 4454 288 4516 communis
310 4454 419 4502 ambobus
445 4453 590 4516 relinquitur,
619 4451 957 4518 superstitssnsibiesseuelit.

78 4521 124 4570 nisi
150 4521 189 4570 illa
212 4519 236 4570 in
256 4535 292 4568 me
309 4520 443 4570 nominatim
464 4521 591 4587 coriletum
