3026 5164
375 393 453 452 LlB.
474 392 620 454 XXXIX.
642 395 723 454 CAP.
742 394 852 454 XLVI.
1078 343 1134 458 tet

98 549 190 612 licum
206 569 323 632 agnrm,
338 550 475 613 deductae
500 562 581 613 sunt.
625 548 706 613 Sena
716 551 825 634 jugera
849 549 879 614 iu
900 552 1033 632 singulos
1054 553 1137 616 data.
1149 553 1182 604 U·
1193 554 1222 604 C·
1233 555 1289 608 5⁶8·

98 638 263 699 divisenrut
283 655 412 719 ¹agrum,
441 638 635 718 coloniasque
665 639 855 701 deduxerunt
884 627 975 702 iidem
1007 621 1180 718 tresvirl,A·
1193 619 1222 669 ⁰·
1236 623 1288 674 ¹³⁴·

100 724 142 794 Q.
157 722 267 786 Fabius
283 722 397 801 Labeo,
424 737 456 786 et
481 721 528 785 M.
543 736 575 786 et
595 725 632 795 Q.
649 723 755 804 Fulvii,
780 725 905 788 Flaccus
929 739 961 788 et
987 723 1137 790 Nobilior.
1181 735 1186 745 '

100 809 250 872 Consules
265 810 328 892 ejus
356 812 426 872 anni
442 832 498 874 nee
515 811 598 873 domi
622 833 678 874 nee
694 813 808 875 militlae
831 814 1027 876 memorabile
1049 814 1137 895 quid-

100 917 191 978 quam
206 910 342 980 egerunt.

143 981 243 1046 XLV.
267 983 301 1046 ln
317 985 526 1068 insequentem
542 1005 655 1047 annum
677 997 818 1048 crearunt
832 987 968 1050 eonsules
984 984 1031 1048 M.
1046 986 1138 1049 Clau·
1151 988 1183 1042 U·
1194 989 1222 1038 C·
1233 991 1288 1041 ⁵⁶⁹·

101 1071 186 1133 dium
203 1070 395 1148 Marcellum,
421 1072 460 1143 Q.
477 1071 604 1134 Fabium
630 1069 816 1136 Labeonem.
860 1071 906 1134 M.
923 1073 1078 1152 Claudius,
1101 1073 1139 1144 Q.
1151 1055 1304 1182 ffiffio'
1304 1099 1312 1112 .

99 1155 211 1221 Fabius
227 1157 330 1221 Idibus
345 1157 478 1237 Martiis,
494 1180 553 1241 quo
577 1159 626 1220 die
642 1161 832 1222 consulatum
848 1161 989 1237 inierunt,
1012 1161 1050 1222 de
1067 1182 1138 1243 pro·
1151 1181 1184 1238 Q.
1196 1186 1265 1234 Pauo

98 1247 207 1307 vinciis
221 1246 281 1308 suis
306 1257 529 1329 pratorumque
554 1246 731 1308 retulerunt.
776 1246 919 1310 Praetores
944 1248 1036 1310 creati
1052 1256 1217 1312 erantcm.
1293 1256 1298 1265 “

100 1329 136 1392 C.
152 1330 291 1395 Valerius
316 1333 426 1395 flamen
448 1331 555 1410 Dialis,
581 1334 632 1414 qui
659 1344 690 1394 et
713 1335 811 1416 priore
839 1355 918 1396 anno
944 1336 1085 1416 petierat,
1108 1345 1140 1398 et

102 1415 158 1500 Sp.
186 1417 356 1482 Postumius
382 1419 522 1497 Albinus,
551 1433 583 1481 et
613 1419 645 1480 P.
673 1419 830 1482 Comellus
856 1419 994 1499 Sisenna,
1020 1420 1054 1483 L.
1081 1419 1140 1483 Pu·

101 1505 181 1586 pius,
207 1504 241 1570 L.
255 1506 365 1584 Julius,
389 1505 446 1567 Cu.
462 1503 603 1568 Sicinius.
647 1505 826 1569 Consulibus
851 1505 977 1589 Ligures
998 1529 1066 1569 cum
1088 1508 1139 1569 iis-
1152 1528 1284 1578 nausis.

103 1591 174 1654 dem
190 1594 380 1670 exercitibus,
405 1614 480 1674 quos
508 1591 540 1654 P.
556 1593 699 1655 Claudius
714 1604 746 1655 et
764 1590 800 1655 L.
815 1592 937 1655 Porcius
961 1595 1140 1672 habuerant,

99 1681 257 1762 provincia
273 1680 396 1742 decreta
417 1690 473 1741 est.
518 1678 673 1762 Hispaniae
688 1692 775 1742 extra
796 1690 909 1743 sortem
932 1681 1046 1762 priores
1069 1683 1140 1744 anni

100 1767 279 1847 praetoribus
308 1787 378 1828 cum
408 1767 469 1827 suis
503 1768 684 1830 exercitibus
721 1780 854 1830 servata.
912 1763 1060 1830 Praetores
1097 1769 1141 1830 ita

1290 1473 1298 1506 l

101 1854 203 1915 sortiri
224 1852 311 1934 jussi,
337 1853 382 1916 uti
412 1850 525 1914 flamini
552 1853 634 1916 Diali
661 1854 766 1935 utique
793 1855 889 1917 altera
911 1853 986 1936 juris
1017 1855 1151 1918 dicendi·

100 1936 208 2002 Roma
232 1941 388 2022 provincia
413 1951 502 2002 esset.
528 1943 720 2022 peregrinam
746 1954 792 2005 est
818 1943 949 2004 sortitus.
1005 1939 1139 2004 Sisennae

61 2083 64 2090 ,
99 2024 244 2089 Cornelio
273 2029 397 2103 urbana,
426 2024 479 2110 Sp.
504 2024 658 2090 Postumio
689 2026 803 2106 Sicilia,
833 2026 869 2092 L.
895 2028 991 2112 Pupio
1018 2028 1138 2111 Apulia,

100 2110 137 2173 L.
151 2111 236 2175 Julio
250 2112 360 2192 Gallia,
383 2112 440 2174 Cn.
457 2111 572 2176 Sicinio
587 2107 729 2176 Sardinia
746 2115 856 2178 evenit.
901 2114 935 2177 L.
951 2114 1048 2177 Julius
1070 2135 1138 2177 ma·

98 2210 200 2262 tutare
215 2214 262 2264 est
281 2200 390 2282 jussus.
435 2199 515 2262 Galli
540 2199 754 2284 Transalpini,·
762 2223 816 2283 per
841 2203 935 2265 saltus
950 2203 1061 2282 ignota
1083 2224 1137 2264 au-

100 2297 150 2348 tea
164 2287 220 2349 viae
245 2287 323 2366 (⁷³ut
337 2301 408 2349 ante
423 2286 538 2350 dietum
554 2290 611 2369 est)
636 2289 668 2348 in
693 2286 814 2350 ltaliam
838 2291 1026 2370 transgressi,
1048 2289 1136 2371 oppi-

100 2373 171 2436 dum
187 2374 219 2436 in
243 2395 329 2456 agro,
345 2375 395 2456 qul
420 2395 500 2434 nune
525 2387 570 2436 est
596 2374 828 2458 Aquileiensis‘l,
854 2375 1055 2438 aedificabant.
1101 2374 1137 2437 ld

98 2481 150 2522 eos
175 2475 211 2525 ut
235 2463 419 2544 prohiberet,
445 2461 584 2542 ⁷⁴quod¹
608 2458 672 2542 ejus
695 2463 759 2523 sine
781 2462 861 2524 bello
882 2475 996 2544 posset,
1017 2462 1137 2543 praetori

99 2549 277 2610 mandatum
293 2561 348 2610 est.
362 2550 387 2610 si
404 2545 494 2609 armis
510 2548 690 2630 prohibendi
707 2559 819 2626 essent,
835 2549 973 2610 eonsules
994 2549 1137 2610 certiores

98 2633 222 2698 faceret.
239 2657 277 2697 ex
293 2637 339 2697 his
361 2633 480 2719 placere
495 2635 621 2696 alterum
646 2634 787 2696 adversus
800 2633 904 2697 Gallos
927 2635 1037 2696 ducere
1061 2635 1137 2716 legi-

99 2742 183 2783 ones.
227 2721 373 2785 Extremo
388 2721 497 2806 prioris
520 2722 590 2783 anni
608 2723 730 2782 comitia
745 2719 850 2784 habita
864 2734 952 2784 erant
970 2721 1001 2781 in
1017 2721 1138 2783 demor-

98 2809 142 2870 tui
169 2807 228 2872 Cn.
251 2809 384 2872 Cornelii
410 2810 512 2871 loeum
537 2809 658 2889 auguris
684 2807 872 2872 subiiciendi.
927 2807 1056 2871 Crestus
1083 2805 1138 2890 Sp.

62 2932 67 2940 ·
100 2891 271 2958 Postumius
287 2895 423 2958 Albinus.

139 2980 254 3044 XLVI.
276 2981 375 3065 Hujus
401 2985 549 3066 principio
574 2983 645 3044 anui
672 2980 706 3043 P.
728 2980 862 3043 Licinius
886 2979 1011 3042 Crassus
1034 2980 1138 3062 ponti·
1193 3057 1198 3064 ι

98 3067 148 3131 fex
163 3071 313 3132 maximus
337 3083 473 3132 mortuus
498 3084 566 3133 est:
600 3071 631 3130 iu
652 3068 735 3150 cujus
756 3068 855 3130 locum
879 3065 925 3128 M.
941 3065 1137 3149 Sempronius

98 3151 269 3218 Tuditanus
294 3161 321 3203 ⁷⁵
330 3157 466 3240 pontifex
482 3169 529 3220 est
543 3167 718 3240 cooptatus:
753 3153 891 3236 pontifex
918 3154 1068 3215 maximus
1090 3166 1138 3216 est

99 3253 218 3305 creatus
235 3243 272 3306 C.
288 3243 428 3306 Servilius
442 3243 597 3306 Geminus.
622 3241 654 3304 P.
669 3241 776 3302 Licinii
794 3241 905 3302 funeris
922 3260 1028 3302 caussa
1041 3243 1068 3285 ⁷⁰
1078 3241 1144 3300 vis-'

99 3329 213 3391 ceratio
229 3330 310 3408 data,
326 3341 359 3392 et
372 3335 397 3377 ⁷⁷
406 3332 589 3412 gladiatores
612 3341 733 3390 centum
749 3328 855 3408 viginti
872 3340 1091 3410 pugnaverunt,
1106 3337 1138 3388 et
1214 3331 1217 3338 ’
1237 3350 1242 3359 ’

98 3414 159 3477 ludi
176 3417 315 3481 funebres
340 3439 393 3500 per
409 3418 540 3482 triduum
566 3417 650 3494 facti,
667 3428 737 3497 post
761 3414 847 3475 ludos
870 3413 1003 3496 epulum.
1019 3415 1050 3474 in
1066 3433 1137 3494 quo,

98 3521 190 3582 quum
206 3514 274 3566 toto
289 3504 358 3564 foro
369 3517 465 3566 strata
481 3504 614 3566 triclinia
625 3514 736 3581 essent,
749 3513 926 3584 tempestas,
938 3521 1006 3562 cum
1019 3501 1138 3581 magnis
1151 3528 1260 3589 Prodigia

98 3588 235 3669 procellis
251 3603 367 3669 coorta,
379 3591 482 3672 eotgit
491 3591 650 3673 plerosque
663 3589 860 3652 tabenracula
875 3599 1007 3650 statuere.
1019 3587 1050 3648 in
1062 3587 1138 3649 soro.

258 3755 633 3818 *AquileiensisestGrortCreu
763 3791 766 3803 .
795 3753 974 3817 rqurrrulGrou.
1226 3737 1237 3772 ¹

95 3898 176 3946 Gallici
188 3913 292 3946 nomena
304 3897 418 3946 veteribus
428 3895 552 3944 cultoribus
562 3909 600 3942 re·
665 3893 687 3930 ⁷⁵
706 3893 806 3958 Pontffer
820 3901 850 3942 est
867 3891 985 3954 cooptatus]
1003 3893 1026 3939 Λ
1044 3891 1139 3952 collegio

95 3968 202 4014 tinuerat.
219 3965 246 4011 ld
257 3964 336 4027 probat
348 3963 432 4011 Cellar.
448 3965 533 4021 Geogr.
546 3965 600 4008 Aur.
632 3959 774 4022 pontificum.
808 3957 910 4020 Partitis
919 3960 1025 4004 mosinius
1037 3967 1066 4005 est
1077 3975 1138 4006 erec-

96 4032 303 4092 l.tl.c.ll.pagg.
322 4029 411 4076 (ili-et
430 4029 484 4077 739.
519 4025 600 4072 'Vid
634 4022 1008 4088 tusapopulo‚tributlscomitiis.
1105 4039 1107 4044 ’

97 4106 145 4145 not.
160 4095 198 4142 62.
209 4094 236 4139 nd
249 4106 327 4142 xxtu.
339 4095 377 4142 ll.
664 4089 686 4124 ⁷⁶
713 4087 838 4151 liuor-utin]
863 4089 947 4134 (tnrdae
967 4087 1041 4135 camis
1062 4089 1138 4136 distri-

128 4157 149 4197 ⁷³
167 4159 181 4188 ⁶
196 4157 226 4206 Ut
247 4169 298 4206 aitte
317 4159 400 4205 dictum
425 4163 465 4221 est]
489 4159 561 4220 Supra
579 4172 600 4206 c.
633 4155 705 4202 butio.
724 4154 883 4202 Vid.not.37.
896 4155 921 4198 ad
934 4153 1046 4200 bunne.
1059 4156 1099 4202 22.

96 4228 136 4276 22.
665 4222 687 4259 ⁷⁷
704 4219 840 4267 Gladiatores
862 4217 950 4278 CXX]
981 4217 1069 4281 Lipsius
1091 4219 1137 4266 Sat.

127 4287 151 4325 ⁷⁴
184 4287 247 4341 Quod
276 4287 334 4350 einr]
377 4287 480 4336 Usitattu
514 4285 602 4333 Latinis
632 4286 648 4333 l.
662 4301 678 4333 1.
689 4301 711 4332 c.
728 4287 749 4333 tt.
767 4283 852 4346 judicet
871 4285 935 4330 hune
950 4298 1071 4331 numerum
1088 4299 1137 4331 esse

88 4352 239 4416 'pleonasmus
258 4353 280 4400 in
296 4369 352 4402 voce
370 4357 416 4416 er'us
431 4354 469 4399 lrie
488 4354 600 4399 notandus
633 4351 773 4410 grandiorem
787 4365 852 4410 quun
872 4361 897 4394 ur
915 4349 1032 4394 conveniat
1049 4351 1071 4395 lu
1092 4352 1137 4397 hoe

97 4419 204 4466 occurrit.
244 4418 319 4478 Vulgo
336 4421 406 4481 pumd
424 4422 477 4478 siris.
522 4419 601 4465 Muta·
632 4433 715 4472 serrum,
734 4414 961 4463 etrestribltl..l'.l'.
990 4414 1040 4460 Vid.
1055 4415 1137 4464 iulral.

96 4485 171 4530 vimus
186 4499 215 4530 ex
236 4486 325 4546 scriptis
346 4483 501 4538 Gronorinuls,
519 4484 601 4548 quibus
631 4495 685 4530 xtt.
697 4498 719 4530 c.
732 4481 773 4529 ult.
812 4531 815 4538 ,

97 4549 181 4598 assedit
191 4561 269 4598 noster
279 4549 355 4609 Vico,
