3026 5164
440 364 762 438 mmmm
957 351 1145 438 ‘mu

548 487 562 512 b

84 525 219 613 ‘Agite‘
237 529 441 597 conscelerate
465 553 552 598 eures
575 545 740 617 patemarr
767 523 920 592 decernite
940 527 1126 610 criminibus,
1137 531 1171 584 U·
1183 521 1289 586 0351ου

21 653 25 661 ,
83 618 184 681 ‘mon
207 617 286 682 ferro
302 619 471 682 decreturi:
496 621 587 684 dieite
612 621 724 705 palam,
748 617 895 700 quidquid
919 630 972 680 aut
995 617 1054 680 veri
1070 637 1126 700 po·
1139 599 1170 650 A.
1182 600 1210 650 ⁰·
1224 601 1292 650 ¹³²⁶·

84 707 206 785 ‘testis
237 717 292 770 eut
313 707 502 770 comminisci
526 708 610 770 libet.
654 706 805 768 Reserate
835 723 921 767 eures
950 714 1030 782 sunt,
1062 723 1128 786 quae

31 859 33 864 ,
84 793 241 876 ‘posthae
256 794 379 856 seeretis
403 793 526 856 alterius
550 796 589 855 ab
614 794 710 856 altero
733 789 908 854 criminibus
930 789 1127 854 claudentur!

84 877 172 960 Haec,
193 880 294 942 furens
309 880 364 959 ire,
379 899 472 961 quum
487 880 625 962 dixisset,
647 877 778 942 lacrimae
798 878 937 942 omnibus
953 879 1075 959 oborn,
1097 887 1129 943 et

66 964 71 980 ¹
86 965 140 1050 diu
155 978 297 1030 moestum
311 967 466 1030 silentium
484 967 593 1030 tenuit.

130 1051 186 1114 IX.
206 1052 286 1116 Tum
303 1052 445 1116 Perseus:
469 1053 668 1136 ‘Aperiende
682 1053 824 1116 nimirum
838 1063 929 1116 nocte
948 1051 1045 1137 janue
1063 1051 1129 1135 luit,
1141 1055 1219 1136 tener
1229 1073 1280 1110 on·

83 1141 95 1176 ‘
110 1150 143 1200 et
153 1140 262 1202 armati
274 1141 485 1204 comissatores
495 1142 676 1225 accipiendi,
688 1141 939 1225 praebendumque
949 1143 1029 1204 ferro
1037 1141 1130 1226 jugu-
1140 1137 1182 1179 ³²⁰·
1213 1200 1221 1214 ,

82 1227 93 1264 ‘
108 1225 183 1304 lum,
198 1226 321 1308 quando
335 1247 397 1289 non
409 1228 553 1306 ereditur,
571 1229 629 1289 nisi
645 1238 862 1310 perpetratum,
877 1229 1009 1307 lucinum
1028 1243 1061 1292 et
1076 1249 1129 1291 ee·

83 1315 96 1353 ‘
110 1311 181 1374 deur
196 1313 309 1396 petitus
324 1313 442 1376 insidiis
456 1315 558 1390 audio,
579 1333 645 1395 quae
659 1313 738 1376 latro
754 1326 845 1397 atque
857 1315 1025 1378 insidiator.
1058 1314 1131 1380 Non

83 1399 316 1484 ‘nequidquam
337 1401 387 1463 isti
408 1421 502 1463 unum
516 1399 707 1463 Demetrium
731 1400 826 1462 lilium
850 1412 881 1463 te
904 1401 1025 1482 hebere,
1047 1407 1132 1466 ²²me

84 1491 96 1526 ‘
111 1485 267 1550 subditum
291 1497 322 1548 et
341 1487 450 1572 pellice
464 1487 604 1570 genitum
620 1486 785 1570 adpellant.
800 1509 882 1566 nam,
904 1489 929 1548 si
944 1490 1083 1572 gradum,
1106 1487 1132 1552 si

82 1579 96 1614 ⁴
110 1572 272 1636 caritatem
286 1573 341 1635 filii
354 1575 437 1656 apud
448 1586 479 1636 te
495 1575 650 1652 haberem,
673 1593 735 1635 non
756 1573 787 1634 in
802 1595 862 1652 me,
885 1587 1060 1656 querentem
1076 1575 1132 1638 de·

83 1659 276 1742 ‘prehensas
299 1660 435 1739 insidias,
457 1661 513 1723 sed
527 1661 558 1722 in
581 1679 662 1738 eum,
686 1659 741 1741 qui
759 1659 890 1740 lecisset,
915 1663 1052 1725 saevires:
1075 1681 1134 1726 nec

84 1744 191 1809 ‘adeo
213 1746 269 1809 tibi
283 1745 349 1808 vilis
364 1747 427 1810 vita
450 1758 530 1810 esset
545 1757 658 1825 nostre,
680 1759 715 1810 ut
739 1767 795 1810 nee
820 1749 972 1830 praeterito
996 1749 1136 1832 periculo

84 1841 184 1901 ‘meo
206 1833 378 1913 movereris,
400 1854 497 1916 neque
521 1834 633 1913 futuro,
658 1836 682 1895 si
709 1833 920 1897 insidiantibus
943 1836 984 1898 sit
1009 1837 1136 1920 inpune.

83 1915 232 2001 ‘ltaque
253 1921 279 1981 si
294 1920 371 1982 mori
388 1920 517 1983 tacitum
538 1931 672 2004 oportet,
693 1925 859 2001 taceamus,
882 1923 998 2004 precati
1013 1933 1153 1986 tantum·

84 2003 209 2086 ‘Deoq
226 2017 261 2068 ut
275 2027 296 2068 e
310 2027 361 2069 me
375 2019 509 2090 coeptum
525 2007 622 2069 scelus
637 2007 670 2069 in
684 2025 735 2069 me
749 2005 842 2070 linem
863 2008 985 2089 habeat,
1008 2030 1065 2072 nee
1081 2031 1138 2092 per
1210 2079 1212 2084 .

84 2102 217 2155 ‘meum
233 2093 312 2156 latus
328 2105 362 2156 tu
376 2094 500 2176 peteris.
542 2097 570 2134 ⁸³
581 2093 636 2155 Sin
651 2106 753 2156 eutem
773 2093 867 2176 (quod
876 2095 1086 2158 circumventis
1102 2097 1135 2160 in

84 2191 97 2224 ί
111 2179 277 2242 solitudine
293 2192 401 2244 nature
411 2181 477 2263 ipse
491 2179 624 2263 subjicit,
646 2193 682 2242 ut
696 2181 866 2261 hominum,
884 2203 958 2262 quos
970 2203 1136 2264 numquam

85 2265 254 2344 ‘viderint
276 2265 367 2329 fidem
393 2277 495 2330 temen
520 2265 685 2349 inplorent)
710 2268 785 2329 mihi
812 2288 943 2350 quoque,
967 2270 1079 2332 ferrum
1104 2267 1140 2330 in

84 2363 163 2414 ‘me
192 2353 330 2415 strictum
357 2350 504 2432 cernenti,
525 2373 632 2416 vocem
654 2353 776 2416 mittere
798 2355 908 2433 liceat;
936 2377 990 2438 per
1014 2368 1055 2435 te,
1078 2375 1139 2436 pa-

7 2457 8 2470 ’
83 2439 265 2522 ‘triumque
278 2459 399 2519 nomen,
423 2440 505 2520 quod
519 2441 579 2503 utri
599 2442 740 2502 nostrdm
763 2441 897 2504 sanctius
922 2443 971 2520 sit,
990 2441 1056 2524 jam
1072 2443 1140 2524 pri-

84 2537 96 2573 ι
111 2524 187 2588 dem
202 2526 308 2604 sentis,
323 2526 367 2588 ita
380 2547 431 2588 me
446 2527 560 2604 audies,
575 2547 694 2610 precor,
705 2537 861 2609 tamquam
873 2528 911 2607 si,
922 2549 995 2590 voce
1007 2540 1040 2590 et
1051 2547 1139 2590 eom-

83 2611 287 2694 ‘ploratione
310 2622 459 2676 noctuma
484 2614 611 2693 excitos,
635 2613 711 2674 mihi
735 2613 892 2695 quiritanti
916 2614 1141 2692 interveniam,

25 2735 28 2740 ·
84 2695 305 2760 ‘Demetrium
321 2719 391 2762 cum
406 2699 531 2762 armatis
547 2710 638 2761 noete
653 2699 883 2782 intempestam
898 2699 1047 2762 vestibulo
1067 2721 1141 2762 meo

83 2799 97 2832 ⁶
111 2784 377 2866 deprehendisses.
391 2786 471 2869 qood
490 2785 749 2848 tum'vociferarer
764 2785 795 2847 in
811 2805 844 2848 re
858 2787 998 2869 presenti
1013 2788 1158 2869 pavidus¹

84 2884 96 2920 ⁶
112 2872 175 2932 hoe
187 2891 269 2934 nuno
280 2881 403 2955 postero
414 2872 464 2934 die
475 2891 593 2955 queror.
627 2871 744 2949 Frater,
760 2893 822 2934 non
834 2873 1095 2935 ”comissantium
1106 2874 1142 2934 in

84 2970 96 3004 ‘
111 2957 213 3019 vicem
231 2955 297 3039 jam
313 2957 365 3019 diu
378 2958 504 3020 vivimus
525 2959 605 3020 inter
620 2977 686 3020 noa.
708 2977 834 3038 regnare
856 2959 962 3040 utique
977 2960 1042 3021 vis:
1066 2959 1143 3022 huie

83 3056 97 3092 ⁶
111 3042 182 3128 spei
195 3054 254 3106 tuae
265 3045 368 3106 obstat
380 3055 452 3106 atas
464 3065 542 3123 mea,
556 3045 660 3106 obstet
670 3045 807 3126 gentium
818 3042 880 3126 jus,
896 3045 1144 3108 obstatvetustus

83 3143 97 3179 ⁴
111 3127 309 3192 Macedonia
320 3151 398 3210 mos,
412 3133 515 3194 obstat
524 3151 595 3193 vero
609 3130 704 3194 etiam
717 3129 811 3213 patris
822 3129 983 3212 judicium.
1005 3129 1146 3194 ¹⁸Haee'32

84 3231 97 3267 ‘
112 3215 343 3296 transcendere,
356 3217 414 3279 nisi
429 3238 484 3302 per
497 3237 599 3280 meum
614 3217 804 3299 sanguinem,
825 3237 888 3279 non
912 3229 1011 3300 potes.
1036 3218 1147 3279 omnia.

85 3318 98 3352 ‘
111 3303 234 3366 moliris
245 3314 277 3366 et
283 3315 393 3367 tentas.
404 3303 503 3366 adhuc
513 3325 566 3366 seu
577 3323 650 3366 cora
659 3325 738 3383 mea,
744 3325 797 3366 seu
806 3303 937 3383 lornrna,
950 3305 1060 3367 restitit
1068 3326 1144 3388 par-

84 3390 299 3453 ‘ricidiotuo
325 3387 479 3454 Hesterna
487 3391 536 3454 die
546 3391 577 3452 in
587 3391 777 3470 lustratione,
787 3402 819 3453 et
827 3389 966 3470 decursu,
976 3391 1147 3460 etsimule-

84 3490 97 3526 ⁶
111 3497 168 3540 oro
181 3477 299 3540 ludicro
311 3499 430 3560 pugne,
445 3479 599 3540 funestum
615 3498 711 3560 prope
722 3478 862 3561 proelium
877 3477 991 3539 fecisti:
1016 3498 1072 3539 nec
1089 3497 1147 3542 me·

84 3579 97 3615 τ
112 3563 200 3627 aliud
212 3583 230 3624 a
241 3575 339 3626 morte
347 3563 525 3643 vindicavit,
540 3585 632 3646 quam
644 3565 725 3646 quod
737 3583 833 3626 meac
845 3585 929 3626 meos
944 3563 1022 3625 vinci
1034 3583 1146 3648 passus·

84 3664 194 3714 ιιιιιιι.
216 3647 267 3712 Ab
276 3649 378 3712 hostili
388 3650 509 3734 proelio,
516 3661 671 3732 tamquam
681 3650 815 3712 fraterno
822 3651 898 3726 lusu,
908 3651 1082 3734 pertrahere
1091 3673 1146 3712 me.

84 3751 98 3785 ⁶
112 3737 155 3800 ad
166 3757 290 3799 eoenem
299 3737 432 3802 voluisti.
460 3737 576 3816 Credis,
587 3756 647 3817 me,
659 3749 756 3819 pater,
768 3738 847 3808 inter
859 3738 989 3800 inermes
1001 3737 1146 3800 convivas

83 3837 307 3889 ‘coenaturum
323 3822 425 3905 fuisse,
447 3825 486 3887 ed
509 3845 598 3906 quem
624 3823 732 3886 armati
757 3824 955 3906 comissatum
970 3823 1142 3886 venerunt?

497 3931 509 3967 t
521 3923 575 3972 Huc
584 3921 659 3972 Grcu.
671 3923 741 3973 Crev.

118 4014 143 4052 θ
160 4013 203 4066 Me
223 4013 332 4065 sudditum
349 4023 370 4062 et
390 4013 468 4076 pellice
490 4011 603 4077 genitum]
637 4013 783 4064 xxrrr.c.9.
803 4013 850 4063 Per
868 4029 907 4077 ego
925 4023 955 4076 tr,
966 4011 1017 4074 fili,
1040 4025 1147 4075 queem-

33 4083 37 4094 '
86 4077 146 4132 wo.
156 4093 209 4132 not.
222 4083 245 4130 7.
256 4081 308 4128 adl.
321 4091 414 4128 xxxix.
424 4095 445 4126 c.
454 4079 495 4127 53.
635 4079 754 4138 quodum
781 4078 854 4126 liberor
877 4081 982 4142 jungunt
1010 4078 1149 4140 parentibus,

117 4148 144 4192 Β.
158 4146 412 4194 Sinauteru...rmem
426 4145 510 4191 mittere
523 4142 604 4198 lieeet3
635 4155 723 4200 precor.
1083 4163 1086 4168 ·

82 4225 127 4272 per
146 4220 168 4260 re
187 4212 331 4272 patriumque
350 4207 437 4271 nonen]
467 4207 526 4270 lege
550 4221 603 4254 cum
666 4205 689 4239 ²⁴
708 4205 1002 4271 consentientesque]
1018 4207 1046 4256 ln
1062 4208 1148 4264 vitem,

86 4275 226 4324 Grooorio:
244 4276 277 4322 riu
298 4281 402 4322 aretem„
416 4287 496 4320 mosem
516 4273 603 4320 mittere
635 4271 659 4318 in
672 4287 760 4319 morem
769 4273 950 4321 comissantium.

85 4341 236 4402 lieetsper,
255 4347 286 4396 to,
305 4339 404 4399 patrium
423 4351 500 4385 nonos
514 4372 520 4384 .
532 4369 540 4384 .
553 4339 603 4386 .ita
668 4338 688 4373 ²⁵
706 4336 938 4402 Huetrqnasemdere]
955 4337 1017 4386 vict.
1034 4337 1091 4386 liber
1104 4339 1147 4386 bor

86 4420 123 4453 me
138 4405 234 4462 ardiae,
247 4417 333 4464 precor.
364 4401 401 4450 Te
417 4417 497 4466 precer
512 4415 553 4465 per
561 4418 602 4466 pe-
635 4403 699 4466 Lege
710 4417 761 4450 cum
771 4401 886 4450 Gronovio
896 4403 1046 4452 dementem
1058 4417 1146 4466 nempe

85 4470 160 4520 trium
172 4481 272 4524 nomen,
285 4468 320 4516 ita
336 4482 373 4516 me
391 4469 477 4533 audies,
495 4477 602 4530 tanquam
635 4471 704 4516 modo
721 4483 766 4530 quo
776 4465 834 4515 infra
845 4484 866 4515 c.
881 4469 918 4516 ll.
931 4468 969 4532 qui
986 4471 1148 4518 trovuseendere

86 4545 135 4588 etc.
158 4533 216 4587 Vni.
238 4547 315 4598 rupte,
334 4545 409 4607 xnnn
423 4535 460 4606 to,
491 4532 567 4608 7⁵5⁶!
584 4533 602 4584 Ι.
626 4529 723 4598 satiust
733 4533 914 4584 ordinenaetrtir.
