<?xml version="1.0" encoding="UTF-8"?>
<!DOCTYPE html PUBLIC "-//W3C//DTD XHTML 1.0 Transitional//EN"
    "http://www.w3.org/TR/xhtml1/DTD/xhtml1-transitional.dtd">
<html xmlns="http://www.w3.org/1999/xhtml" xml:lang="en" lang="en">
 <head>
  <title>
</title>
<meta http-equiv="Content-Type" content="text/html;charset=utf-8" />
  <meta name='ocr-system' content='tesseract 3.04.00' />
  <meta name='ocr-capabilities' content='ocr_page ocr_carea ocr_par ocr_line ocrx_word'/>
</head>
<body>
  <div class='ocr_page' id='page_1' title='image "./tliviipatavinih00grongoog_0161.png"; bbox 0 0 3110 5204; ppageno 0'>
   <div class='ocr_carea' id='block_1_1' title="bbox 441 269 1195 386">
    <p class='ocr_par' dir='ltr' id='par_1_1' title="bbox 441 269 1195 386">
     <span class='ocr_line' id='line_1_1' title="bbox 441 269 1195 386; baseline -0.003 -12"><span class='ocrx_word' id='word_1_1' title='bbox 441 313 906 386; x_wconf 56' lang='lat' dir='ltr'><strong>arsamum-axau</strong></span> <span class='ocrx_word' id='word_1_2' title='bbox 1132 269 1195 374; x_wconf 76' lang='lat' dir='ltr'><strong>nd</strong></span> 
     </span>
    </p>
   </div>
   <div class='ocr_carea' id='block_1_2' title="bbox 108 469 1367 4372">
    <p class='ocr_par' dir='ltr' id='par_1_2' title="bbox 135 469 1358 2448">
     <span class='ocr_line' id='line_1_2' title="bbox 135 469 1338 554; baseline -0.002 -22"><span class='ocrx_word' id='word_1_3' title='bbox 135 473 195 533; x_wconf 82' lang='lat' dir='ltr'><strong>bnt</strong></span> <span class='ocrx_word' id='word_1_4' title='bbox 209 469 241 532; x_wconf 92' lang='lat' dir='ltr'><strong>in</strong></span> <span class='ocrx_word' id='word_1_5' title='bbox 256 469 359 548; x_wconf 82' lang='lat' dir='ltr'><strong>annis,</strong></span> <span class='ocrx_word' id='word_1_6' title='bbox 374 481 440 532; x_wconf 89' lang='lat' dir='ltr'><strong>turn</strong></span> <span class='ocrx_word' id='word_1_7' title='bbox 455 472 655 552; x_wconf 85' lang='lat' dir='ltr'><strong>conscientia,</strong></span> <span class='ocrx_word' id='word_1_8' title='bbox 678 473 750 536; x_wconf 81' lang='lat' dir='ltr'><strong>dunt</strong></span> <span class='ocrx_word' id='word_1_9' title='bbox 761 474 866 539; x_wconf 86' lang='lat' dir='ltr'><strong>consul</strong></span> <span class='ocrx_word' id='word_1_10' title='bbox 883 473 1093 554; x_wconf 79' lang='lat' dir='ltr'><strong>exercitusque</strong></span> <span class='ocrx_word' id='word_1_11' title='bbox 1106 471 1186 537; x_wconf 88' lang='lat' dir='ltr'><strong>&#39;Pur-</strong></span> <span class='ocrx_word' id='word_1_12' title='bbox 1201 481 1232 532; x_wconf 79' lang='lat' dir='ltr'><strong>U.</strong></span> <span class='ocrx_word' id='word_1_13' title='bbox 1242 486 1272 534; x_wconf 93' lang='lat' dir='ltr'><strong>c.</strong></span> <span class='ocrx_word' id='word_1_14' title='bbox 1281 481 1338 530; x_wconf 67' lang='lat'><strong>5⁸7.</strong></span> 
     </span>
     <span class='ocr_line' id='line_1_3' title="bbox 138 545 1358 642; baseline 0.002 -22"><span class='ocrx_word' id='word_1_15' title='bbox 138 557 307 620; x_wconf 65' lang='lat' dir='ltr'><strong>unoauo</strong></span> <span class='ocrx_word' id='word_1_16' title='bbox 326 568 374 618; x_wconf 68' lang='lat' dir='ltr'><strong>aa</strong></span> <span class='ocrx_word' id='word_1_17' title='bbox 397 568 573 640; x_wconf 62' lang='lat' dir='ltr'><strong>maumas,</strong></span> <span class='ocrx_word' id='word_1_18' title='bbox 595 559 847 642; x_wconf 62' lang='lat' dir='ltr'><strong>depopulatorum</strong></span> <span class='ocrx_word' id='word_1_19' title='bbox 873 561 980 624; x_wconf 70' lang='lat' dir='ltr'><strong>suares</strong></span> <span class='ocrx_word' id='word_1_20' title='bbox 1006 561 1186 626; x_wconf 74' lang='lat' dir='ltr'><strong>meursioni-</strong></span> <span class='ocrx_word' id='word_1_21' title='bbox 1201 551 1230 599; x_wconf 60' lang='grc' dir='ltr'><strong>Α·</strong></span> <span class='ocrx_word' id='word_1_22' title='bbox 1243 549 1272 598; x_wconf 78' lang='lat'><strong>⁰·</strong></span> <span class='ocrx_word' id='word_1_23' title='bbox 1287 545 1358 596; x_wconf 51' lang='lat'><strong>¹⁹⁵*-</strong></span> 
     </span>
     <span class='ocr_line' id='line_1_4' title="bbox 136 642 1184 731; baseline 0.006 -27"><span class='ocrx_word' id='word_1_24' title='bbox 136 644 367 706; x_wconf 79' lang='lat' dir='ltr'><strong>bussociornm.</strong></span> <span class='ocrx_word' id='word_1_25' title='bbox 411 642 508 724; x_wconf 78' lang='lat' dir='ltr'><strong>Igitur</strong></span> <span class='ocrx_word' id='word_1_26' title='bbox 522 644 563 706; x_wconf 87' lang='lat' dir='ltr'><strong>ad</strong></span> <span class='ocrx_word' id='word_1_27' title='bbox 576 645 722 728; x_wconf 89' lang='lat' dir='ltr'><strong>oppidum</strong></span> <span class='ocrx_word' id='word_1_28' title='bbox 738 668 843 710; x_wconf 84' lang='lat' dir='ltr'><strong>eorum</strong></span> <span class='ocrx_word' id='word_1_29' title='bbox 857 647 1093 731; x_wconf 75' lang='lat' dir='ltr'><strong>obpugnandum</strong></span> <span class='ocrx_word' id='word_1_30' title='bbox 1108 669 1184 710; x_wconf 91' lang='lat' dir='ltr'><strong>con-</strong></span> 
     </span>
     <span class='ocr_line' id='line_1_5' title="bbox 138 727 1184 815; baseline 0.006 -23"><span class='ocrx_word' id='word_1_31' title='bbox 138 730 307 809; x_wconf 82' lang='lat' dir='ltr'><strong>sulduait,</strong></span> <span class='ocrx_word' id='word_1_32' title='bbox 340 749 403 792; x_wconf 92' lang='lat' dir='ltr'><strong>non</strong></span> <span class='ocrx_word' id='word_1_33' title='bbox 431 727 586 793; x_wconf 59' lang='lat' dir='ltr'><strong>&amp;manas</strong></span> <span class='ocrx_word' id='word_1_34' title='bbox 613 732 705 794; x_wconf 89' lang='lat' dir='ltr'><strong>modo</strong></span> <span class='ocrx_word' id='word_1_35' title='bbox 734 734 887 810; x_wconf 76' lang='lat' dir='ltr'><strong>cohortes,</strong></span> <span class='ocrx_word' id='word_1_36' title='bbox 916 733 970 796; x_wconf 85' lang='lat' dir='ltr'><strong>sed</strong></span> <span class='ocrx_word' id='word_1_37' title='bbox 990 732 1184 815; x_wconf 82' lang='lat' dir='ltr'><strong>juventutem</strong></span> 
     </span>
     <span class='ocr_line' id='line_1_6' title="bbox 138 816 1278 904; baseline 0.002 -26"><span class='ocrx_word' id='word_1_38' title='bbox 138 817 233 878; x_wconf 87' lang='lat' dir='ltr'><strong>etiam</strong></span> <span class='ocrx_word' id='word_1_39' title='bbox 258 816 369 879; x_wconf 86' lang='lat' dir='ltr'><strong>merito</strong></span> <span class='ocrx_word' id='word_1_40' title='bbox 392 817 577 880; x_wconf 79' lang='lat' dir='ltr'><strong>infensorum</strong></span> <span class='ocrx_word' id='word_1_41' title='bbox 603 817 640 879; x_wconf 87' lang='lat' dir='ltr'><strong>iis</strong></span> <span class='ocrx_word' id='word_1_42' title='bbox 663 819 824 903; x_wconf 87' lang='lat' dir='ltr'><strong>sociorum.</strong></span> <span class='ocrx_word' id='word_1_43' title='bbox 867 819 1024 904; x_wconf 88' lang='lat' dir='ltr'><strong>Oppidum</strong></span> <span class='ocrx_word' id='word_1_44' title='bbox 1046 821 1195 902; x_wconf 74' lang='lat' dir='ltr'><strong>longum,</strong></span> <span class='ocrx_word' id='word_1_45' title='bbox 1271 835 1278 850; x_wconf 92' lang='lat'><strong>·</strong></span> 
     </span>
     <span class='ocr_line' id='line_1_7' title="bbox 137 903 1186 989; baseline 0.005 -25"><span class='ocrx_word' id='word_1_46' title='bbox 137 905 172 966; x_wconf 89' lang='lat' dir='ltr'><strong>in</strong></span> <span class='ocrx_word' id='word_1_47' title='bbox 188 903 379 966; x_wconf 88' lang='lat' dir='ltr'><strong>latitudinem</strong></span> <span class='ocrx_word' id='word_1_48' title='bbox 402 903 636 986; x_wconf 70' lang='lat' dir='ltr'><strong>haudquaquam</strong></span> <span class='ocrx_word' id='word_1_49' title='bbox 662 907 854 970; x_wconf 81' lang='lat' dir='ltr'><strong>tantumdem</strong></span> <span class='ocrx_word' id='word_1_50' title='bbox 876 920 995 989; x_wconf 79' lang='lat' dir='ltr'><strong>patens,</strong></span> <span class='ocrx_word' id='word_1_51' title='bbox 1020 907 1186 969; x_wconf 88' lang='lat' dir='ltr'><strong>habebant.</strong></span> 
     </span>
     <span class='ocr_line' id='line_1_8' title="bbox 138 989 1225 1076; baseline 0.003 -24"><span class='ocrx_word' id='word_1_52' title='bbox 138 989 378 1071; x_wconf 78' lang='lat' dir='ltr'><strong>quadringentos</strong></span> <span class='ocrx_word' id='word_1_53' title='bbox 399 989 471 1052; x_wconf 87' lang='lat' dir='ltr'><strong>inde</strong></span> <span class='ocrx_word' id='word_1_54' title='bbox 494 991 590 1052; x_wconf 88' lang='lat' dir='ltr'><strong>fenne</strong></span> <span class='ocrx_word' id='word_1_55' title='bbox 613 1011 718 1072; x_wconf 88' lang='lat' dir='ltr'><strong>passus</strong></span> <span class='ocrx_word' id='word_1_56' title='bbox 744 994 903 1056; x_wconf 75' lang='lat' dir='ltr'><strong>coustituit</strong></span> <span class='ocrx_word' id='word_1_57' title='bbox 929 994 1026 1076; x_wconf 81' lang='lat' dir='ltr'><strong>signs.</strong></span> <span class='ocrx_word' id='word_1_58' title='bbox 1070 993 1115 1056; x_wconf 90' lang='lat' dir='ltr'><strong>lbi</strong></span> <span class='ocrx_word' id='word_1_59' title='bbox 1131 994 1185 1057; x_wconf 86' lang='lat' dir='ltr'><strong>de·</strong></span> <span class='ocrx_word' id='word_1_60' title='bbox 1222 1001 1225 1006; x_wconf 74' lang='grc'>“</span> 
     </span>
     <span class='ocr_line' id='line_1_9' title="bbox 138 1075 1187 1162; baseline 0.005 -25"><span class='ocrx_word' id='word_1_61' title='bbox 138 1076 287 1138; x_wconf 79' lang='lat' dir='ltr'><strong>lectarum</strong></span> <span class='ocrx_word' id='word_1_62' title='bbox 314 1075 486 1138; x_wconf 80' lang='lat' dir='ltr'><strong>cohortium</strong></span> <span class='ocrx_word' id='word_1_63' title='bbox 512 1077 676 1140; x_wconf 83' lang='lat' dir='ltr'><strong>stationem</strong></span> <span class='ocrx_word' id='word_1_64' title='bbox 701 1078 882 1161; x_wconf 89' lang='lat' dir='ltr'><strong>relinquens,</strong></span> <span class='ocrx_word' id='word_1_65' title='bbox 905 1080 1049 1162; x_wconf 71' lang='lat' dir='ltr'><strong>pracepit</strong></span> <span class='ocrx_word' id='word_1_66' title='bbox 1071 1081 1126 1155; x_wconf 85' lang='lat' dir='ltr'><strong>eis,</strong></span> <span class='ocrx_word' id='word_1_67' title='bbox 1146 1100 1187 1142; x_wconf 89' lang='lat' dir='ltr'><strong>ne</strong></span> 
     </span>
     <span class='ocr_line' id='line_1_10' title="bbox 139 1162 1187 1258; baseline 0.004 -34"><span class='ocrx_word' id='word_1_68' title='bbox 139 1182 276 1224; x_wconf 74' lang='lat' dir='ltr'><strong>seen-so</strong></span> <span class='ocrx_word' id='word_1_69' title='bbox 290 1162 360 1224; x_wconf 90' lang='lat' dir='ltr'><strong>loco</strong></span> <span class='ocrx_word' id='word_1_70' title='bbox 375 1175 448 1225; x_wconf 88' lang='lat' dir='ltr'><strong>ante</strong></span> <span class='ocrx_word' id='word_1_71' title='bbox 462 1175 628 1241; x_wconf 87' lang='lat' dir='ltr'><strong>moverent,</strong></span> <span class='ocrx_word' id='word_1_72' title='bbox 653 1185 744 1247; x_wconf 89' lang='lat' dir='ltr'><strong>quam</strong></span> <span class='ocrx_word' id='word_1_73' title='bbox 760 1166 826 1247; x_wconf 89' lang='lat' dir='ltr'><strong>ipse</strong></span> <span class='ocrx_word' id='word_1_74' title='bbox 847 1166 888 1258; x_wconf 78' lang='lat' dir='ltr'><strong>ad</strong></span> <span class='ocrx_word' id='word_1_75' title='bbox 903 1187 956 1228; x_wconf 90' lang='lat' dir='ltr'><strong>eos</strong></span> <span class='ocrx_word' id='word_1_76' title='bbox 970 1167 1112 1230; x_wconf 86' lang='lat' dir='ltr'><strong>venisset.</strong></span> <span class='ocrx_word' id='word_1_77' title='bbox 1135 1187 1187 1228; x_wconf 84' lang='lat' dir='ltr'><strong>ce·</strong></span> 
     </span>
     <span class='ocr_line' id='line_1_11' title="bbox 138 1248 1187 1332; baseline 0.004 -22"><span class='ocrx_word' id='word_1_78' title='bbox 138 1259 221 1312; x_wconf 79' lang='lat' dir='ltr'><strong>taras</strong></span> <span class='ocrx_word' id='word_1_79' title='bbox 232 1249 337 1330; x_wconf 85' lang='lat' dir='ltr'><strong>copias</strong></span> <span class='ocrx_word' id='word_1_80' title='bbox 352 1248 391 1312; x_wconf 85' lang='lat' dir='ltr'><strong>ad</strong></span> <span class='ocrx_word' id='word_1_81' title='bbox 405 1249 577 1312; x_wconf 84' lang='lat' dir='ltr'><strong>ulteriorem</strong></span> <span class='ocrx_word' id='word_1_82' title='bbox 592 1261 710 1332; x_wconf 89' lang='lat' dir='ltr'><strong>partem</strong></span> <span class='ocrx_word' id='word_1_83' title='bbox 729 1251 812 1312; x_wconf 90' lang='lat' dir='ltr'><strong>urbis</strong></span> <span class='ocrx_word' id='word_1_84' title='bbox 827 1251 1038 1314; x_wconf 83' lang='lat' dir='ltr'><strong>circumducit.</strong></span> <span class='ocrx_word' id='word_1_85' title='bbox 1082 1251 1187 1314; x_wconf 85' lang='lat' dir='ltr'><strong>Maxi·</strong></span> 
     </span>
     <span class='ocr_line' id='line_1_12' title="bbox 139 1333 1188 1418; baseline 0.003 -22"><span class='ocrx_word' id='word_1_86' title='bbox 139 1355 227 1399; x_wconf 89' lang='lat' dir='ltr'><strong>mum</strong></span> <span class='ocrx_word' id='word_1_87' title='bbox 252 1355 291 1397; x_wconf 80' lang='lat' dir='ltr'><strong>ex</strong></span> <span class='ocrx_word' id='word_1_88' title='bbox 318 1335 457 1397; x_wconf 83' lang='lat' dir='ltr'><strong>omnibus</strong></span> <span class='ocrx_word' id='word_1_89' title='bbox 484 1335 603 1398; x_wconf 79' lang='lat' dir='ltr'><strong>auxiliis</strong></span> <span class='ocrx_word' id='word_1_90' title='bbox 626 1357 785 1397; x_wconf 90' lang='lat' dir='ltr'><strong>numerum</strong></span> <span class='ocrx_word' id='word_1_91' title='bbox 812 1333 1001 1400; x_wconf 76' lang='lat' dir='ltr'><strong>Suessetanae</strong></span> <span class='ocrx_word' id='word_1_92' title='bbox 1021 1337 1188 1418; x_wconf 86' lang='lat' dir='ltr'><strong>juventutis</strong></span> 
     </span>
     <span class='ocr_line' id='line_1_13' title="bbox 138 1421 1187 1504; baseline 0.003 -21"><span class='ocrx_word' id='word_1_93' title='bbox 138 1421 284 1483; x_wconf 79' lang='lat' dir='ltr'><strong>habebat.</strong></span> <span class='ocrx_word' id='word_1_94' title='bbox 300 1442 353 1484; x_wconf 83' lang='lat' dir='ltr'><strong>eos</strong></span> <span class='ocrx_word' id='word_1_95' title='bbox 368 1421 407 1484; x_wconf 88' lang='lat' dir='ltr'><strong>ad</strong></span> <span class='ocrx_word' id='word_1_96' title='bbox 422 1441 540 1483; x_wconf 84' lang='lat' dir='ltr'><strong>murum</strong></span> <span class='ocrx_word' id='word_1_97' title='bbox 552 1422 790 1504; x_wconf 85' lang='lat' dir='ltr'><strong>obpugnandum</strong></span> <span class='ocrx_word' id='word_1_98' title='bbox 807 1422 905 1485; x_wconf 86' lang='lat' dir='ltr'><strong>subire</strong></span> <span class='ocrx_word' id='word_1_99' title='bbox 916 1421 1016 1504; x_wconf 88' lang='lat' dir='ltr'><strong>jubet.</strong></span> <span class='ocrx_word' id='word_1_100' title='bbox 1050 1423 1187 1492; x_wconf 74' lang='lat' dir='ltr'><strong>Quonim</strong></span> 
     </span>
     <span class='ocr_line' id='line_1_14' title="bbox 139 1505 1188 1591; baseline 0 -21"><span class='ocrx_word' id='word_1_101' title='bbox 139 1508 193 1570; x_wconf 87' lang='lat' dir='ltr'><strong>ubi</strong></span> <span class='ocrx_word' id='word_1_102' title='bbox 208 1528 292 1570; x_wconf 86' lang='lat' dir='ltr'><strong>arma</strong></span> <span class='ocrx_word' id='word_1_103' title='bbox 302 1509 448 1589; x_wconf 86' lang='lat' dir='ltr'><strong>signaque</strong></span> <span class='ocrx_word' id='word_1_104' title='bbox 463 1505 608 1570; x_wconf 86' lang='lat' dir='ltr'><strong>Lacetani</strong></span> <span class='ocrx_word' id='word_1_105' title='bbox 621 1529 809 1590; x_wconf 83' lang='lat' dir='ltr'><strong>cognoverc3</strong></span> <span class='ocrx_word' id='word_1_106' title='bbox 832 1529 992 1586; x_wconf 84' lang='lat' dir='ltr'><strong>memores,</strong></span> <span class='ocrx_word' id='word_1_107' title='bbox 1003 1529 1095 1588; x_wconf 84' lang='lat' dir='ltr'><strong>quam</strong></span> <span class='ocrx_word' id='word_1_108' title='bbox 1110 1529 1188 1591; x_wconf 83' lang='lat' dir='ltr'><strong>saepe</strong></span> 
     </span>
     <span class='ocr_line' id='line_1_15' title="bbox 139 1593 1187 1677; baseline 0.002 -23"><span class='ocrx_word' id='word_1_109' title='bbox 139 1593 175 1654; x_wconf 87' lang='lat' dir='ltr'><strong>in</strong></span> <span class='ocrx_word' id='word_1_110' title='bbox 191 1615 265 1676; x_wconf 83' lang='lat' dir='ltr'><strong>agro</strong></span> <span class='ocrx_word' id='word_1_111' title='bbox 279 1615 383 1660; x_wconf 86' lang='lat' dir='ltr'><strong>eorum</strong></span> <span class='ocrx_word' id='word_1_112' title='bbox 398 1595 510 1677; x_wconf 90' lang='lat' dir='ltr'><strong>inpune</strong></span> <span class='ocrx_word' id='word_1_113' title='bbox 524 1595 754 1676; x_wconf 87' lang='lat' dir='ltr'><strong>persultassent,</strong></span> <span class='ocrx_word' id='word_1_114' title='bbox 770 1595 890 1675; x_wconf 88' lang='lat' dir='ltr'><strong>quoties</strong></span> <span class='ocrx_word' id='word_1_115' title='bbox 905 1595 988 1677; x_wconf 89' lang='lat' dir='ltr'><strong>ipsos</strong></span> <span class='ocrx_word' id='word_1_116' title='bbox 1003 1594 1098 1676; x_wconf 87' lang='lat' dir='ltr'><strong>signis</strong></span> <span class='ocrx_word' id='word_1_117' title='bbox 1112 1615 1187 1657; x_wconf 92' lang='lat' dir='ltr'><strong>con·</strong></span> 
     </span>
     <span class='ocr_line' id='line_1_16' title="bbox 141 1679 1187 1764; baseline 0.002 -24"><span class='ocrx_word' id='word_1_118' title='bbox 141 1680 216 1746; x_wconf 87' lang='lat' dir='ltr'><strong>latis</strong></span> <span class='ocrx_word' id='word_1_119' title='bbox 240 1679 385 1742; x_wconf 81' lang='lat' dir='ltr'><strong>fudissent</strong></span> <span class='ocrx_word' id='word_1_120' title='bbox 410 1680 645 1762; x_wconf 84' lang='lat' dir='ltr'><strong>fugassentque3</strong></span> <span class='ocrx_word' id='word_1_121' title='bbox 669 1681 822 1764; x_wconf 87' lang='lat' dir='ltr'><strong>patefacta</strong></span> <span class='ocrx_word' id='word_1_122' title='bbox 844 1692 969 1764; x_wconf 89' lang='lat' dir='ltr'><strong>repente</strong></span> <span class='ocrx_word' id='word_1_123' title='bbox 994 1691 1093 1764; x_wconf 87' lang='lat' dir='ltr'><strong>porta,</strong></span> <span class='ocrx_word' id='word_1_124' title='bbox 1117 1681 1187 1743; x_wconf 90' lang='lat' dir='ltr'><strong>nni·</strong></span> 
     </span>
     <span class='ocr_line' id='line_1_17' title="bbox 140 1763 1187 1850; baseline 0.003 -25"><span class='ocrx_word' id='word_1_125' title='bbox 140 1767 222 1828; x_wconf 84' lang='lat' dir='ltr'><strong>versi</strong></span> <span class='ocrx_word' id='word_1_126' title='bbox 237 1767 268 1827; x_wconf 93' lang='lat' dir='ltr'><strong>in</strong></span> <span class='ocrx_word' id='word_1_127' title='bbox 283 1787 333 1828; x_wconf 90' lang='lat' dir='ltr'><strong>eos</strong></span> <span class='ocrx_word' id='word_1_128' title='bbox 347 1778 519 1850; x_wconf 84' lang='lat' dir='ltr'><strong>erumpunt.</strong></span> <span class='ocrx_word' id='word_1_129' title='bbox 563 1763 624 1828; x_wconf 86' lang='lat' dir='ltr'><strong>Vix</strong></span> <span class='ocrx_word' id='word_1_130' title='bbox 638 1766 804 1828; x_wconf 89' lang='lat' dir='ltr'><strong>clamorem</strong></span> <span class='ocrx_word' id='word_1_131' title='bbox 828 1788 944 1845; x_wconf 89' lang='lat' dir='ltr'><strong>eorum,</strong></span> <span class='ocrx_word' id='word_1_132' title='bbox 966 1766 1078 1828; x_wconf 90' lang='lat' dir='ltr'><strong>nedum</strong></span> <span class='ocrx_word' id='word_1_133' title='bbox 1100 1767 1187 1849; x_wconf 92' lang='lat' dir='ltr'><strong>inpe-</strong></span> 
     </span>
     <span class='ocr_line' id='line_1_18' title="bbox 142 1851 1189 1934; baseline 0.001 -21"><span class='ocrx_word' id='word_1_134' title='bbox 142 1862 222 1929; x_wconf 87' lang='lat' dir='ltr'><strong>tum,</strong></span> <span class='ocrx_word' id='word_1_135' title='bbox 244 1851 418 1915; x_wconf 85' lang='lat' dir='ltr'><strong>Suessetani</strong></span> <span class='ocrx_word' id='word_1_136' title='bbox 434 1853 547 1914; x_wconf 87' lang='lat' dir='ltr'><strong>tulere:</strong></span> <span class='ocrx_word' id='word_1_137' title='bbox 571 1852 652 1934; x_wconf 92' lang='lat' dir='ltr'><strong>quod</strong></span> <span class='ocrx_word' id='word_1_138' title='bbox 668 1865 841 1934; x_wconf 88' lang='lat' dir='ltr'><strong>postquam,</strong></span> <span class='ocrx_word' id='word_1_139' title='bbox 863 1854 943 1914; x_wconf 88' lang='lat' dir='ltr'><strong>sicut</strong></span> <span class='ocrx_word' id='word_1_140' title='bbox 956 1853 1090 1914; x_wconf 80' lang='lat' dir='ltr'><strong>futurum</strong></span> <span class='ocrx_word' id='word_1_141' title='bbox 1105 1868 1189 1916; x_wconf 87' lang='lat' dir='ltr'><strong>ratus</strong></span> 
     </span>
     <span class='ocr_line' id='line_1_19' title="bbox 141 1938 1191 2019; baseline 0.004 -21"><span class='ocrx_word' id='word_1_142' title='bbox 141 1947 219 2014; x_wconf 84' lang='lat' dir='ltr'><strong>erat,</strong></span> <span class='ocrx_word' id='word_1_143' title='bbox 241 1939 344 2000; x_wconf 84' lang='lat' dir='ltr'><strong>consul</strong></span> <span class='ocrx_word' id='word_1_144' title='bbox 371 1939 436 2000; x_wconf 89' lang='lat' dir='ltr'><strong>lieri</strong></span> <span class='ocrx_word' id='word_1_145' title='bbox 461 1940 554 2002; x_wconf 89' lang='lat' dir='ltr'><strong>etiam</strong></span> <span class='ocrx_word' id='word_1_146' title='bbox 581 1938 681 2015; x_wconf 90' lang='lat' dir='ltr'><strong>vidit;</strong></span> <span class='ocrx_word' id='word_1_147' title='bbox 714 1959 792 2019; x_wconf 91' lang='lat' dir='ltr'><strong>equo</strong></span> <span class='ocrx_word' id='word_1_148' title='bbox 819 1940 914 2001; x_wconf 81' lang='lat' dir='ltr'><strong>citato</strong></span> <span class='ocrx_word' id='word_1_149' title='bbox 939 1940 1043 2000; x_wconf 86' lang='lat' dir='ltr'><strong>subter</strong></span> <span class='ocrx_word' id='word_1_150' title='bbox 1068 1957 1191 2002; x_wconf 81' lang='lat' dir='ltr'><strong>murum</strong></span> 
     </span>
     <span class='ocr_line' id='line_1_20' title="bbox 142 2023 1190 2106; baseline 0.001 -20"><span class='ocrx_word' id='word_1_151' title='bbox 142 2023 276 2086; x_wconf 83' lang='lat' dir='ltr'><strong>lrostium</strong></span> <span class='ocrx_word' id='word_1_152' title='bbox 301 2024 339 2087; x_wconf 85' lang='lat' dir='ltr'><strong>ad</strong></span> <span class='ocrx_word' id='word_1_153' title='bbox 365 2025 504 2086; x_wconf 85' lang='lat' dir='ltr'><strong>cohortes</strong></span> <span class='ocrx_word' id='word_1_154' title='bbox 531 2023 709 2086; x_wconf 86' lang='lat' dir='ltr'><strong>advehitur:</strong></span> <span class='ocrx_word' id='word_1_155' title='bbox 734 2037 826 2104; x_wconf 89' lang='lat' dir='ltr'><strong>atque</strong></span> <span class='ocrx_word' id='word_1_156' title='bbox 841 2046 893 2086; x_wconf 89' lang='lat' dir='ltr'><strong>eas</strong></span> <span class='ocrx_word' id='word_1_157' title='bbox 912 2026 1066 2106; x_wconf 82' lang='lat' dir='ltr'><strong>adreptus,</strong></span> <span class='ocrx_word' id='word_1_158' title='bbox 1088 2023 1190 2088; x_wconf 83' lang='lat' dir='ltr'><strong>effirsis</strong></span> 
     </span>
     <span class='ocr_line' id='line_1_21' title="bbox 142 2107 1190 2192; baseline 0.002 -22"><span class='ocrx_word' id='word_1_159' title='bbox 142 2109 283 2172; x_wconf 90' lang='lat' dir='ltr'><strong>omnibus</strong></span> <span class='ocrx_word' id='word_1_160' title='bbox 297 2110 337 2170; x_wconf 87' lang='lat' dir='ltr'><strong>ad</strong></span> <span class='ocrx_word' id='word_1_161' title='bbox 352 2109 521 2192; x_wconf 87' lang='lat' dir='ltr'><strong>sequendos</strong></span> <span class='ocrx_word' id='word_1_162' title='bbox 537 2107 745 2186; x_wconf 81' lang='lat' dir='ltr'><strong>Suessetanos,</strong></span> <span class='ocrx_word' id='word_1_163' title='bbox 761 2130 822 2190; x_wconf 91' lang='lat' dir='ltr'><strong>qua</strong></span> <span class='ocrx_word' id='word_1_164' title='bbox 835 2111 990 2172; x_wconf 90' lang='lat' dir='ltr'><strong>silentium</strong></span> <span class='ocrx_word' id='word_1_165' title='bbox 1005 2130 1041 2170; x_wconf 90' lang='lat' dir='ltr'><strong>ac</strong></span> <span class='ocrx_word' id='word_1_166' title='bbox 1058 2110 1190 2172; x_wconf 88' lang='lat' dir='ltr'><strong>solitudo</strong></span> 
     </span>
     <span class='ocr_line' id='line_1_22' title="bbox 142 2195 1190 2278; baseline 0 -22"><span class='ocrx_word' id='word_1_167' title='bbox 142 2205 219 2272; x_wconf 86' lang='lat' dir='ltr'><strong>erat,</strong></span> <span class='ocrx_word' id='word_1_168' title='bbox 241 2195 273 2257; x_wconf 92' lang='lat' dir='ltr'><strong>in</strong></span> <span class='ocrx_word' id='word_1_169' title='bbox 287 2196 394 2258; x_wconf 91' lang='lat' dir='ltr'><strong>urbem</strong></span> <span class='ocrx_word' id='word_1_170' title='bbox 409 2196 545 2257; x_wconf 87' lang='lat' dir='ltr'><strong>inducit:</strong></span> <span class='ocrx_word' id='word_1_171' title='bbox 570 2196 711 2276; x_wconf 89' lang='lat' dir='ltr'><strong>priusque</strong></span> <span class='ocrx_word' id='word_1_172' title='bbox 726 2196 831 2256; x_wconf 92' lang='lat' dir='ltr'><strong>omnia</strong></span> <span class='ocrx_word' id='word_1_173' title='bbox 845 2197 938 2278; x_wconf 88' lang='lat' dir='ltr'><strong>cepit,</strong></span> <span class='ocrx_word' id='word_1_174' title='bbox 959 2215 1049 2276; x_wconf 91' lang='lat' dir='ltr'><strong>quam</strong></span> <span class='ocrx_word' id='word_1_175' title='bbox 1065 2217 1098 2258; x_wconf 89' lang='lat' dir='ltr'><strong>se</strong></span> <span class='ocrx_word' id='word_1_176' title='bbox 1114 2196 1190 2258; x_wconf 86' lang='lat' dir='ltr'><strong>reci-</strong></span> 
     </span>
     <span class='ocr_line' id='line_1_23' title="bbox 141 2279 1201 2362; baseline 0.003 -19"><span class='ocrx_word' id='word_1_177' title='bbox 141 2292 253 2362; x_wconf 85' lang='lat' dir='ltr'><strong>perent</strong></span> <span class='ocrx_word' id='word_1_178' title='bbox 270 2279 427 2342; x_wconf 70' lang='lat' dir='ltr'><strong>Iacetani.</strong></span> <span class='ocrx_word' id='word_1_179' title='bbox 451 2300 525 2342; x_wconf 90' lang='lat' dir='ltr'><strong>mox</strong></span> <span class='ocrx_word' id='word_1_180' title='bbox 540 2282 634 2362; x_wconf 89' lang='lat' dir='ltr'><strong>ipsos,</strong></span> <span class='ocrx_word' id='word_1_181' title='bbox 655 2280 732 2341; x_wconf 93' lang='lat' dir='ltr'><strong>nihil</strong></span> <span class='ocrx_word' id='word_1_182' title='bbox 748 2292 855 2362; x_wconf 74' lang='lat' dir='ltr'><strong>preater</strong></span> <span class='ocrx_word' id='word_1_183' title='bbox 870 2301 955 2344; x_wconf 86' lang='lat' dir='ltr'><strong>arma</strong></span> <span class='ocrx_word' id='word_1_184' title='bbox 977 2283 1136 2361; x_wconf 89' lang='lat' dir='ltr'><strong>habentes,</strong></span> <span class='ocrx_word' id='word_1_185' title='bbox 1158 2281 1201 2346; x_wconf 69' lang='lat' dir='ltr'><strong>in,</strong></span> 
     </span>
     <span class='ocr_line' id='line_1_24' title="bbox 142 2365 941 2448; baseline 0.001 -20"><span class='ocrx_word' id='word_1_186' title='bbox 142 2365 332 2430; x_wconf 85' lang='lat' dir='ltr'><strong>deditionem</strong></span> <span class='ocrx_word' id='word_1_187' title='bbox 348 2367 476 2448; x_wconf 86' lang='lat' dir='ltr'><strong>accepit.</strong></span> <span class='ocrx_word' id='word_1_188' title='bbox 938 2439 941 2446; x_wconf 19' lang='lat'><strong>⁴</strong></span> 
     </span>
    </p>

    <p class='ocr_par' dir='ltr' id='par_1_3' title="bbox 132 2449 1208 3998">
     <span class='ocr_line' id='line_1_25' title="bbox 183 2449 1208 2534; baseline 0.002 -22"><span class='ocrx_word' id='word_1_189' title='bbox 183 2449 275 2514; x_wconf 84' lang='lat' dir='ltr'><strong>XXI.</strong></span> <span class='ocrx_word' id='word_1_190' title='bbox 298 2451 469 2514; x_wconf 86' lang='lat' dir='ltr'><strong>Confestim</strong></span> <span class='ocrx_word' id='word_1_191' title='bbox 490 2451 561 2514; x_wconf 89' lang='lat' dir='ltr'><strong>inde</strong></span> <span class='ocrx_word' id='word_1_192' title='bbox 583 2452 679 2514; x_wconf 91' lang='lat' dir='ltr'><strong>victor</strong></span> <span class='ocrx_word' id='word_1_193' title='bbox 702 2452 741 2514; x_wconf 88' lang='lat' dir='ltr'><strong>ad</strong></span> <span class='ocrx_word' id='word_1_194' title='bbox 763 2449 907 2534; x_wconf 84' lang='lat' dir='ltr'><strong>Vergium</strong></span> <span class='ocrx_word' id='word_1_195' title='bbox 933 2465 1067 2515; x_wconf 87' lang='lat' dir='ltr'><strong>castrum</strong></span> <span class='ocrx_word' id='word_1_196' title='bbox 1095 2453 1208 2517; x_wconf 86' lang='lat' dir='ltr'><strong>ducit..</strong></span> 
     </span>
     <span class='ocr_line' id='line_1_26' title="bbox 141 2537 1208 2620; baseline 0.002 -20"><span class='ocrx_word' id='word_1_197' title='bbox 141 2538 370 2620; x_wconf 83' lang='lat' dir='ltr'><strong>receptaculum</strong></span> <span class='ocrx_word' id='word_1_198' title='bbox 386 2538 418 2599; x_wconf 92' lang='lat' dir='ltr'><strong>id</strong></span> <span class='ocrx_word' id='word_1_199' title='bbox 433 2539 565 2600; x_wconf 85' lang='lat' dir='ltr'><strong>maxime</strong></span> <span class='ocrx_word' id='word_1_200' title='bbox 578 2537 751 2618; x_wconf 90' lang='lat' dir='ltr'><strong>praedonum</strong></span> <span class='ocrx_word' id='word_1_201' title='bbox 764 2549 849 2599; x_wconf 85' lang='lat' dir='ltr'><strong>erat:</strong></span> <span class='ocrx_word' id='word_1_202' title='bbox 874 2548 906 2600; x_wconf 88' lang='lat' dir='ltr'><strong>et</strong></span> <span class='ocrx_word' id='word_1_203' title='bbox 919 2539 989 2600; x_wconf 92' lang='lat' dir='ltr'><strong>inde</strong></span> <span class='ocrx_word' id='word_1_204' title='bbox 1001 2539 1208 2602; x_wconf 87' lang='lat' dir='ltr'><strong>incursiones.</strong></span> 
     </span>
     <span class='ocr_line' id='line_1_27' title="bbox 142 2621 1190 2708; baseline 0.002 -22"><span class='ocrx_word' id='word_1_205' title='bbox 142 2625 177 2686; x_wconf 83' lang='lat' dir='ltr'><strong>its</strong></span> <span class='ocrx_word' id='word_1_206' title='bbox 200 2645 290 2706; x_wconf 75' lang='lat' dir='ltr'><strong>agros</strong></span> <span class='ocrx_word' id='word_1_207' title='bbox 314 2633 440 2706; x_wconf 84' lang='lat' dir='ltr'><strong>pacatos</strong></span> <span class='ocrx_word' id='word_1_208' title='bbox 464 2627 491 2665; x_wconf 77' lang='lat'><strong>⁸⁸</strong></span> <span class='ocrx_word' id='word_1_209' title='bbox 506 2623 666 2705; x_wconf 82' lang='lat' dir='ltr'><strong>prouinciae</strong></span> <span class='ocrx_word' id='word_1_210' title='bbox 681 2621 746 2704; x_wconf 87' lang='lat' dir='ltr'><strong>ejus</strong></span> <span class='ocrx_word' id='word_1_211' title='bbox 760 2622 883 2686; x_wconf 85' lang='lat' dir='ltr'><strong>fiebant.</strong></span> <span class='ocrx_word' id='word_1_212' title='bbox 925 2621 1104 2708; x_wconf 85' lang='lat' dir='ltr'><strong>Transfurgit</strong></span> <span class='ocrx_word' id='word_1_213' title='bbox 1118 2625 1190 2688; x_wconf 89' lang='lat' dir='ltr'><strong>inde</strong></span> 
     </span>
     <span class='ocr_line' id='line_1_28' title="bbox 145 2706 1191 2794; baseline -0.001 -20"><span class='ocrx_word' id='word_1_214' title='bbox 145 2710 193 2774; x_wconf 83' lang='lat' dir='ltr'><strong>sd</strong></span> <span class='ocrx_word' id='word_1_215' title='bbox 201 2709 357 2772; x_wconf 85' lang='lat' dir='ltr'><strong>consulem</strong></span> <span class='ocrx_word' id='word_1_216' title='bbox 368 2711 508 2792; x_wconf 83' lang='lat' dir='ltr'><strong>princeps</strong></span> <span class='ocrx_word' id='word_1_217' title='bbox 516 2706 731 2791; x_wconf 84' lang='lat' dir='ltr'><strong>Vergestauus,</strong></span> <span class='ocrx_word' id='word_1_218' title='bbox 747 2721 779 2771; x_wconf 91' lang='lat' dir='ltr'><strong>et</strong></span> <span class='ocrx_word' id='word_1_219' title='bbox 790 2730 918 2792; x_wconf 74' lang='lat' dir='ltr'><strong>purgare</strong></span> <span class='ocrx_word' id='word_1_220' title='bbox 930 2731 962 2772; x_wconf 89' lang='lat' dir='ltr'><strong>se</strong></span> <span class='ocrx_word' id='word_1_221' title='bbox 978 2731 1014 2772; x_wconf 86' lang='lat' dir='ltr'><strong>ac</strong></span> <span class='ocrx_word' id='word_1_222' title='bbox 1029 2711 1191 2794; x_wconf 87' lang='lat' dir='ltr'><strong>populares</strong></span> 
     </span>
     <span class='ocr_line' id='line_1_29' title="bbox 146 2796 1191 2879; baseline 0.002 -21"><span class='ocrx_word' id='word_1_223' title='bbox 146 2797 261 2879; x_wconf 82' lang='lat' dir='ltr'><strong>saepit3</strong></span> <span class='ocrx_word' id='word_1_224' title='bbox 286 2797 373 2858; x_wconf 89' lang='lat' dir='ltr'><strong>‘non</strong></span> <span class='ocrx_word' id='word_1_225' title='bbox 388 2817 453 2858; x_wconf 86' lang='lat' dir='ltr'><strong>esse</strong></span> <span class='ocrx_word' id='word_1_226' title='bbox 468 2797 500 2856; x_wconf 92' lang='lat' dir='ltr'><strong>in</strong></span> <span class='ocrx_word' id='word_1_227' title='bbox 514 2816 608 2858; x_wconf 78' lang='lat' dir='ltr'><strong>mmru</strong></span> <span class='ocrx_word' id='word_1_228' title='bbox 623 2796 694 2878; x_wconf 87' lang='lat' dir='ltr'><strong>ipsis</strong></span> <span class='ocrx_word' id='word_1_229' title='bbox 715 2796 943 2878; x_wconf 86' lang='lat' dir='ltr'><strong>rempublicam.</strong></span> <span class='ocrx_word' id='word_1_230' title='bbox 965 2797 1123 2879; x_wconf 72' lang='lat' dir='ltr'><strong>predones</strong></span> <span class='ocrx_word' id='word_1_231' title='bbox 1140 2818 1191 2859; x_wconf 88' lang='lat' dir='ltr'><strong>re·</strong></span> 
     </span>
     <span class='ocr_line' id='line_1_30' title="bbox 145 2879 1192 2965; baseline 0.002 -21"><span class='ocrx_word' id='word_1_232' title='bbox 145 2885 278 2965; x_wconf 83' lang='lat' dir='ltr'><strong>‘captos</strong></span> <span class='ocrx_word' id='word_1_233' title='bbox 304 2891 404 2944; x_wconf 85' lang='lat' dir='ltr'><strong>totum</strong></span> <span class='ocrx_word' id='word_1_234' title='bbox 427 2903 487 2945; x_wconf 74' lang='lat' dir='ltr'><strong>sua</strong></span> <span class='ocrx_word' id='word_1_235' title='bbox 507 2881 669 2965; x_wconf 83' lang='lat' dir='ltr'><strong>potestatis</strong></span> <span class='ocrx_word' id='word_1_236' title='bbox 694 2882 725 2944; x_wconf 92' lang='lat' dir='ltr'><strong>id</strong></span> <span class='ocrx_word' id='word_1_237' title='bbox 747 2893 878 2944; x_wconf 85' lang='lat' dir='ltr'><strong>castrum</strong></span> <span class='ocrx_word' id='word_1_238' title='bbox 902 2879 1029 2944; x_wconf 65' lang='lat' dir='ltr'><strong>fecisse!</strong></span> <span class='ocrx_word' id='word_1_239' title='bbox 1074 2882 1192 2946; x_wconf 88' lang='lat' dir='ltr'><strong>Consul</strong></span> 
     </span>
     <span class='ocr_line' id='line_1_31' title="bbox 145 2967 1191 3050; baseline 0.002 -20"><span class='ocrx_word' id='word_1_240' title='bbox 145 2988 216 3040; x_wconf 83' lang='lat' dir='ltr'><strong>eum</strong></span> <span class='ocrx_word' id='word_1_241' title='bbox 231 2969 355 3030; x_wconf 90' lang='lat' dir='ltr'><strong>domum</strong></span> <span class='ocrx_word' id='word_1_242' title='bbox 371 2968 479 3046; x_wconf 89' lang='lat' dir='ltr'><strong>redire,</strong></span> <span class='ocrx_word' id='word_1_243' title='bbox 502 2967 636 3030; x_wconf 71' lang='lat' dir='ltr'><strong>monera</strong></span> <span class='ocrx_word' id='word_1_244' title='bbox 658 2968 760 3049; x_wconf 90' lang='lat' dir='ltr'><strong>aliqua</strong></span> <span class='ocrx_word' id='word_1_245' title='bbox 774 2968 934 3050; x_wconf 89' lang='lat' dir='ltr'><strong>probabili,</strong></span> <span class='ocrx_word' id='word_1_246' title='bbox 957 2988 1010 3030; x_wconf 88' lang='lat' dir='ltr'><strong>cur</strong></span> <span class='ocrx_word' id='word_1_247' title='bbox 1033 2968 1191 3048; x_wconf 83' lang='lat' dir='ltr'><strong>abluisset,</strong></span> 
     </span>
     <span class='ocr_line' id='line_1_32' title="bbox 144 3053 1193 3136; baseline 0.003 -21"><span class='ocrx_word' id='word_1_248' title='bbox 144 3055 262 3132; x_wconf 66' lang='lat' dir='ltr'><strong>banasa,</strong></span> <span class='ocrx_word' id='word_1_249' title='bbox 273 3053 372 3136; x_wconf 88' lang='lat' dir='ltr'><strong>jussit.</strong></span> <span class='ocrx_word' id='word_1_250' title='bbox 400 3055 410 3088; x_wconf 94' lang='lat'>‘</span> <span class='ocrx_word' id='word_1_251' title='bbox 424 3055 525 3124; x_wconf 84' lang='lat' dir='ltr'><strong>Quum</strong></span> <span class='ocrx_word' id='word_1_252' title='bbox 541 3073 573 3115; x_wconf 89' lang='lat' dir='ltr'><strong>se</strong></span> <span class='ocrx_word' id='word_1_253' title='bbox 589 3074 690 3116; x_wconf 89' lang='lat' dir='ltr'><strong>muros</strong></span> <span class='ocrx_word' id='word_1_254' title='bbox 705 3055 819 3116; x_wconf 87' lang='lat' dir='ltr'><strong>subisse</strong></span> <span class='ocrx_word' id='word_1_255' title='bbox 834 3067 981 3132; x_wconf 88' lang='lat' dir='ltr'><strong>cerneret,</strong></span> <span class='ocrx_word' id='word_1_256' title='bbox 996 3055 1193 3136; x_wconf 83' lang='lat' dir='ltr'><strong>intentosque</strong></span> 
     </span>
     <span class='ocr_line' id='line_1_33' title="bbox 141 3140 1193 3222; baseline 0 -20"><span class='ocrx_word' id='word_1_257' title='bbox 141 3140 152 3174; x_wconf 86' lang='lat'>‘</span> <span class='ocrx_word' id='word_1_258' title='bbox 172 3141 330 3222; x_wconf 75' lang='lat' dir='ltr'><strong>predones</strong></span> <span class='ocrx_word' id='word_1_259' title='bbox 343 3141 383 3202; x_wconf 92' lang='lat' dir='ltr'><strong>ad</strong></span> <span class='ocrx_word' id='word_1_260' title='bbox 398 3141 513 3203; x_wconf 87' lang='lat' dir='ltr'><strong>tuenda</strong></span> <span class='ocrx_word' id='word_1_261' title='bbox 524 3141 637 3202; x_wconf 83' lang='lat' dir='ltr'><strong>moenia</strong></span> <span class='ocrx_word' id='word_1_262' title='bbox 647 3161 711 3202; x_wconf 89' lang='lat' dir='ltr'><strong>esse</strong></span> <span class='ocrx_word' id='word_1_263' title='bbox 720 3162 731 3217; x_wconf 84' lang='lat'><em>3</em></span> <span class='ocrx_word' id='word_1_264' title='bbox 755 3155 819 3201; x_wconf 92' lang='lat' dir='ltr'><strong>tum</strong></span> <span class='ocrx_word' id='word_1_265' title='bbox 834 3141 879 3203; x_wconf 88' lang='lat' dir='ltr'><strong>uti</strong></span> <span class='ocrx_word' id='word_1_266' title='bbox 894 3161 963 3204; x_wconf 85' lang='lat' dir='ltr'><strong>cunr</strong></span> <span class='ocrx_word' id='word_1_267' title='bbox 978 3159 1040 3202; x_wconf 77' lang='lat' dir='ltr'><strong>sua</strong></span> <span class='ocrx_word' id='word_1_268' title='bbox 1050 3140 1193 3202; x_wconf 66' lang='lat' dir='ltr'><strong>iutioms</strong></span> 
     </span>
     <span class='ocr_line' id='line_1_34' title="bbox 132 3223 1193 3308; baseline -0.002 -21"><span class='ocrx_word' id='word_1_269' title='bbox 132 3226 144 3258; x_wconf 85' lang='lat'>‘</span> <span class='ocrx_word' id='word_1_270' title='bbox 170 3227 343 3289; x_wconf 85' lang='lat' dir='ltr'><strong>hominibus</strong></span> <span class='ocrx_word' id='word_1_271' title='bbox 358 3227 547 3290; x_wconf 88' lang='lat' dir='ltr'><strong>meminisset</strong></span> <span class='ocrx_word' id='word_1_272' title='bbox 560 3245 661 3287; x_wconf 85' lang='lat' dir='ltr'><strong>arcem</strong></span> <span class='ocrx_word' id='word_1_273' title='bbox 676 3223 847 3308; x_wconf 86' lang='lat' dir='ltr'><strong>occupare.’</strong></span> <span class='ocrx_word' id='word_1_274' title='bbox 874 3225 921 3301; x_wconf 90' lang='lat' dir='ltr'><strong>ld,</strong></span> <span class='ocrx_word' id='word_1_275' title='bbox 936 3223 980 3285; x_wconf 90' lang='lat' dir='ltr'><strong>uti</strong></span> <span class='ocrx_word' id='word_1_276' title='bbox 996 3237 1193 3307; x_wconf 74' lang='lat' dir='ltr'><strong>praeeperat,</strong></span> 
     </span>
     <span class='ocr_line' id='line_1_35' title="bbox 142 3309 1193 3396; baseline 0.002 -24"><span class='ocrx_word' id='word_1_277' title='bbox 142 3311 276 3375; x_wconf 84' lang='lat' dir='ltr'><strong>factum.</strong></span> <span class='ocrx_word' id='word_1_278' title='bbox 317 3311 455 3396; x_wconf 85' lang='lat' dir='ltr'><strong>Repente</strong></span> <span class='ocrx_word' id='word_1_279' title='bbox 470 3333 584 3394; x_wconf 84' lang='lat' dir='ltr'><strong>anceps</strong></span> <span class='ocrx_word' id='word_1_280' title='bbox 598 3322 705 3389; x_wconf 83' lang='lat' dir='ltr'><strong>terror,</strong></span> <span class='ocrx_word' id='word_1_281' title='bbox 727 3311 799 3372; x_wconf 87' lang='lat' dir='ltr'><strong>hinc</strong></span> <span class='ocrx_word' id='word_1_282' title='bbox 818 3329 921 3372; x_wconf 91' lang='lat' dir='ltr'><strong>muros</strong></span> <span class='ocrx_word' id='word_1_283' title='bbox 936 3309 1193 3373; x_wconf 81' lang='lat' dir='ltr'><strong>adscendentibus</strong></span> 
     </span>
     <span class='ocr_line' id='line_1_36' title="bbox 141 3393 1191 3481; baseline -0.004 -19"><span class='ocrx_word' id='word_1_284' title='bbox 141 3395 305 3476; x_wconf 81' lang='lat' dir='ltr'><strong>Romanis,</strong></span> <span class='ocrx_word' id='word_1_285' title='bbox 320 3399 402 3462; x_wconf 87' lang='lat' dir='ltr'><strong>illinc</strong></span> <span class='ocrx_word' id='word_1_286' title='bbox 418 3420 486 3462; x_wconf 87' lang='lat' dir='ltr'><strong>arce</strong></span> <span class='ocrx_word' id='word_1_287' title='bbox 502 3413 603 3481; x_wconf 58' lang='lat' dir='ltr'><strong>capta</strong></span> <span class='ocrx_word' id='word_1_288' title='bbox 615 3397 757 3459; x_wconf 76' lang='lat' dir='ltr'><strong>barbaros</strong></span> <span class='ocrx_word' id='word_1_289' title='bbox 773 3393 976 3458; x_wconf 80' lang='lat' dir='ltr'><strong>circumuasit.</strong></span> <span class='ocrx_word' id='word_1_290' title='bbox 1019 3393 1119 3478; x_wconf 73' lang='lat' dir='ltr'><strong>Hujus</strong></span> <span class='ocrx_word' id='word_1_291' title='bbox 1134 3417 1191 3479; x_wconf 86' lang='lat' dir='ltr'><strong>pc-</strong></span> 
     </span>
     <span class='ocr_line' id='line_1_37' title="bbox 143 3481 1194 3566; baseline -0.003 -17"><span class='ocrx_word' id='word_1_292' title='bbox 143 3484 223 3549; x_wconf 80' lang='lat' dir='ltr'><strong>titua</strong></span> <span class='ocrx_word' id='word_1_293' title='bbox 244 3485 304 3546; x_wconf 86' lang='lat' dir='ltr'><strong>loci</strong></span> <span class='ocrx_word' id='word_1_294' title='bbox 327 3487 432 3548; x_wconf 72' lang='lat' dir='ltr'><strong>consul</strong></span> <span class='ocrx_word' id='word_1_295' title='bbox 454 3505 519 3564; x_wconf 88' lang='lat' dir='ltr'><strong>eos,</strong></span> <span class='ocrx_word' id='word_1_296' title='bbox 534 3485 585 3566; x_wconf 91' lang='lat' dir='ltr'><strong>qni</strong></span> <span class='ocrx_word' id='word_1_297' title='bbox 600 3503 701 3546; x_wconf 86' lang='lat' dir='ltr'><strong>arcem</strong></span> <span class='ocrx_word' id='word_1_298' title='bbox 721 3493 894 3561; x_wconf 81' lang='lat' dir='ltr'><strong>tenuerant,</strong></span> <span class='ocrx_word' id='word_1_299' title='bbox 915 3481 1027 3544; x_wconf 77' lang='lat' dir='ltr'><strong>libatos</strong></span> <span class='ocrx_word' id='word_1_300' title='bbox 1041 3503 1108 3545; x_wconf 82' lang='lat' dir='ltr'><strong>esse</strong></span> <span class='ocrx_word' id='word_1_301' title='bbox 1121 3501 1194 3546; x_wconf 85' lang='lat' dir='ltr'><strong>cum</strong></span> 
     </span>
     <span class='ocr_line' id='line_1_38' title="bbox 146 3567 1192 3654; baseline -0.005 -22"><span class='ocrx_word' id='word_1_302' title='bbox 146 3572 286 3653; x_wconf 79' lang='lat' dir='ltr'><strong>cognatis</strong></span> <span class='ocrx_word' id='word_1_303' title='bbox 298 3591 411 3654; x_wconf 89' lang='lat' dir='ltr'><strong>suaque</strong></span> <span class='ocrx_word' id='word_1_304' title='bbox 422 3572 534 3634; x_wconf 87' lang='lat' dir='ltr'><strong>habere</strong></span> <span class='ocrx_word' id='word_1_305' title='bbox 545 3569 657 3652; x_wconf 87' lang='lat' dir='ltr'><strong>jussit:</strong></span> <span class='ocrx_word' id='word_1_306' title='bbox 680 3567 886 3652; x_wconf 75' lang='lat' dir='ltr'><strong>Vergestsuos</strong></span> <span class='ocrx_word' id='word_1_307' title='bbox 901 3579 1028 3646; x_wconf 85' lang='lat' dir='ltr'><strong>ceteros,</strong></span> <span class='ocrx_word' id='word_1_308' title='bbox 1039 3569 1192 3649; x_wconf 67' lang='lat' dir='ltr'><strong>quassari,</strong></span> 
     </span>
     <span class='ocr_line' id='line_1_39' title="bbox 146 3649 1193 3742; baseline -0.001 -24"><span class='ocrx_word' id='word_1_309' title='bbox 146 3657 350 3738; x_wconf 86' lang='lat' dir='ltr'><strong>utvenderet,</strong></span> <span class='ocrx_word' id='word_1_310' title='bbox 376 3649 556 3742; x_wconf 82' lang='lat' dir='ltr'><strong>imperarit:</strong></span> <span class='ocrx_word' id='word_1_311' title='bbox 591 3655 631 3718; x_wconf 90' lang='lat' dir='ltr'><strong>de</strong></span> <span class='ocrx_word' id='word_1_312' title='bbox 657 3655 846 3739; x_wconf 79' lang='lat' dir='ltr'><strong>praedonibus</strong></span> <span class='ocrx_word' id='word_1_313' title='bbox 867 3653 1050 3737; x_wconf 88' lang='lat' dir='ltr'><strong>supplicium</strong></span> <span class='ocrx_word' id='word_1_314' title='bbox 1073 3656 1193 3716; x_wconf 81' lang='lat' dir='ltr'><strong>sumsit.</strong></span> 
     </span>
     <span class='ocr_line' id='line_1_40' title="bbox 147 3739 1194 3826; baseline -0.006 -20"><span class='ocrx_word' id='word_1_315' title='bbox 147 3741 263 3806; x_wconf 83' lang='lat' dir='ltr'><strong>Pacata</strong></span> <span class='ocrx_word' id='word_1_316' title='bbox 285 3745 451 3826; x_wconf 84' lang='lat' dir='ltr'><strong>prouincia,</strong></span> <span class='ocrx_word' id='word_1_317' title='bbox 476 3743 637 3825; x_wconf 80' lang='lat' dir='ltr'><strong>vectigalis</strong></span> <span class='ocrx_word' id='word_1_318' title='bbox 662 3763 775 3822; x_wconf 85' lang='lat' dir='ltr'><strong>magna</strong></span> <span class='ocrx_word' id='word_1_319' title='bbox 795 3741 929 3804; x_wconf 89' lang='lat' dir='ltr'><strong>instituit</strong></span> <span class='ocrx_word' id='word_1_320' title='bbox 954 3742 981 3786; x_wconf 78' lang='lat'><strong>⁷⁰</strong></span> <span class='ocrx_word' id='word_1_321' title='bbox 997 3759 1036 3800; x_wconf 88' lang='lat' dir='ltr'><strong>ex</strong></span> <span class='ocrx_word' id='word_1_322' title='bbox 1062 3739 1194 3802; x_wconf 80' lang='lat' dir='ltr'><strong>ferrariis</strong></span> 
     </span>
     <span class='ocr_line' id='line_1_41' title="bbox 149 3824 1195 3914; baseline -0.009 -21"><span class='ocrx_word' id='word_1_323' title='bbox 149 3831 411 3914; x_wconf 76' lang='lat' dir='ltr'><strong>argentariisque3</strong></span> <span class='ocrx_word' id='word_1_324' title='bbox 434 3831 542 3912; x_wconf 88' lang='lat' dir='ltr'><strong>quibus</strong></span> <span class='ocrx_word' id='word_1_325' title='bbox 558 3841 623 3890; x_wconf 82' lang='lat' dir='ltr'><strong>num</strong></span> <span class='ocrx_word' id='word_1_326' title='bbox 637 3828 796 3903; x_wconf 88' lang='lat' dir='ltr'><strong>institutis,</strong></span> <span class='ocrx_word' id='word_1_327' title='bbox 808 3825 990 3910; x_wconf 88' lang='lat' dir='ltr'><strong>locupletior</strong></span> <span class='ocrx_word' id='word_1_328' title='bbox 1001 3824 1033 3884; x_wconf 92' lang='lat' dir='ltr'><strong>in</strong></span> <span class='ocrx_word' id='word_1_329' title='bbox 1047 3825 1111 3887; x_wconf 87' lang='lat' dir='ltr'><strong>dies</strong></span> <span class='ocrx_word' id='word_1_330' title='bbox 1123 3845 1195 3906; x_wconf 89' lang='lat' dir='ltr'><strong>pro·</strong></span> 
     </span>
     <span class='ocr_line' id='line_1_42' title="bbox 147 3909 1196 3998; baseline -0.01 -18"><span class='ocrx_word' id='word_1_331' title='bbox 147 3915 251 3980; x_wconf 73' lang='lat' dir='ltr'><strong>vnete</strong></span> <span class='ocrx_word' id='word_1_332' title='bbox 273 3916 341 3980; x_wconf 85' lang='lat' dir='ltr'><strong>fuit.</strong></span> <span class='ocrx_word' id='word_1_333' title='bbox 384 3916 433 3978; x_wconf 92' lang='lat' dir='ltr'><strong>Ob</strong></span> <span class='ocrx_word' id='word_1_334' title='bbox 456 3917 512 3978; x_wconf 86' lang='lat' dir='ltr'><strong>has</strong></span> <span class='ocrx_word' id='word_1_335' title='bbox 535 3935 582 3977; x_wconf 88' lang='lat' dir='ltr'><strong>res</strong></span> <span class='ocrx_word' id='word_1_336' title='bbox 601 3927 703 3998; x_wconf 68' lang='lat' dir='ltr'><strong>gaam</strong></span> <span class='ocrx_word' id='word_1_337' title='bbox 719 3915 750 3975; x_wconf 89' lang='lat' dir='ltr'><strong>in</strong></span> <span class='ocrx_word' id='word_1_338' title='bbox 772 3911 923 3996; x_wconf 85' lang='lat' dir='ltr'><strong>Hispania</strong></span> <span class='ocrx_word' id='word_1_339' title='bbox 941 3909 1196 3992; x_wconf 85' lang='lat' dir='ltr'><strong>supplicationem</strong></span> 
     </span>
    </p>

    <p class='ocr_par' dir='ltr' id='par_1_4' title="bbox 108 4000 670 4066">
     <span class='ocr_line' id='line_1_43' title="bbox 108 4000 670 4066; baseline 0.002 -4"><span class='ocrx_word' id='word_1_340' title='bbox 108 4055 111 4062; x_wconf 88' lang='lat'>.</span> <span class='ocrx_word' id='word_1_341' title='bbox 146 4000 180 4063; x_wconf 91' lang='lat' dir='ltr'><strong>in</strong></span> <span class='ocrx_word' id='word_1_342' title='bbox 194 4001 329 4064; x_wconf 78' lang='lat' dir='ltr'><strong>triduum</strong></span> <span class='ocrx_word' id='word_1_343' title='bbox 344 4003 448 4066; x_wconf 83' lang='lat' dir='ltr'><strong>Patres</strong></span> <span class='ocrx_word' id='word_1_344' title='bbox 464 4003 670 4064; x_wconf 85' lang='lat' dir='ltr'><strong>decreverunt.</strong></span> 
     </span>
    </p>

    <p class='ocr_par' dir='ltr' id='par_1_5' title="bbox 135 4079 1367 4372">
     <span class='ocr_line' id='line_1_44' title="bbox 189 4079 1365 4210; baseline -0.008 -61"><span class='ocrx_word' id='word_1_345' title='bbox 189 4085 295 4150; x_wconf 87' lang='lat' dir='ltr'><strong>XXll.</strong></span> <span class='ocrx_word' id='word_1_346' title='bbox 316 4087 434 4152; x_wconf 80' lang='lat' dir='ltr'><strong>Eadem</strong></span> <span class='ocrx_word' id='word_1_347' title='bbox 456 4099 560 4152; x_wconf 75' lang='lat' dir='ltr'><strong>estate</strong></span> <span class='ocrx_word' id='word_1_348' title='bbox 583 4087 661 4150; x_wconf 85' lang='lat' dir='ltr'><strong>alter</strong></span> <span class='ocrx_word' id='word_1_349' title='bbox 683 4086 788 4149; x_wconf 78' lang='lat' dir='ltr'><strong>cornui</strong></span> <span class='ocrx_word' id='word_1_350' title='bbox 809 4082 846 4145; x_wconf 81' lang='lat' dir='ltr'><strong>L.</strong></span> <span class='ocrx_word' id='word_1_351' title='bbox 860 4081 999 4146; x_wconf 84' lang='lat' dir='ltr'><strong>Valerius</strong></span> <span class='ocrx_word' id='word_1_352' title='bbox 1015 4079 1142 4144; x_wconf 85' lang='lat' dir='ltr'><strong>Flaccus</strong></span> <span class='ocrx_word' id='word_1_353' title='bbox 1164 4081 1196 4142; x_wconf 88' lang='lat' dir='ltr'><strong>in</strong></span> <span class='ocrx_word' id='word_1_354' title='bbox 1209 4093 1365 4210; x_wconf 51' lang='lat' dir='ltr'><strong>{w</strong></span> 
     </span>
     <span class='ocr_line' id='line_1_45' title="bbox 135 4171 1365 4210; baseline 0.001 -4"><span class='ocrx_word' id='word_1_355' title='bbox 135 4197 139 4206; x_wconf 88' lang='lat'>.</span> <span class='ocrx_word' id='word_1_356' title='bbox 1233 4177 1266 4210; x_wconf 68' lang='lat' dir='ltr'><strong>ss.</strong></span> <span class='ocrx_word' id='word_1_357' title='bbox 1362 4171 1365 4186; x_wconf 78' lang='lat'>⁸</span> 
     </span>
     <span class='ocr_line' id='line_1_46' title="bbox 142 4211 1367 4312; baseline 0 -18"><span class='ocrx_word' id='word_1_358' title='bbox 142 4247 145 4254; x_wconf 94' lang='lat'>·</span> <span class='ocrx_word' id='word_1_359' title='bbox 184 4243 210 4283; x_wconf 77' lang='lat' dir='ltr'><strong>a</strong></span> <span class='ocrx_word' id='word_1_360' title='bbox 226 4245 242 4276; x_wconf 88' lang='lat'><strong>·</strong></span> <span class='ocrx_word' id='word_1_361' title='bbox 261 4245 383 4296; x_wconf 61' lang='lat' dir='ltr'><strong>emesa</strong></span> <span class='ocrx_word' id='word_1_362' title='bbox 400 4246 458 4310; x_wconf 63' lang='lat' dir='ltr'><strong>aa]</strong></span> <span class='ocrx_word' id='word_1_363' title='bbox 482 4246 602 4312; x_wconf 67' lang='lat' dir='ltr'><strong>supera</strong></span> <span class='ocrx_word' id='word_1_364' title='bbox 623 4255 660 4292; x_wconf 69' lang='lat' dir='ltr'><strong>aa</strong></span> <span class='ocrx_word' id='word_1_365' title='bbox 724 4241 749 4280; x_wconf 72' lang='lat' dir='ltr'><strong>a</strong></span> <span class='ocrx_word' id='word_1_366' title='bbox 764 4239 800 4290; x_wconf 69' lang='lat' dir='ltr'><strong>aa</strong></span> <span class='ocrx_word' id='word_1_367' title='bbox 811 4239 920 4305; x_wconf 63' lang='lat' dir='ltr'><strong>fessas</strong></span> <span class='ocrx_word' id='word_1_368' title='bbox 933 4237 1118 4303; x_wconf 61' lang='lat' dir='ltr'><strong>agamiam]</strong></span> <span class='ocrx_word' id='word_1_369' title='bbox 1133 4225 1290 4286; x_wconf 56' lang='lat' dir='ltr'><strong>aarum</strong></span> <span class='ocrx_word' id='word_1_370' title='bbox 1348 4211 1367 4294; x_wconf 66' lang='grc' dir='ltr'><strong>,ζ</strong></span> 
     </span>
     <span class='ocr_line' id='line_1_47' title="bbox 150 4303 1200 4372; baseline -0.01 -11"><span class='ocrx_word' id='word_1_371' title='bbox 150 4313 262 4372; x_wconf 56' lang='lat' dir='ltr'><strong>tmpus.</strong></span> <span class='ocrx_word' id='word_1_372' title='bbox 288 4311 407 4361; x_wconf 62' lang='lat' dir='ltr'><strong>maren</strong></span> <span class='ocrx_word' id='word_1_373' title='bbox 417 4311 661 4362; x_wconf 65' lang='lat' dir='ltr'><strong>samosathaenu-</strong></span> <span class='ocrx_word' id='word_1_374' title='bbox 691 4305 871 4356; x_wconf 78' lang='lat' dir='ltr'><strong>ntsetoffltinis</strong></span> <span class='ocrx_word' id='word_1_375' title='bbox 886 4305 916 4352; x_wconf 80' lang='lat' dir='ltr'><strong>sd</strong></span> <span class='ocrx_word' id='word_1_376' title='bbox 934 4303 1022 4352; x_wconf 80' lang='lat' dir='ltr'><strong>lenum</strong></span> <span class='ocrx_word' id='word_1_377' title='bbox 1037 4314 1061 4350; x_wconf 83' lang='lat' dir='ltr'><strong>et</strong></span> <span class='ocrx_word' id='word_1_378' title='bbox 1079 4316 1200 4363; x_wconf 56' lang='lat' dir='ltr'><strong>uterum</strong></span> 
     </span>
    </p>
   </div>
   <div class='ocr_carea' id='block_1_3' title="bbox 150 4369 1200 4507">
    <p class='ocr_par' dir='ltr' id='par_1_6' title="bbox 150 4369 1200 4507">
     <span class='ocr_line' id='line_1_48' title="bbox 150 4369 1200 4441; baseline -0.01 -15"><span class='ocrx_word' id='word_1_379' title='bbox 150 4375 284 4426; x_wconf 63' lang='lat' dir='ltr'><strong>mro</strong></span> <span class='ocrx_word' id='word_1_380' title='bbox 293 4376 612 4441; x_wconf 69' lang='lat' dir='ltr'><strong>pasitrs&#39;rgalficatrsgionem</strong></span> <span class='ocrx_word' id='word_1_381' title='bbox 620 4391 659 4440; x_wconf 81' lang='lat' dir='ltr'><strong>pa-</strong></span> <span class='ocrx_word' id='word_1_382' title='bbox 693 4372 830 4428; x_wconf 78' lang='lat' dir='ltr'><strong>eruendum,</strong></span> <span class='ocrx_word' id='word_1_383' title='bbox 859 4369 1043 4433; x_wconf 78' lang='lat' dir='ltr'><strong>excoquendum,</strong></span> <span class='ocrx_word' id='word_1_384' title='bbox 1074 4381 1200 4433; x_wconf 70' lang='lat' dir='ltr'><strong>expurgas-</strong></span> 
     </span>
     <span class='ocr_line' id='line_1_49' title="bbox 150 4435 924 4507; baseline -0.008 -15"><span class='ocrx_word' id='word_1_385' title='bbox 150 4450 245 4492; x_wconf 71' lang='lat' dir='ltr'><strong>unua</strong></span> <span class='ocrx_word' id='word_1_386' title='bbox 257 4441 375 4491; x_wconf 69' lang='lat' dir='ltr'><strong>masia</strong></span> <span class='ocrx_word' id='word_1_387' title='bbox 692 4435 924 4507; x_wconf 71' lang='lat' dir='ltr'><strong>dumqneinntrutis.</strong></span> 
     </span>
    </p>
   </div>
   <div class='ocr_carea' id='block_1_4' title="bbox 0 0 1576 5204">
    <p class='ocr_par' dir='ltr' id='par_1_7' title="bbox 0 0 1576 5204">
     <span class='ocr_line' id='line_1_50' title="bbox 0 0 1576 5204; baseline 0 0"><span class='ocrx_word' id='word_1_388' title='bbox 0 0 1576 5204; x_wconf 95' lang='lat' dir='ltr'><strong> </strong></span> 
     </span>
    </p>
   </div>
  </div>
 </body>
</html>
