3026 5164
347 364 406 418 5⁰0
479 385 484 394 ¹
675 403 678 412 .
730 359 845 420 ΔΤΙΤΙ
868 358 967 418 [nvn

185 526 325 578 11.c.573.
349 513 415 576 dita
433 535 555 576 suorum
578 514 677 592 clade,
701 514 814 593 missis,
831 515 883 597 qui
906 513 999 574 fidem
1017 511 1151 574 venienti
1178 510 1211 570 in
1235 519 1336 572 castra
1354 510 1388 574 ad

186 599 216 648 Α·
228 593 258 640 ⁰·
272 591 325 642 ¹⁷⁹·
350 597 522 662 Gracchum
538 611 686 682 peterent,
701 600 794 661 veuit.
815 611 847 662 et
866 600 999 682 primurn
1013 597 1181 681 ⁷⁸quaesivit
1203 596 1244 657 ab
1263 615 1313 673 eo,
1335 597 1390 657 ‘ne

350 687 433 748 ‘sibi
454 686 560 748 liceret
582 705 618 746 ac
640 685 701 746 suis
723 683 858 747 viverel'
889 704 980 766 quum
1001 696 1111 766 praetor
1132 680 1322 743 ‘victurum'
1347 703 1391 742 re-

349 768 1308 938 usntsnssnnnsnlensulte
1322 767 1395 913 lc

1004 902 1014 933 2
1159 900 1170 932 2

351 942 519 1004 ‘adversus
533 954 650 1004 veteres
665 943 763 1003 socios
781 961 876 1020 meos,
891 942 1035 1022 quoniam
1058 941 1127 1002 illos
1151 939 1190 1000 ad
1207 959 1264 1000 ¹nre
1287 943 1315 986 ⁷⁹
1328 959 1396 1020 pro·

352 1027 465 1110 ‘piunt
486 1026 659 1110 suspicere!
713 1026 842 1090 Secutus
866 1038 912 1088 cst
929 1027 1001 1088 inde
1024 1025 1190 1102 Romanos,
1206 1025 1344 1106 sortique
1363 1045 1396 1085 ac

348 1112 434 1188 fideli
447 1133 541 1196 opera
556 1114 658 1176 multis
672 1114 747 1175 locis
763 1133 827 1175 rern
843 1112 1014 1176 Murenam
1029 1111 1155 1193 adjuvit.

394 1197 430 1262 L.
445 1198 599 1280 Ergariu'¹
619 1200 701 1277 inde,
717 1199 828 1261 nobilis
852 1210 885 1260 et
898 1210 1007 1282 potens
1029 1198 1145 1274 civitas,
1168 1199 1301 1258 aliorum
1316 1197 1399 1258 circa

351 1284 531 1367 populorum
551 1285 686 1348 cladibus
708 1286 823 1362 territa,
845 1297 946 1368 portas
970 1283 1087 1366 aperuit
1106 1282 1265 1344 Romanis.
1318 1280 1395 1342 Eam

350 1369 538 1433 deditionem
560 1371 742 1454 oppidorum
758 1371 840 1432 haud
861 1391 930 1432 cum
952 1369 1012 1431 lide
1032 1369 1158 1446 factam,
1173 1369 1300 1448 quidam
1323 1387 1396 1428 auc-

351 1465 432 1520 tores
446 1470 528 1518 sunt.
550 1478 567 1518 e
586 1476 647 1539 qua
662 1457 786 1538 regione
801 1456 976 1518 abduxisset
990 1455 1135 1535 legiones,
1150 1453 1310 1535 extemplo
1324 1453 1398 1514 inde

351 1542 539 1620 rebellatum,
555 1563 725 1623 magnoque
747 1561 816 1602 eum
832 1555 939 1621 postca
954 1541 1061 1623 proelio
1083 1538 1122 1601 ud
1138 1551 1275 1602 montem
1291 1538 1396 1601 Chau-

350 1638 445 1687 num²¹
460 1648 530 1688 curn
541 1627 700 1689 Celtiberis
715 1649 734 1688 a
749 1627 848 1708 prima
862 1628 930 1688 luce
944 1627 984 1687 ad
999 1638 1117 1687 sextam
1133 1626 1241 1687 horam
1255 1626 1319 1686 diei
1333 1626 1396 1708 sig-

349 1711 397 1772 nis
411 1712 541 1774 conlatis
551 1733 714 1794 pugnasse3
737 1711 850 1774 multos
865 1713 1015 1793 utrimque
1030 1711 1186 1772 cecidisse.
1202 1714 1229 1750 ³⁰
1239 1733 1297 1773 nec
1312 1712 1395 1773 aliud

344 1803 546 1879 magnopere,
561 1819 600 1859 ne
620 1799 716 1860 victos
738 1800 886 1876 crederes,
908 1798 1013 1860 fecisse
1032 1795 1225 1876 Romanum,
1236 1798 1295 1858 nisi
1311 1797 1394 1878 quod

349 1893 473 1963 postero
499 1883 549 1944 dic
573 1883 760 1946 lacessierint
782 1884 889 1964 proelio
915 1886 938 1922 ⁸¹
951 1895 1108 1944 manentes
1134 1884 1215 1944 intra
1240 1883 1353 1944 vallum
1366 1895 1394 1960 ²;

341 1968 447 2049 ,spolia
465 1989 518 2050 per
541 1979 640 2030 totum
665 1970 746 2032 diem
770 1968 935 2051 legerint⁴¹3
959 1969 1051 2030 tertio
1072 1969 1122 2029 die
1145 1969 1254 2050 proelio
1277 1969 1394 2050 majore

349 2051 461 2114 iterum
483 2065 666 2136 pugnaturn3
696 2066 729 2117 et
749 2065 814 2116 tum
831 2054 954 2116 demum
973 2053 1055 2114 haud
1079 2053 1169 2115 dubie
1183 2056 1283 2116 victos
1298 2053 1393 2116 Celti-

350 2138 448 2216 beros,
464 2151 622 2223 castraque
641 2161 746 2202 eorum
762 2152 853 2222 capta
873 2153 906 2202 et
926 2139 1046 2221 direpta
1066 2161 1142 2200 esse.
1198 2137 1315 2222 Viginti
1330 2142 1392 2202 duo

350 2223 445 2286 millia
458 2225 592 2286 hostium
612 2246 650 2287 eo
672 2225 721 2286 dic
742 2246 808 2286 esse
824 2246 910 2302 cess,
925 2225 993 2308 plus
1008 2236 1161 2287 trecentos
1176 2239 1304 2308 captos:
1335 2247 1392 2309 pa·

350 2330 414 2371 rern
434 2309 496 2372 fere
516 2329 662 2391 cquorum
684 2331 861 2389 numerum3
886 2323 918 2374 et
935 2311 1023 2393 signa
1038 2310 1182 2373 militaria
1197 2313 1394 2395 septuaginta

350 2395 420 2458 duo.
447 2395 518 2458 inde
546 2397 742 2476 debellatum,
768 2399 794 2436 θ’
806 2417 966 2477 veramque
996 2417 1114 2479 pacem,
1143 2418 1206 2459 non
1236 2397 1328 2477 fluxa,
1358 2410 1394 2460 ut

349 2493 432 2558 arete,
455 2481 526 2560 fide,
549 2480 717 2545 Celtiberos
740 2483 857 2546 fecisse.
883 2553 887 2558 ,
916 2481 1031 2544 Eadem
1052 2494 1156 2545 estete
1178 2497 1211 2548 et
1230 2483 1265 2545 L.
1282 2483 1393 2547 Postu·

348 2566 443 2627 mium
466 2569 497 2628 in
520 2566 669 2650 Hispania
689 2568 833 2630 ulteriore
857 2569 902 2630 bis
924 2589 993 2630 cum
1014 2566 1149 2630 Vaccaeis
1161 2572 1287 2652 egregie
1311 2591 1393 2653 pug-

348 2671 436 2714 nasse
450 2652 595 2715 scribunt.
617 2654 656 2714 ad
672 2655 799 2734 triginta
820 2667 852 2718 et
872 2656 1005 2736 quinque
1027 2655 1122 2717 millia
1136 2656 1288 2718 hostiuml
1302 2657 1392 2717 occi·

348 2734 438 2814 disse,
452 2739 478 2776 ⁸³
489 2749 522 2800 et
534 2749 635 2800 castra
648 2739 850 2820 obpugnasse.
894 2743 920 2780 ⁸⁴
932 2739 1059 2822 Propius
1081 2761 1147 2804 vero
1167 2753 1221 2819 est,
1235 2743 1329 2804 serius
1349 2743 1384 2803 in

382 2911 515 3025 'Ergavica
525 2914 599 2964 Doer.
647 2913 775 2964 *casnm
792 2917 866 2964 Gron.
877 2918 945 2965 Crev.
995 2877 1145 2980 rmaegnopm
1159 2918 1244 2964 dmm
1252 2913 1327 2979 suine
1341 2913 1393 2962 llo·

348 2993 428 3088 mrsu,
460 2988 569 3092 pamm:
570 2989 686 3094 ”pringins
696 2982 756 3029 iutra
765 2981 849 3029 mum
855 2982 932 3043 prelio
942 2981 1237 3030 mammotrectus.
1285 2981 1394 3044 *legum

381 3171 405 3208 ⁷⁸
420 3171 525 3226 ercsioit
549 3174 577 3222 ab
597 3191 630 3234 eo,
655 3190 682 3222 ne
707 3175 745 3222 sibi
770 3174 855 3239 meret]
888 3172 1007 3231 Gronovd,
1021 3175 1094 3232 nobis,
1107 3187 1134 3224 ut
1150 3172 1319 3232 secretionis
1334 3188 1394 3223 con·

350 3235 405 3284 Non
421 3237 574 3303 improbabilis
589 3251 624 3287 est
637 3237 721 3288 Clcrici
736 3242 854 3304 conjectu·
887 3251 976 3287 textum
995 3240 1135 3288 admittenda
1152 3241 1200 3287 visa
1218 3251 1264 3298 ert,
1281 3254 1351 3302 quum
1369 3251 1398 3286 ct

351 3316 390 3348 ra:
413 3303 633 3363 cenomannensi
643 3305 723 3352 Horra.
887 3319 980 3351 uncum
989 3306 1100 3366 optimum
1112 3305 1208 3362 efficiar,
1216 3304 1395 3368 necprotulsb·

349 3379 353 3388 ·
383 3365 650 3430 ⁷⁹Pmpirmrrvrrpuicers]
667 3368 796 3418 Gronovius
805 3385 855 3416 sur·
887 3368 1069 3417 ludataveteris
1083 3369 1319 3433 scripturnrescigiis.

367 3430 448 3487 icatur,
462 3434 538 3496 piguit
553 3436 667 3492 renricrre:
688 3448 767 3495 pamm
786 3436 854 3483 clarc.
919 3434 940 3468 ⁸¹
954 3432 1068 3482 Manantes
1078 3437 1138 3484 irum
1149 3434 1242 3494 nmium]
1267 3433 1397 3484 Celtiberos

378 3496 427 3544 obis
441 3497 511 3546 ratius
526 3496 615 3544 videtur
631 3498 654 3544 in
672 3499 784 3562 ejusmodi
799 3498 855 3549 locis
884 3499 961 3558 prelio
970 3499 1097 3546 munierint
1110 3497 1214 3548 Romrni.

336 3585 339 3592 ·
350 3559 427 3617 silere,
436 3575 502 3622 quam
518 3563 618 3610 incertas
633 3563 755 3610 admodum
766 3575 855 3611 tentare
920 3561 943 3595 ⁸2
955 3561 1070 3623 lbromqas
1076 3579 1150 3624 paren
1207 3559 1394 3626 Celtiberoisreir-

351 3627 502 3688 conJ'ctturas.
534 3627 642 3674 ‘Serme
653 3637 730 3689 patet:
749 3629 854 3690 quoniam
886 3623 919 3690 u]
939 3626 1047 3688 Repoeuit
1058 3627 1164 3686 Sigonius
1165 3627 1247 3690 serim
1254 3644 1296 3692 pro
1298 3627 1381 3690 suine.

351 3687 401 3736 illos
412 3705 492 3754 parum
504 3691 623 3748 nut'fidor,
636 3704 676 3740 eut
688 3702 797 3756 potenter
812 3708 854 3741 ex-
921 3689 988 3766 ”Et
1003 3699 1075 3740 sacra
1091 3691 1234 3755 spyrrrgmrrr]
1258 3693 1321 3752 Lege
1338 3707 1395 3740 cum

349 3763 568 3868 ”affinitur
586 3837 721 3885 magnopere,
742 3837 770 3869 ns
789 3824 855 3870 victor
888 3753 1182 3879 Granodlbpelrlilgciiomist
1209 3822 1277 3868 serias
1296 3823 1322 3869 s'rr
1340 3838 1396 3884 pno-

349 3885 452 3943 crrdercs,
467 3885 547 3947 secisse
568 3883 685 3948 Romanos]
712 3885 765 3934 Nec
792 3885 853 3934 aliud
885 3885 978 3931 vinciam
1003 3883 1136 3946 priamum]
1167 3885 1223 3932 Non
1245 3886 1397 3948 intelligimus

350 3949 397 3998 lere
407 3952 488 3999 secisse
499 3949 621 4007 Romanos,
628 3949 687 4000 unde
697 3963 802 4013 appareat
813 3965 852 3998 eos
885 3948 999 4012 quomodo
1018 3948 1039 3993 id
1061 3964 1074 3994 a
1093 3947 1157 3996 livio
1175 3950 1221 3997 dici
1231 3953 1342 4012 potuerit,
1351 3951 1395 4014 qen

349 4029 395 4062 non
412 4017 483 4064 fuisse
498 4016 578 4063 victos.
621 4013 721 4068 ‘r'l'orus
737 4013 774 4064 hic
789 4016 852 4063 locus
884 4013 1029 4066 Poensmium
1049 4014 1165 4075 superiore
1185 4029 1246 4063 suso
1260 4017 1347 4065 recha
1368 4017 1394 4064 in

348 4080 502 4129 miserendum
520 4082 543 4128 in
562 4081 655 4126 modum
671 4077 761 4127 luuntur
776 4092 800 4128 et
811 4082 851 4128 de·
885 4077 1019 4142 Hispaniam
1036 4080 1172 4126 memorarit
1187 4095 1256 4144 repre
1274 4095 1295 4128 c.
1310 4081 1350 4130 39.
1368 4095 1395 4132 et

347 4143 457 4194 formatus
471 4157 520 4194 eret
534 4145 557 4192 in
570 4145 709 4192 Germanico
719 4145 850 4207 exemplari.
883 4141 926 4190 hoc
944 4144 992 4206 ipro
1008 4157 1068 4189 anno
1087 4157 1132 4190 non
1149 4143 1242 4192 obscure
1260 4145 1347 4194 indicet
1361 4145 1393 4192 il.

344 4206 385 4254 Sic
395 4224 479 4276 nempe
489 4227 515 4260 sc
529 4209 638 4265 babebat,
646 4219 706 4258 rests
719 4209 849 4258 Gronovius
883 4208 929 4254 lurn
941 4210 1023 4256 codem
1034 4218 1137 4270 tempore
1149 4210 1172 4255 ln
1182 4209 1289 4258 Vnccaeos
1299 4209 1393 4272 prosec-

345 4286 385 4318 occ
396 4275 460 4322 olirrd
468 4289 595 4339 magnopere
604 4273 685 4322 ber-lice
699 4276 794 4322 meres
803 4273 849 4336 fr·
881 4283 931 4319 rum
940 4288 1001 4332 esse,
1013 4287 1059 4334 quo
1070 4271 1191 4322 Gracclrru
1202 4275 1226 4320 in
1240 4275 1321 4322 ultima
1333 4273 1393 4323 Cel·

344 4333 506 4396 tumor,
518 4341 561 4386 nisi
573 4342 612 4401 qur·
624 4339 848 4399 praermdirorcrni-
881 4337 969 4384 riberie
980 4337 1148 4400 profectuose.
1186 4337 1242 4386 Hoc
1253 4349 1279 4387 et
1290 4339 1394 4386 Glarea-

344 4401 402 4448 erint
416 4413 524 4452 normes·
534 4405 609 4464 nulio
619 4405 686 4463 epodo
695 4405 755 4451 intra
766 4404 849 4451 muna
881 4417 924 4448 nur
933 4403 1098 4451 observaverat.
1124 4403 1161 4450 Ex
1173 4402 1277 4466 ejusdem
1288 4404 1317 4451 rd
1329 4403 1397 4452 hunc

341 4479 383 4528 prr
403 4472 471 4514 totius
491 4469 548 4517 dion
569 4468 658 4533 ugnus.
713 4465 848 4518 Emendatio
879 4465 1019 4518 lccumnota
1035 4467 1163 4532 apparetis
1180 4469 1209 4516 iu
1222 4483 1275 4532 quse
1285 4470 1394 4536 proxime
