3026 5164
355 395 415 448 416
776 385 860 444 ΤΙΤῙ
880 384 982 444 LlVll

190 545 224 596 u·
234 545 262 596 C·
275 549 330 598 δῶ·
353 543 494 608 ‘mulieri
509 542 624 628 injuria
635 542 732 620 lieret,
749 543 853 624 utique
868 553 936 604 tuto
952 551 1042 602 esset.
1065 539 1097 602 id
1112 549 1251 602 senatum
1266 539 1356 616 velle,
1373 549 1407 601 et

188 614 221 663 A.
233 611 263 663 ⁰·
277 615 329 664 ¹⁸⁶·
352 634 494 716 ‘equum
514 653 647 709 censere,
669 641 704 692 ut
726 620 770 692 ita
784 627 891 692 lieret'
944 627 991 690 Ea
1011 628 1116 690 omnia
1130 627 1195 690 lata
1211 627 1403 712 aduplebem,

353 721 493 802 factaque
509 731 579 781 sunt
593 738 631 780 ex
646 717 926 792 senatusconsulto;
957 728 990 779 et
1012 715 1049 777 de
1073 727 1244 778 ceterorum
1267 713 1405 777 indicum

352 807 523 890 inpunitate
538 805 729 889 praemiisque
744 805 918 866 consulibus
934 803 1115 886 permissum
1130 813 1185 865 est.

394 893 466 956 XX.
488 893 530 955 Et
552 892 618 974 jam
640 891 679 963 Q.
694 891 841 969 Marcius,
858 891 1073 972 quaestionibus
1097 911 1156 952 suae
1176 889 1313 971 regionis
1334 911 1404 972 per·

352 982 452 1060 fectis,
475 980 506 1041 in
530 979 655 1061 Ligures
670 979 856 1062 provinciam
872 977 1023 1060 proficisci
1037 979 1166 1061 parabat
1175 999 1185 1056 3
1217 977 1317 1039 tribus
1333 977 1404 1038 mil-

351 1068 429 1130 libus
460 1067 598 1149 peditum
628 1065 846 1142 Romanorum,
882 1077 1006 1126 eentum
1037 1065 1259 1146 quinquaginta
1289 1064 1403 1145 equiti·

351 1155 418 1233 bus,
445 1165 476 1216 et
500 1155 631 1235 quinque
655 1153 788 1215 millibus
811 1150 914 1214 Latini
935 1153 1065 1214 nominis
1089 1153 1237 1234 peditum,
1260 1151 1402 1213 ducentis

352 1242 502 1324 equitibus
535 1241 568 1301 in
604 1241 848 1323 supplementum
877 1241 1021 1321 acceptis.
1087 1237 1205 1300 Eadem
1234 1238 1404 1322 provincia,

352 1329 436 1392 idem
468 1349 610 1390 numerus
640 1327 778 1410 peditum
810 1327 1006 1408 equitumque
1039 1336 1071 1387 et
1104 1326 1229 1407 colleg-<e
1260 1326 1403 1388 decretus

352 1429 429 1479 erat.
477 1414 637 1477 Exercitus
658 1425 853 1497 acceperunt,
873 1433 948 1494 quos
968 1413 1068 1497 priore
1084 1433 1165 1475 anno
1181 1413 1218 1475 C.
1232 1411 1402 1474 flaminius

352 1515 384 1566 et
406 1500 452 1565 M.
467 1500 611 1564 AEmilius
632 1503 770 1564 consules
790 1502 972 1563 habuerunt.
999 1502 1074 1563 duas
1096 1513 1242 1584 praeterea
1264 1500 1403 1586 legiones

352 1611 445 1653 novas
461 1611 500 1653 ex
514 1589 776 1652 senatusconsulto
797 1589 928 1650 scribere
945 1587 1020 1671 jussi
1041 1601 1126 1650 sunt:
1158 1600 1189 1651 et
1203 1587 1315 1670 viginti
1332 1588 1402 1648 mil·

351 1677 393 1739 lia
413 1677 549 1760 peditum
570 1677 660 1739 sociis
682 1687 714 1738 et
736 1677 853 1738 nomini
873 1675 984 1738 Latino
1007 1676 1206 1759 imperarunt,
1228 1685 1260 1736 et
1281 1675 1400 1756 equites

352 1765 436 1826 mille
458 1776 623 1843 trecentos,
645 1765 713 1825 ⁷⁸et
738 1764 798 1825 tria
821 1763 916 1824 millia
936 1762 1074 1846 peditum
1096 1761 1321 1840 Romanorum,
1345 1762 1399 1824 du-

352 1864 458 1914 centos
484 1853 611 1933 equites.
635 1857 736 1914 totum
759 1851 839 1912 hunc
866 1850 1043 1928 exercitum,
1066 1862 1173 1933 praeter
1195 1850 1349 1932 legiones,
1370 1850 1400 1910 in

352 1939 597 2022 supplementum
619 1935 831 2020 Hispaniensis
857 1938 1007 2000 exercitus
1030 1937 1098 1998 duci
1123 1937 1275 2019 placebat.
1299 1937 1401 2018 itaque

353 2027 492 2088 consules
518 2026 591 2087 dum
616 2026 674 2108 ipsi
697 2024 910 2108 quaestionibus
934 2024 1175 2108 inpediebantur,
1197 2021 1237 2084 Τ.
1253 2021 1399 2085 Maenium

352 2113 483 2174 delectui
499 2113 641 2176 habendo
656 2111 861 2197 praefecerunt.
916 2109 1061 2174 Perfectis
1077 2111 1304 2194 questionibus,
1320 2112 1398 2192 prior

186 2199 333 2281 aitqaue
352 2199 391 2270 Q.
424 2197 560 2262 Marcius
596 2202 625 2262 in
659 2199 785 2282 Ligures
822 2198 967 2283 Apuanos
1001 2212 1049 2261 est
1085 2197 1249 2299 prolectps.
1318 2195 1399 2260 Dum

185 2267 330 2384 :iffiff
351 2287 482 2369 penitus,
505 2291 532 2334 ⁷⁹
545 2288 576 2348 in
607 2287 726 2349 abditos
759 2287 863 2364 saltus,
892 2307 958 2371 quae
994 2287 1116 2348 latebrae
1147 2284 1399 2368 receptaculaque

186 2413 233 2450 m,
352 2395 470 2456 semper
500 2375 558 2455 illis
585 2374 718 2452 fuerant,
745 2375 952 2456 persequitur3
983 2374 1015 2435 in
1041 2373 1260 2457 praeoccupatis
1288 2393 1400 2455 angus-

351 2461 412 2539 tiis,
438 2462 508 2522 loco
537 2461 641 2542 iniquo
668 2471 715 2522 est
736 2462 968 2523 circumventus.
995 2473 1126 2542 quatuor
1148 2462 1245 2523 millia
1268 2461 1399 2524 militum

352 2548 482 2625 amissa3
514 2559 546 2610 et
561 2548 689 2629 legionis
708 2547 848 2610 secundae
866 2549 953 2630 signa
970 2549 1040 2627 tria,
1058 2546 1198 2609 undecim
1216 2548 1327 2609 vexilla
1347 2555 1398 2609 sd-

352 2634 432 2695 cium
463 2633 566 2696 Latini
592 2634 723 2696 nominis
752 2635 784 2695 in
808 2647 992 2716 potestatem
1019 2635 1154 2696 hostium
1182 2647 1335 2711 venerunt,
1363 2647 1396 2695 et

352 2741 437 2782 arma
457 2721 564 2800 multa,
589 2741 664 2802 quae,
688 2722 761 2801 quia
783 2722 993 2805 inpedimento
1012 2721 1197 2803 fugientibus
1217 2742 1269 2802 per
1287 2721 1391 2782 silves-

353 2821 415 2870 tres
439 2809 562 2870 semitas
584 2821 681 2885 erant,
708 2801 821 2889 passim
846 2807 1052 2890 jactabantur.
1075 2809 1157 2891 prius
1178 2807 1313 2891 sequendi
1334 2805 1388 2868 Li-

351 2915 442 2976 gures
467 2894 570 2974 linem,
597 2916 687 2976 quam
718 2894 795 2976 fugae
821 2894 963 2974 Romani,
988 2895 1137 2958 fecerunt.
1194 2894 1315 2972 Consul,
1339 2895 1393 2958 ubi

351 2982 481 3063 primurn
502 3003 541 3044 ex
556 2983 690 3044 hostium
708 3003 781 3064 agro
801 2984 907 3060 evasit,
926 3004 977 3061 ne,
995 2995 1143 3064 quantum
1161 2981 1322 3044 deminutae
1340 3005 1394 3043 co-

351 3069 408 3150 piae
431 3069 542 3145 forent,
566 3069 737 3152 adpareret,
764 3070 794 3130 in
824 3069 899 3130 locis
929 3070 1044 3151 pacatis
1074 3068 1243 3130 exercitum
1273 3068 1400 3148 dimisit.

352 3152 423 3216 Non
444 3167 547 3218 tamen
574 3156 737 3220 obliterare
762 3156 875 3218 famam
900 3157 944 3218 rei
968 3157 1047 3217 male
1070 3168 1163 3236 gestae
1189 3154 1302 3237 potuit.
1329 3176 1400 3216 nam

184 3249 260 3330 sutus
274 3251 339 3299 Mar-
352 3242 457 3321 saltus,
480 3242 561 3305 unde
588 3264 657 3304 eum
682 3241 807 3326 Ligures
839 3242 1026 3325 fugaverant,
1053 3242 1189 3304 Marcius
1219 3253 1268 3304 est
1294 3243 1399 3325 adpel-

185 3331 242 3364 ω’·
351 3329 441 3390 latus.
1345 3371 1360 3389 ..

187 3421 339 3499 Rerinffls·
395 3415 482 3478 XXl.
508 3415 572 3479 Sub
594 3417 675 3478 hunc
702 3418 846 3479 nuncium
868 3439 906 3480 ex
927 3415 1091 3500 Ligustinis
1113 3417 1273 3500 vulgatum
1296 3417 1401 3495 litent,

186 3501 339 3552 praegesta.
352 3525 391 3565 ex
414 3502 564 3586 Hispania
586 3506 715 3566 mixtam
739 3506 853 3586 gaudio
876 3505 1029 3566 tristitiam
1055 3505 1240 3582 adferentes,
1267 3505 1402 3566 recitate

352 3602 432 3653 sunt.
485 3589 522 3652 C.
539 3591 672 3670 Atinius,
697 3592 749 3672 qui·
770 3592 891 3653 biennio
915 3603 985 3652 ante
1005 3605 1114 3673 praetor
1139 3594 1170 3654 in
1190 3612 1260 3653 eam
1278 3593 1399 3674 provin-

352 3679 432 3739 ciam
456 3677 709 3761 profectuserat,
731 3699 800 3739 cum
823 3678 971 3739 Lusitanis
997 3680 1029 3739 in
1057 3699 1129 3760 agro
1154 3678 1280 3740 Astensi
1306 3679 1401 3760 signis

353 3765 483 3827 conlatis
505 3766 658 3848 pugnavit.
679 3765 718 3826 ad
741 3787 794 3826 sex
817 3766 913 3827 millia
932 3766 1066 3827 hostium
1088 3778 1159 3827 sunt
1179 3786 1276 3827 eaesa:
1307 3765 1403 3827 ceteri

240 3847 243 3855 ’
353 3851 423 3929 fusi,
447 3853 554 3934 fugati,
580 3853 732 3933 catrisque
756 3853 848 3914 exuti.
907 3852 957 3913 Ad
977 3853 1121 3935 oppidum
1143 3852 1255 3914 deinde
1276 3851 1404 3914 Astranr

353 3940 592 4022 obpugnandum
621 3939 755 4020 legiones
780 3941 873 4001 ducit.
899 3939 930 4000 id
957 3960 1075 4021 quoque
1100 3940 1183 4001 haud
1208 3940 1308 4002 multo
1335 3961 1402 4002 ma-

347 4025 417 4107 jore
432 4027 598 4089 certamine
621 4027 714 4110 cepit,
734 4046 825 4106 (quarn
843 4037 957 4089 castra:
981 4026 1046 4104 sed,
1062 4025 1133 4088 dum
1149 4028 1302 4089 incautius
1319 4027 1404 4090 subit
1508 4075 1509 4098 2

353 4134 465 4193 muros,
485 4115 562 4174 ictus
583 4134 621 4174 ex
640 4113 761 4174 vulnere
782 4125 852 4196 post
876 4114 940 4175 dies
961 4135 1076 4197 paucos
1093 4115 1232 4177 moritur.
1290 4111 1405 4177 Literis

354 4198 391 4259 de
411 4211 508 4262 morte
529 4200 721 4284 propraetoris
749 4201 895 4279 recitatis,
920 4212 1042 4262 senatus
1064 4201 1182 4262 censuit
1203 4201 1405 4279 mittendum,

385 4347 408 4384 7⁸
422 4346 452 4394 Et
474 4351 518 4395 tria
539 4350 610 4396 millia
630 4351 729 4410 peditum
752 4348 859 4397 liminac-
925 4347 987 4396 ⁷⁹lu
1002 4352 1084 4398 obditis
1097 4351 1174 4413 arltus]
1200 4350 1232 4397 Er
1250 4350 1290 4399 bic
1311 4368 1407 4414 quoque
1508 4371 1509 4394 1

353 4429 413 4468 cunr,
432 4414 533 4462 durantes
552 4416 642 4478 equites]
665 4414 758 4477 supple,
772 4417 860 4476 seripse-
892 4417 1000 4463 mendum
1018 4416 1131 4464 insederat
1143 4415 1303 4464 Gronoviama
1319 4419 1406 4464 editio·

353 4486 418 4534 narrt,
431 4493 501 4540 quum
518 4481 546 4528 de
563 4479 671 4528 Romanis
689 4494 781 4541 agarum
806 4497 861 4541 nori,
893 4497 1028 4545 nesuempe
1046 4484 1071 4528 r'n
1085 4483 1164 4529 abdita
1209 4481 1363 4532 correximus
1376 4500 1408 4532 ex

354 4545 497 4605 imperarant.
893 4547 942 4594 aliis
953 4548 1090 4597 editionibus
1100 4559 1124 4596 et
1134 4545 1196 4598 vict.
1209 4549 1302 4600 codice.
