3026 5164
270 341 276 354 ’
362 381 423 436 tao
477 415 478 420 Ν
715 353 718 360 ‘
781 375 867 435 unt
886 377 986 436 mvn

196 533 337 614 U.Jc.571·
362 535 417 599 nit.
447 535 662 616 gubernatores
692 543 849 614 nautaeque
880 517 1053 617 conquisiti,
1088 534 1115 572 ’θ
1131 531 1183 614 qui
1223 531 1396 614 praedatores

196 601 228 654 Α·
241 601 270 652 c·
283 604 336 653 ¹⁸¹·
362 623 487 684 fuissent
502 621 637 696 navibus,
662 629 750 702 atque
767 639 870 680 omnes
886 621 918 680 in
941 620 1111 680 custodiam
1135 617 1282 699 conjecti.
1323 617 1361 678 lit
1378 639 1398 677 a

361 707 396 770 C.
412 707 552 768 Matieno
579 705 735 766 duumviro
761 725 851 766 naves
878 703 942 786 ejus
966 707 1083 786 generis
1109 705 1141 766 in
1167 703 1331 786 Ligustina
1350 725 1400 765 ora

360 794 487 875 triginta
510 792 597 853 dnaeq
622 803 717 873 captae
732 807 812 853 sunt.
857 790 931 853 Hac
956 792 1007 872 qui
1022 791 1213 870 nunciarent,
1240 791 1399 869 literasqte

361 879 401 941 ad
416 889 554 940 senatum
581 876 705 955 ferrent,
730 875 765 938 L.
779 877 919 938 Aurelius
942 876 1046 956 Cotta,
1070 877 1106 939 C.
1122 875 1277 960 Sulpicius
1299 873 1400 937 Galim

360 965 492 1028 Romam
518 965 600 1025 missi
613 985 622 1039 ;
657 964 804 1046 simulque
823 975 974 1047 peterent,
996 977 1032 1025 ut
1057 962 1092 1025 L.
1108 963 1236 1026 AEmilio
1261 961 1401 1024 conlecta

359 1051 515 1134 provincia
528 1051 683 1128 decedere,
708 1062 739 1130 ct
754 1047 902 1112 deducere
916 1071 1018 1111 secum
1043 1051 1153 1114 milites
1169 1052 1287 1129 liceret,
1310 1061 1402 1130 atque

360 1138 524 1200 dimittere.
568 1133 737 1219 Utrumque
764 1138 943 1219 permissum
968 1138 1005 1197 ab
1025 1149 1142 1215 senatu,
1165 1148 1197 1199 ct
1219 1136 1402 1220 supplicatio

359 1224 517 1285 adomnia
540 1223 707 1305 pulvinaria
729 1245 783 1306 per
808 1223 938 1284 triduum
965 1222 1109 1289 decreta:
1136 1222 1275 1306 jussique
1289 1233 1400 1303 praeto·

357 1331 415 1388 res,
443 1307 576 1372 Petillius
600 1311 728 1370 urbanas
755 1310 906 1371 dimittere
933 1309 1078 1390 legiones,
1104 1309 1216 1372 Fabius
1238 1309 1328 1370 sociis
1350 1319 1400 1369 at-

358 1416 416 1477 que
431 1397 546 1458 nomini
562 1393 672 1457 Latino
696 1397 848 1457 remittere
864 1395 1034 1457 delectum:
1070 1407 1102 1458 et
1118 1397 1162 1458 nti
1183 1407 1296 1479 prator
1311 1395 1400 1455 urba·

355 1503 413 1543 nus
429 1481 601 1544 consulibus
617 1483 770 1560 scribcr'et,
786 1492 924 1543 senatum
947 1477 1065 1563 aequtim
1081 1504 1215 1562 censere,
1238 1482 1400 1543 subitarios

355 1569 637 1645 milites‚·tumultus
663 1589 770 1630 caussa
784 1568 983 1652 conscriptos,
1005 1569 1105 1652 primo
1120 1590 1238 1652 quoque
1262 1581 1400 1654 tempore

356 1655 480 1717 dimitti.

188 1761 304 1810 envas„
397 1739 515 1802 XXIX.
538 1739 667 1804 Colonia
691 1737 841 1804 Gratiscae
866 1764 902 1804 eo
918 1763 997 1804 anno
1021 1742 1154 1804 deducta
1168 1744 1264 1806 estin
1287 1761 1398 1824 agrum

184 1826 283 1878 ⁶⁰¹0&-
354 1825 525 1905 Etruscum,
552 1828 590 1889 de
619 1827 887 1909 Tarquiniensibus
918 1829 1072 1912 qnondam
1104 1841 1234 1912 captum.
1293 1829 1401 1898 Quina

324 1959 327 1970 .
351 1913 458 1996 jugera
484 1915 548 1996 agri
575 1914 656 1976 data.
684 1915 797 1977 tresviri
824 1916 1025 1994 deduxerunt,
1050 1913 1088 1976 C.
1111 1915 1287 1998 Calpurnius
1312 1914 1398 1994 Piso,

356 2000 388 2063 P.
404 1999 548 2062 Claudius
574 1999 713 2078 Pulcher,
739 2000 776 2062 C.
790 1999 951 2063 Terentius
973 2000 1060 2064 Istra.
1104 1999 1251 2066 Siccitate
1273 2014 1306 2063 et
1328 2002 1397 2062 ino-

305 2155 308 2162 ,
354 2087 406 2169 pia
432 2088 551 2170 frugum
586 2089 712 2171 insignis
743 2093 839 2148 annui
865 2088 931 2150 fuit.
991 2085 1052 2148 Sex
1082 2109 1202 2150 menses
1222 2108 1393 2170 ,numquam

353 2175 476 2256 pluisse,
492 2175 642 2236 memoriae
667 2175 821 2257 proditum
838 2183 894 2236 est.
938 2175 964 2220 ⁸⁷
977 2171 1092 2235 Eodem
1108 2195 1190 2236 anno
1216 2175 1247 2236 in
1262 2195 1330 2257 agro
1353 2171 1394 2235 L.

186 2286 249 2338 Libri
260 2286 313 2338 N„
354 2258 464 2323 Petillii
491 2262 594 2323 scriba
610 2263 664 2322 sub
686 2259 838 2338 laniculo,
865 2261 935 2321 dnm
960 2260 1088 2322 cultores
1112 2261 1177 2343 agri
1193 2261 1282 2322 altius
1303 2261 1396 2322 moli·

185 2353 336 2406 maurenti.
352 2359 444 2410 untur
460 2359 582 2426 terram,
608 2347 673 2408 duae
688 2347 814 2428 lapidea
838 2369 922 2426 arcae,
938 2357 1064 2408 octonos
1090 2347 1186 2410 ferme
1213 2349 1304 2430 pedes
1325 2347 1396 2408 lon·

350 2456 407 2515 gae,
434 2447 596 2517 quaternos
622 2434 701 2512 latae,
716 2435 845 2496 inventae
860 2445 940 2510 sunt,
957 2434 1105 2515 operculis
1128 2434 1255 2517 plumbo
1270 2433 1394 2497 devinc-

350 2522 401 2582 tis.
448 2518 557 2582 Literis
573 2519 690 2581 Latinis
705 2519 875 2601 Graecisque
898 2532 1027 2600 utraque
1042 2542 1114 2581 arca
1139 2521 1287 2603 inscripta
1301 2529 1390 2598 erat3

350 2605 382 2667 in
399 2605 495 2668 altera
508 2605 650 2688 bNumam
665 2605 856 2689 Pompilium,
881 2604 1045 2689 Pomponis
1070 2606 1176 2685 filium,
1196 2627 1296 2689 regem
1323 2605 1390 2668 Ro-

350 2689 525 2768 manorum,¹
545 2692 694 2774 sepultum
711 2714 794 2771 esse3
829 2693 860 2754 in
883 2692 979 2753 altera
1005 2693 1099 2754 libros
1123 2692 1225 2754 Numae
1245 2691 1388 2779 Pompilii
1399 2735 1414 2796 Ι

350 2778 458 2838 inesse.
502 2775 563 2838 Eas
590 2799 675 2839 arcas
702 2799 794 2860 quum
822 2800 860 2840 ex
887 2778 1052 2840 amicorum
1079 2779 1218 2842 sententia
1240 2779 1383 2840 dominus

350 2864 526 2948 apcmisset,
552 2886 617 2948 quae
644 2865 763 2926 titulum
790 2865 900 2949 sepulti
928 2865 1005 2948 regis
1019 2865 1021 2871 '
1035 2866 1186 2946 habuerat,
1198 2865 1306 2926 inanis
1331 2865 1386 2926 in-

632 3031 637 3043 ,
683 2974 755 3022 surra
765 2990 791 3022 ac
802 2975 896 3040 triginta
907 2973 980 3022 Gran.
992 2971 1061 3024 Cres.

259 3123 262 3129 .
348 3093 410 3128 nunc
420 3079 535 3140 vulgatura
548 3078 594 3128 est}
622 3077 769 3129 Recreatus.
802 3079 853 3128 Etsi
884 3080 932 3142 ipse
945 3081 1002 3130 situs
1020 3081 1071 3144 ejus
1090 3080 1204 3141 ignoratus
1222 3079 1261 3126 sit.
1296 3078 1395 3138 Aribae,

347 3144 410 3196 enim
422 3143 478 3192 illud
495 3144 591 3194 alterum
602 3144 693 3192 tolerari
711 3155 795 3207 potest,
809 3159 853 3192 vox
883 3159 1005 3209 quopscto
1023 3145 1083 3193 intra
1105 3144 1172 3208 paulo
1188 3145 1238 3208 plus
1256 3144 1392 3206 quingento-

286 3257 289 3264 ,
347 3210 476 3258 deditiones
494 3211 534 3257 sia
549 3210 655 3258 contenit
673 3209 727 3257 huic
748 3209 806 3266 loco,
825 3222 852 3268 ut
883 3225 934 3257 turn
954 3225 1064 3257 annorum
1082 3212 1203 3258 decursum
1213 3225 1293 3273 corpus
1309 3209 1393 3256 burne·

321 3317 329 3328 ,
347 3273 410 3322 nulla
422 3273 465 3321 alis
475 3275 555 3334 magis.
883 3281 981 3323 mnnita
999 3275 1101 3324 consumi
1117 3275 1260 3339 potuerit,ut
1277 3289 1306 3322 ne
1316 3275 1391 3321 resti-
1421 3297 1425 3303 ’
1485 3275 1497 3298 ⁰

380 3337 402 3375 ω
426 3338 472 3392 Qut
492 3341 619 3400 padulem
629 3336 728 3400 sciaena
750 3339 850 3402 παυίὺω]
884 3339 948 3400 g'inm
957 3339 1047 3403 quidein
1055 3343 1106 3404 ejus
1114 3339 1394 3402 oeu'umnmonecpntris

210 3410 214 3418 '
281 3425 285 3430 ·
347 3401 397 3452 Hic
417 3404 506 3466 aliquod
529 3404 694 3468 proculdubio
713 3405 853 3454 vitiumest.
884 3407 1030 3469 superfuerit.
1075 3407 1144 3464 item,
1174 3421 1220 3467 qno
1247 3417 1311 3468 pacto
1338 3405 1391 3452 libri

346 3467 453 3516 Fortasse
465 3469 556 3517 dederat
569 3469 659 3516 Livius:
690 3471 714 3515 ui
729 3471 753 3516 in
766 3473 853 3532 prado·
885 3471 1008 3530 chartacei,
1028 3472 1117 3519 tametsi
1132 3471 1197 3519 omni
1215 3485 1268 3518 cars
1278 3470 1393 3528 custoditi¹

347 3532 636 3594 antejuramentum.
675 3486 751 3584 Peste
772 3535 851 3595 legen·
883 3537 970 3586 recenti
987 3539 1064 3600 specie
1081 3552 1131 3584 esse
1149 3536 1275 3600 potuerint.
1308 3535 1342 3582 Ut
1357 3545 1392 3593 et,

345 3598 402 3646 dum
413 3614 463 3646 esse
480 3599 720 3662 predatur-iisprobnnt
731 3601 798 3648 rerba
812 3617 851 3649 se·
884 3602 944 3649 unde
960 3601 1044 3650 marta
1061 3614 1118 3650 tnnc
1136 3616 1200 3657 unu,
1215 3617 1286 3664 wem
1302 3599 1391 3652 Plinius

347 3665 438 3724 quentis
466 3665 560 3726 periodi,
586 3680 650 3711 naues
678 3666 724 3725 gito
749 3668 851 3728 generi&
883 3665 1009 3715 bittine.
1031 3669 1133 3730 ll.post
1148 3666 1305 3715 Alexandrum
1323 3666 1392 3726 Mag-

346 3727 427 3790 quibus
447 3729 558 3776 indicatur
583 3730 673 3776 navium
695 3729 752 3780 certi
774 3733 850 3794 cnjus.
883 3746 938 3779 num
957 3732 1070 3779 inventam
1086 3733 1111 3779 in
1128 3733 1229 3795 AEgypto
1244 3727 1310 3793 dicit,
1326 3731 1393 3779 anab

268 3821 273 3828 ·
345 3794 398 3841 dam
419 3795 508 3854 generis
527 3793 589 3857 ptius
609 3796 749 3843 mentionem
768 3796 851 3844 lactent
898 3799 1001 3858 lusqusm
1020 3797 1127 3846 trecentis
1145 3809 1198 3862 post
1215 3795 1333 3846 Numam:
1357 3807 1395 3852 et.

344 3859 424 3906 sitisse.
882 3813 937 3909 Xcet
948 3863 1038 3911 inventa
1054 3865 1101 3924 jam
1112 3875 1163 3910 tum
1174 3874 1198 3910 et
1215 3862 1238 3909 in
1250 3879 1294 3910 usn
1310 3862 1393 3919 inuit,

377 3925 400 3961 ⁹⁷
416 3922 496 3974 Eodetn
515 3939 572 3972 nnnc
591 3927 614 3973 in
631 3941 685 3990 agro
703 3924 732 3974 L.
752 3923 850 3991 Petillia]
883 3929 944 3976 unde
963 3929 1014 3976 rudi
1024 3928 1064 3976 illo
1074 3939 1098 3976 et
1109 3943 1207 3998 paupere
1218 3929 1297 3976 seculo
1308 3929 1393 3976 chem

345 3987 401 4038 Hoc
420 3989 472 4038 loco
488 3990 593 4053 apposuit
612 3989 728 4039 Hetrnins
747 3991 850 4053 quaedam
883 3991 979 4040 Romam
991 4009 1020 4041 ex
1032 3991 1129 4058 AEgypm
1139 3994 1215 4041 delate
1225 3995 1263 4044 sit'.
1278 3995 1394 4054 Denique

344 4055 487 4114 sNardino,
507 4055 574 4102 liom.
593 4054 648 4104 Vct.
666 4055 682 4104 l.
701 4069 747 4106 vn.
767 4075 788 4105 c.
812 4057 850 4106 tl.
883 4061 997 4120 quomodo
1013 4057 1090 4118 lingua
1108 4059 1190 4107 Graeca
1207 4071 1255 4107 tam
1270 4059 1393 4106 familiaris

345 4118 471 4177 observate,
488 4136 516 4199 ex
537 4121 618 4182 quibus
645 4121 695 4170 haec
722 4121 849 4170 exscribere
882 4125 1053 4189 tnmtemposis
1069 4123 1138 4173 Latio
1154 4123 1394 4174 tuerit....1{aeeet

343 4186 849 4315 ttttttttsanititati
881 4189 1395 4320 ttn.;¹t.,i⁰5⁵t..tt.¹t‘¹ttttt.t

345 4325 534 4376 mumtorquent.
566 4317 601 4364 Ac
619 4316 779 4382 primum,quo
794 4335 847 4381 pac·
879 4321 944 4369 tioris
954 4321 1396 4386 alicnjusltominissuissesuspicaret.

343 4388 369 4425 to
391 4389 437 4424 tant
458 4381 558 4442 praeclari
577 4384 667 4444 carique
685 4386 745 4445 regis
768 4400 847 4432 monu—
879 4387 921 4434 nisi
933 4398 980 4436 tam
991 4388 1079 4453 (graves
1097 4387 1131 4450 et)
1145 4387 1251 4449 mtiquos
1266 4388 1392 4450 scriptores

343 4454 448 4491 mentum
470 4460 509 4507 per
530 4456 565 4496 tot
592 4449 665 4496 secula
687 4451 718 4497 itt
744 4449 848 4511 ignotum
880 4452 956 4502 nimia
971 4465 995 4502 et
1014 4453 1145 4502 inconsultae
1163 4453 1306 4506 eredulitatb
1323 4453 1394 4502 dan-

344 4525 393 4558 esse
414 4510 497 4574 populo
520 4512 624 4561 Romano
644 4515 751 4579 potuerit,
770 4527 797 4564 ut
824 4528 847 4566 et
879 4519 1007 4568 aasentias
1019 4520 1176 4570 existimarem.
