3100 5194
480 367 556 428 Llli.
569 367 684 436 XXXI.
705 367 785 431 CAP.
802 368 884 427 XllI.
1167 371 1201 428 ta

166 521 329 606 strepitum
341 523 496 604 ingentem
506 536 653 588 exortum.
697 523 768 588 Jam
785 523 959 586 animalium
970 496 1103 586 obsecuti
1113 523 1203 588 foetus
1215 537 1248 586 υ.
1259 535 1287 586 e.
1296 540 1351 588 552.
1434 591 1440 600 ,

48 631 49 648 ³
163 611 302 693 pluribus
322 610 396 672 lotis
421 611 652 674 nunciabantur.
675 612 705 673 in
731 610 850 674 Sabinis
874 612 1005 672 incertus
1027 611 1125 673 infans
1148 601 1352 675 nabe-²⁰⁰·

163 709 224 776 tue,
239 697 391 759 masculus
406 719 445 758 an
461 697 575 760 femina
588 708 675 760 esset
700 698 776 760 alter
799 698 952 760 sexdecim
970 698 1035 780 jam
1056 719 1202 762 annorum

72 807 74 810 ·
164 784 242 860 item
262 784 407 865 atnbiguo
427 803 500 846 sexu
524 784 672 846 inventus.
717 783 884 864 Frusinone
906 804 1002 865 agnus
1023 806 1092 848 cum
1115 786 1204 848 suillo

165 870 279 952 eapite,
303 867 452 932 Sinuessa
470 891 577 952 porcus
601 891 670 932 cum
690 871 792 952 eapite
812 871 945 933 humano
960 881 1068 934 natus:
1093 872 1124 933 in
1139 869 1203 934 Lu-

166 957 253 1018 canis
266 957 300 1017 in
315 975 389 1038 agro
404 956 525 1038 publico
545 956 687 1037 equuleus
701 977 771 1018 eum
786 957 916 1040 quinque
931 957 1085 1039 pedibus.¹
1110 957 1204 1020 Foeda

167 1043 273 1105 omnia
288 1053 321 1103 et
335 1041 493 1122 deformia,
517 1042 703 1124 errantisque
718 1043 749 1104 in
771 1043 884 1106 alienos
901 1042 989 1106 l'oetus
1003 1056 1116 1106 naturus
1129 1044 1203 1108 visa.

165 1129 368 1192 Ante‘omuia
381 1129 548 1190 abominati
561 1129 756 1207 semimares,
775 1127 912 1210 jussique
937 1131 967 1194 in
982 1151 1066 1192 mare
1087 1143 1205 1194 extem·

167 1217 219 1298 plo
236 1215 411 1298 deportaris
434 1215 513 1279 sicut
537 1217 685 1297 proxime,
713 1214 749 1276 C.
770 1215 909 1292 Claudio,
935 1213 982 1278 M.
998 1209 1207 1284 laivio'eonsu'·¹

166 1303 257 1380 libus,
282 1302 458 1384 deportatus
479 1302 585 1364 similis
604 1301 736 1384 prodigii
758 1300 848 1362 foetus
866 1312 942 1363 erat.
986 1301 1205 1384 Nihilominus
1244 1350 1249 1358 .

171 1388 356 1451 decemviros
378 1387 461 1450 adire
476 1388 568 1450 libros
589 1387 633 1454 de,
648 1395 790 1469 portento
811 1407 848 1448 eo
865 1385 1030 1468 jusserunt.
1072 1387 1205 1450 Decem·

117 1511 119 1516 ,
168 1475 225 1536 viri
249 1493 288 1536 ex
309 1474 392 1535 libris
418 1495 465 1535 ras
490 1474 618 1549 divinas
631 1473 766 1550 easdem,
788 1493 853 1556 quea
876 1472 1013 1555 proxime
1039 1475 1205 1555 secusrdum

170 1560 202 1621 id
217 1559 391 1642 prodigium
414 1559 502 1622 fuetae
522 1571 634 1637 essent,
659 1560 852 1644 imperanunt.
868 1579 989 1621 carmen
1008 1573 1152 1645 praeterea
1166 1563 1205 1624 ab

169 1657 216 1708 ter
241 1647 365 1708 novenis
386 1645 552 1728 virginibus
574 1646 641 1708 cani
663 1665 718 1727 per
736 1645 841 1707 urbem
853 1643 1017 1727 jusserunt,
1033 1647 1206 1729 donumque

170 1731 285 1795 lunoni
312 1731 436 1814 Reginae
466 1732 552 1795 lerri.
589 1731 636 1794 Ea
656 1732 701 1796 uti
730 1730 846 1810 fierent,
872 1731 908 1794 C.
933 1731 1073 1796 Aurelius
1101 1735 1206 1802 consul

171 1839 211 1882 ex
236 1819 473 1882 decemvirorum
499 1839 643 1902 responso
674 1818 798 1882 curavit.
842 1817 1088 1900 Cannensium
1117 1823 1206 1903 ⁸⁷pa·

171 1917 251 1970 trum
277 1906 423 1968 memoria
450 1903 564 1984 Livium,
593 1905 638 1968 ita
665 1915 730 1967 tum
760 1904 897 1982 condidit
924 1905 957 1968 Ρ.
984 1904 1116 1969 Licinius
1144 1905 1208 1969 Te-

224 2013 252 2056 a·
502 2015 505 2020 .

171 1993 303 2141 gullllll.
325 2075 465 2161 Expiatis
484 2079 623 2142 omnibus
648 2077 853 2160 religionibus,
878 2076 962 2158 (nam
985 2079 1078 2142 etiam
1102 2076 1326 2162 hoenstetta

173 2165 364 2246 saerilegium
389 2165 623 2248 pervestigamus
655 2186 673 2226 a
698 2163 737 2234 Q.
761 2163 902 2228 Minucio
922 2177 999 2243 erat,
1024 2167 1209 2250 pecuniaque
1221 2150 1365 2262 P¹⁰“{¹'¹¹¹”

173 2273 212 2314 ex
225 2252 315 2314 bonis
329 2253 489 2313 noxiorum
514 2252 546 2312 in
568 2251 725 2314 thesauros
748 2251 891 2333 reposita)
917 2271 1009 2332 quum
1025 2252 1162 2314 eonsules
1178 2255 1210 2315 in
1221 2229 1295 2282 pecua
1304 2231 1326 2264 ⁸'

172 2338 341 2422 provincias
365 2338 514 2420 proficisci
539 2336 669 2415 vellent3
692 2337 800 2420 privati
830 2336 1012 2420 frequentes,
1038 2339 1146 2419 quibus
1170 2361 1210 2404 ex

176 2425 315 2507 pecunia,
340 2443 429 2506 quam
453 2422 500 2486 M.
510 2420 643 2501 Valerio,
666 2421 713 2486 M.
725 2421 853 2506 Claudio
880 2424 1051 2485 consulibus
1074 2421 1210 2490 mutuam

177 2511 334 2590 dederant,
358 2511 485 2572 ⁵⁰tertia
500 2511 606 2594 pensio
626 2509 793 2571 debebatur
807 2529 845 2570 eo
861 2529 951 2588 anno,
969 2510 1108 2574 adierunt
1122 2533 1211 2574 sena-

173 2609 259 2660 tum:
283 2599 355 2681 quia
368 2596 515 2674 consules,
538 2613 630 2677 quum
654 2595 694 2656 ad
716 2615 829 2656 novum
850 2595 973 2674 bellum,
994 2598 1074 2678 quod
1096 2619 1210 2682 ‘magna

175 2684 272 2745 alasse
295 2684 473 2766 magnisque
499 2681 678 2744 exercitibus
704 2681 869 2762 gerendum
893 2695 983 2759 esset,
1002 2683 1054 2745 vix
1076 2687 1211 2749 ararium

175 2770 345 2849 subluceret,
363 2780 547 2851 negaverant
569 2775 645 2846 ess‘e,
667 2768 747 2829 unde
763 2767 798 2828 iis
814 2768 1018 2849 inpraesentia
1040 2771 1212 2834 solveretur.

175 2853 307 2920 Senatus
322 2866 480 2939 querentes
495 2875 548 2917 eos
567 2874 630 2916 non
650 2854 801 2932 sustinuit,
825 2853 925 2916 ‘siin
941 2853 1088 2918 Punicum
1098 2859 1212 2920 bellum

174 2943 423 3026 ‘pecuniadata‚
434 2943 466 3004 in
475 2939 711 3004 Macedonicum
726 2929 973 3022 qnoque*bellum
988 2943 1032 3005 uti
1044 2943 1214 3026 respublica

175 3029 304 3108 ‘vellet3
320 3029 387 3090 aliis
396 3048 435 3089 ex
445 3027 511 3089 eliis
521 3026 686 3090 orientibus
695 3027 794 3105 bellis,
804 3027 877 3108 quid
887 3028 969 3089 aliud
979 3031 1213 3112 quampublioa·

178 3115 189 3148 ‘
202 3126 279 3195 tam,
289 3136 344 3198 pro
353 3113 510 3192 beneficio,
521 3123 676 3196 tamquam
685 3114 853 3191 obnoxam,
862 3135 946 3176 suam
952 3117 1112 3198 pecuniam
1118 3116 1213 3180 lorei'
1226 3106 1272 3186 ΡΨ
1284 3107 1379 3186 pecunie

179 3199 284 3272 Quum
306 3212 338 3263 et
357 3200 463 3284 privati
486 3219 602 3280 aequum
618 3201 814 3282 postularent,
840 3203 866 3240 ⁶⁹
876 3220 934 3261 nee
949 3213 1054 3264 tamen
1070 3202 1213 3266 solvendo
1226 3185 1373 3300 maim

179 3297 265 3348 aarem
277 3286 374 3348 alieno
382 3286 642 3369 respublicaesset,
649 3285 735 3364 quod
744 3286 878 3346 medium
887 3286 966 3346 inter
975 3307 1091 3368 aequum
1102 3299 1133 3350 et
1141 3288 1215 3349 utile

81 3377 85 3392 ¹
179 3373 469 3452 erat,deereverunt,
484 3369 554 3452 ‘Ut
566 3371 707 3453 quoniam
720 3389 1015 3454 magruaparseorum
1027 3391 1115 3454 agros
1123 3375 1213 3456 vulgo

104 3471 110 3482 ⁸
179 3459 536 3536 ‘venalesessedieeret,
547 3468 579 3520 et
590 3456 711 3518 sibimet
722 3457 811 3519 emtis
826 3477 902 3539 opus
912 3477 992 3535 esse3
1017 3459 1080 3541 agri
1089 3461 1215 3543 publici,

180 3546 288 3627 “‘qui
304 3547 383 3608 intra
394 3542 671 3627 quinquagesimum
693 3543 827 3625 lapidem
849 3554 940 3621 esset,
962 3546 1051 3629 copia
1066 3545 1103 3607 iis
1118 3546 1215 3626 lieret,

129 3626 135 3636 ’
179 3632 190 3667 ‘
205 3630 351 3696 Consules
362 3651 468 3716 agrum
480 3633 690 3708 aestimaturos,
706 3640 737 3691 et
748 3630 816 3693 ⁰²in
827 3625 935 3712 jugera
946 3651 1026 3695 asses
1041 3632 1215 3715 vectigales,
1325 3707 1327 3710 ¹
1348 3679 1349 3682 ,

621 3767 639 3792 ¹·
655 3756 694 3804 eri
702 3753 776 3804 Doar·

211 3860 233 3898 ⁵⁷
248 3859 264 3890 ⁵
281 3856 377 3910 Petrum
394 3860 507 3926 amorio]
526 3856 680 3922 Quadraginta
744 3859 766 3897 ³⁰
782 3857 845 3908 Nec.
856 3895 879 3912 ..
903 3859 1012 3912 multando
1027 3875 1069 3908 ara
1083 3860 1154 3910 aliene
1172 3877 1216 3909 rea·

178 3925 269 3976 eirait'er
283 3927 349 3974 annia
366 3937 421 3977 anta
442 3929 503 3975 hune
519 3927 548 3974 de
565 3939 681 3988 quonum
710 3923 799 3986 mattea
808 3922 871 3987 aest]
887 3895 963 3982 berta
978 3925 1086 3988 loquendi
1101 3939 1181 3974 norma
1191 3937 1217 3974 et

178 3992 319 4052 agltnoetm.
352 3992 434 4056 ltaque
447 3993 487 4054 qui
501 4003 551 4039 tum
568 3991 683 4050 vivebant,
714 3991 1021 4054 eonsuetudopoeaulataeri.
1152 4007 1155 4012 ·

180 4069 259 4104 eontra
275 4066 351 4118 patrea
367 4059 465 4120 quales
482 4058 572 4105 luerent
588 4067 681 4104 acne-
745 4053 770 4088 ⁶⁰
794 4054 840 4110 Qut
860 4056 920 4102 inem
941 4055 1139 4118 qeeinquofflmeaa
1160 4055 1217 4116 lopi-
1236 4057 1239 4064 ’

179 4122 242 4170 tanei
260 4120 319 4167 Livii
334 4133 417 4184 poete.
448 4119 503 4169 vra.
518 4135 585 4184 supra
597 4132 682 4171 xxvvi.
714 4121 763 4168 (lem
783 4117 845 4183 anet]
872 4117 921 4172 Qui
942 4130 1003 4167 esset
1023 4120 1082 4166 intra
1104 4119 1216 4182 quinqua.

181 4185 298 4235 stautai
309 4197 358 4234 not.
657 4203 659 4210 ,
715 4185 776 4246 ginta
793 4187 821 4232 ab
836 4184 891 4233 urbe
902 4183 973 4231 millia
983 4197 1096 4246 pamuum.
1129 4179 1216 4233 Millia-

192 4281 193 4286 =
212 4249 235 4314 ⁵9
252 4250 328 4300 Tereia
345 4253 419 4314 penaio
438 4250 552 4300 debebatur
570 4265 594 4300 eo
612 4247 681 4309 suno]
715 4249 748 4296 ria
766 4249 875 4313 lapidibus
892 4249 1074 4310 designabantur,
1093 4259 1120 4298 ut
1140 4249 1216 4298 omni·

183 4305 235 4364 liae
245 4318 377 4378 patetexl.
391 4327 468 4366 xxix.
487 4333 509 4364 o.
529 4315 567 4365 16.
599 4313 632 4362 At
647 4329 686 4361 ae-
716 4315 855 4363 buanotum.
1100 4333 1102 4336 ·

182 4381 254 4430 evada
273 4381 376 4429 nondum
394 4380 467 4436 soluta
483 4381 568 4440 suerat,
584 4391 610 4426 nt
622 4379 685 4426 oolli·
725 4416 728 4424 .
748 4375 769 4412 ⁶¹
783 4381 797 4409 ·
813 4378 843 4426 la
853 4381 937 4444 jugem
959 4395 1013 4431 osaea
1025 4379 1149 4444 ooetigalee]
1165 4379 1217 4426 Sin-

178 4444 239 4504 gitur
257 4459 285 4492 ax
306 4443 439 4500 txxxun.
453 4446 537 4499 aaa.
555 4443 686 4496 ubiultirna
717 4444 781 4505 pulos
801 4459 860 4496 astes
888 4447 911 4497 iu
938 4445 1017 4512 jugem
1043 4444 1156 4507 vectigalia
1175 4459 1218 4493 uo·
1286 4469 1289 4476 ·

178 4509 257 4571 penaio
266 4509 409 4574 persolvitur.
509 4558 512 4565 ,
717 4523 787 4562 mune.
853 4533 854 4538 κ
