3026 5164
362 441 418 492 506
566 469 570 480 .
726 404 853 486 ''rrn
875 406 1005 486 nrvri'

199 603 231 650 u.
244 602 271 652 c.
285 607 341 654 573.
365 585 528 669 producere
544 601 613 643 cum
633 599 695 640 nou
711 580 839 643 destitit.
863 601 955 662 quum
970 581 1001 642 iu
1015 577 1148 642 lbracia
1172 576 1300 641 Perseus
1318 579 1398 640 abes

199 667 340 718 Λ·0·179·
365 682 421 748 set,
437 668 594 731 circumire
617 663 807 728 Macedoniae
832 668 930 744 urbes,
956 666 1199 750 principibusque
1215 663 1402 746 Antigonum

365 753 598 820 commendare:
630 764 673 829 et,
698 752 723 812 si
738 754 799 813 vita
824 753 942 834 longior
960 754 1151 836 subpetisset,
1180 752 1264 813 haud
1281 751 1402 812 dubium

365 843 433 919 fuit,
457 840 530 923 quin
555 859 623 900 eum
650 837 682 898 in
706 840 894 921 possessione
918 840 1002 920 regni
1026 839 1184 900 relicturus
1211 837 1313 899 fuerit
1357 835 1404 896 Ab

366 925 562 990 Demetriade
576 923 741 1007 profectus,
762 923 985 987 Thessalonica
1000 926 1163 1007 plurimum
1177 923 1326 1006 temporis
1341 941 1405 983 mo-

366 1023 448 1075 ratus
462 1011 570 1073 fuerat.
585 1010 656 1072 inde
668 1031 761 1091 quum
772 1010 971 1094 Amphipolin
982 1011 1123 1087 venisset,
1138 1010 1222 1092 gravi
1237 1010 1348 1070 morbo
1362 1023 1406 1069 est

366 1098 531 1180 inplicitus.
554 1096 606 1158 sed
622 1097 724 1157 animo
739 1110 842 1158 tamen
857 1118 968 1177 aegrum
984 1097 1079 1178 magis
1095 1097 1203 1172 'firissa
1230 1111 1322 1178 quam
1339 1115 1404 1155 cor·

367 1204 452 1267 pore,
467 1193 608 1245 constatr
631 1182 770 1263 curisque
781 1195 813 1243 et
821 1183 929 1263 vigiliis
943 1183 982 1262 (¹¹
995 1203 1087 1262 quum
1099 1181 1279 1244 idemtidem
1291 1180 1403 1262 species

367 1281 399 1331 et
411 1270 524 1331 unibroe
545 1267 675 1330 insontis
692 1269 844 1332 interemti
858 1267 937 1328 filiih
954 1268 1115 1350 agitarent)
1139 1267 1324 1329 exstinctum
1337 1287 1402 1328 essa

367 1376 437 1418 cum
464 1353 556 1416 diris¹
583 1354 839 1414 exsecrationibus
865 1354 996 1414 alterius.
1038 1351 1156 1414 Tamen
1181 1357 1205 1391 ¹⁴
1218 1351 1403 1413 admoneri¹

365 1441 514 1525 potuisset
527 1438 710 1520 Antigonus,
727 1443 752 1478 ¹¹
765 1439 789 1499 si
806 1440 887 1500 haud
901 1440 1003 1500 statim
1016 1439 1117 1521 palam
1131 1439 1216 1500 facta
1230 1449 1313 1499 esset
1328 1459 1404 1499 mors

367 1529 455 1608 regis.
500 1523 640 1586 Medicus
664 1523 845 1606 Calligenes,
870 1525 920 1608 qui
946 1525 1094 1586 curationi
1108 1536 1245 1607 praeerat,
1270 1545 1331 1584 non
1353 1545 1403 1585 ex-

366 1623 544 1694 exspectata
558 1623 655 1672 morte
676 1612 765 1692 regis,
789 1612 925 1695 apriniis
941 1611 1158 1693 desperationis
1181 1611 1263 1672 uotis
1279 1611 1405 1670 nuncios
1506 1597 1508 1620 ¹

366 1697 601 1780 praedispositos,
611 1697 656 1758 ita
665 1710 701 1758 ut
709 1708 903 1773 convenerat,
916 1697 997 1758 misit
1007 1696 1046 1758 ad
1057 1695 1217 1772 Perseum3
1233 1707 1403 1758 etmortem
1506 1699 1508 1728 ²

366 1785 446 1866 regis
462 1783 493 1844 in
506 1783 668 1844 adveutum
681 1782 745 1865 ejus
757 1804 871 1860 omnes,
884 1783 936 1864 qui
948 1795 1035 1846 extra
1046 1783 1161 1865 regiam
1173 1794 1268 1859 erant,
1283 1783 1404 1844 celavit

409 1867 505 1931 LVll.
538 1867 697 1950 Obpressit
730 1870 821 1950 igitur
853 1869 1069 1951 necopinantes
1094 1871 1274 1952 ignarosque
1298 1887 1406 1930 omnes

200 1953 353 2032 Pempsreg-
366 1954 502 2034 Perseus,
527 1967 559 2016 et
574 1975 699 2036 regnum
715 1956 827 2017 scelere
843 1967 961 2038 partum
977 1956 1094 2017 invasit.
1139 1958 1163 1994 ¹¹
1180 1954 1406 2038 Peropportune

199 2034 330 2131 Sam*
366 2063 447 2104 mors
464 2040 593 2124 Philippi
620 2041 677 2101 luit
695 2041 735 2102 ad
762 2042 950 2118 dilationem,
977 2053 1008 2102 et
1022 2042 1060 2102 ad
1074 2042 1150 2103 vires
1174 2041 1256 2102 bello
1283 2053 1404 2102 contra-

235 2118 241 2130 ’
366 2127 492 2189 hendas.
517 2148 587 2187 nam
620 2139 690 2208 post
723 2129 826 2208 paucis
856 2130 962 2190 diebus
991 2148 1065 2209 gens
1094 2125 1323 2204 Bastarnarum,
1353 2127 1402 2186 diu

366 2213 540 2290 sollicitata,
577 2214 615 2273 ab
644 2213 704 2273 suis
734 2214 854 2275 sedibus
884 2235 995 2294 magna
1031 2214 1168 2297 peditum
1208 2215 1402 2294 equiteunque

365 2319 458 2360 manu
484 2297 594 2359 Istrum
621 2297 750 2379 trajecit.
778 2300 849 2361 inde
864 2301 1043 2384 praegressis,
1069 2301 1119 2381 qui
1136 2301 1318 2360 nunciarent
1331 2297 1404 2379 regi,
1507 2367 1508 2374 ἵ

323 2407 332 2430 ·
365 2381 523 2466 Antigono
537 2395 569 2445 et
579 2383 724 2446 Cottoni¹
742 2383 901 2464 (¹J·nobilis
916 2397 981 2448 erat
991 2385 1162 2462 Bastama;
1186 2397 1218 2446 et
1232 2385 1403 2466 Antigonus
1507 2407 1508 2416 ¹

366 2471 530 2550 perinvitus
553 2490 622 2531 cum
646 2471 744 2552 ipso¹¹
761 2469 893 2534 Cottone
918 2472 1034 2553 legatus
1050 2470 1090 2532 ad
1113 2471 1313 2532 concitandos
1327 2469 1402 2530 Bas-

365 2567 466 2617 tamas
482 2553 603 2636 missus)
622 2557 704 2617 haud
728 2558 832 2639 procul
847 2557 1025 2639 Amphipoli
1048 2557 1166 2618 ¹¹”sama
1174 2567 1207 2633 ¹¹,
1232 2557 1302 2617 inde
1327 2556 1400 2616 certi

364 2642 467 2700 nuncii
494 2643 701 2717 obcurrerunt,
727 2653 877 2704 mortuum
902 2664 966 2704 esse
989 2663 1101 2724 regem.
1123 2663 1188 2722 quae
1210 2663 1256 2702 res
1279 2661 1400 2703 omnem

365 2725 501 2786 ordinem
528 2726 645 2785 consilii
672 2727 813 2788 turbavit.
857 2727 1068 2808 Compositum
1095 2740 1192 2788 autem
1217 2730 1260 2788 sic
1279 2727 1396 2788 luerat:

365 2811 528 2872 transitum
560 2830 615 2891 per
638 2807 803 2872 Thraciam
830 2823 929 2873 tutum
960 2825 991 2873 et
1025 2824 1210 2872 commeatus
1238 2811 1397 2875 Bastarnis

398 2962 467 3009 ¹¹earm
480 2961 530 3010 add.
542 2962 610 3010 Creu.
641 2964 756 3008 ermrdirir
766 2961 838 3008 Grnn.
850 2961 910 3024 Rup.
1141 2963 1324 3012 ¹mdirirdal.
1336 2963 1400 3010 End.
1504 2963 1506 2984 '

365 3025 376 3058 ¹¹
386 3028 494 3073 admoturi
504 3025 579 3072 Gran.
589 3025 657 3072 Creu.
801 3025 806 3057 ¹
815 3029 935 3089 praegressi,
946 3045 967 3088 q.
978 3045 1000 3074 u.
1012 3045 1032 3074 r.
1044 3030 1166 3092 Antigonus
1176 3039 1196 3076 et
1209 3028 1283 3074 Coum
1298 3029 1373 3074 nobilis
1382 3043 1402 3075 e.

367 3087 484 3148 Bararus,
496 3107 514 3137 e.
524 3090 553 3136 A.
563 3105 586 3149 p.
597 3106 616 3136 c.
627 3091 644 3136 ι’.
656 3086 683 3136 C.
694 3087 709 3133 l.
721 3106 743 3136 n.
756 3105 775 3138 c.
787 3085 815 3138 Β.
826 3091 906 3138 subatra
920 3091 982 3139 Eoed.
1060 3095 1151 3154 ¹³meoe
1163 3096 1240 3139 irrcartr'
1252 3095 1329 3140 nuncii
1339 3092 1401 3140 End.
1504 3113 1505 3116 ¹

388 3221 419 3252 ¹¹
442 3219 517 3272 Quum
536 3220 653 3268 idmtidem
680 3221 757 3279 speciae
776 3228 797 3266 st
817 3237 868 3268 um·
900 3225 978 3268 morari
995 3224 1095 3283 potrum
1113 3223 1246 3286 Antigonae.
1266 3227 1341 3270 sicut
1354 3233 1402 3270 tn

366 3284 426 3330 ore.
444 3287 596 3348 ..agitaram
610 3285 737 3330 antistatum
758 3299 798 3330 esre
819 3301 868 3332 cum
900 3287 1012 3348 urljiu'soet,
1032 3296 1072 3332 uut
1091 3289 1163 3333 statim
1180 3291 1255 3348 palum
1270 3287 1336 3346 sacta
1352 3298 1402 3335 aaa

366 3350 420 3412 diris
441 3346 727 3407 montemmaranum]
763 3347 801 3395 Sic
820 3350 868 3396 edi·
900 3353 1026 3414 rnorsregis.

366 3413 398 3458 dit
426 3411 529 3460 l'lericus
550 3427 578 3458 ex
605 3411 711 3472 probabili
738 3411 869 3474 conjectura
930 3414 955 3450 ¹⁸
965 3413 1129 3476 Peropportune
1149 3431 1206 3462 raon
1229 3411 1329 3473 Philippi
1341 3413 1403 3477 sui]

367 3478 488 3534 Gronovii,
504 3478 543 3539 qui
561 3476 618 3526 nihil
635 3477 695 3523 aliud
716 3478 810 3524 mutavit
826 3478 869 3526 hoc
902 3477 1073 3542 Peropportune
1081 3481 1161 3528 accidit
1171 3479 1288 3534 Romania,
1295 3493 1351 3541 quoa
1361 3480 1402 3526 iru-

366 3541 425 3597 loco,
446 3543 488 3588 nisi
508 3542 567 3603 quod
590 3541 664 3589 luxata
686 3553 709 3589 et
734 3554 869 3604 praepostere
901 3557 989 3604 paratas
999 3559 1112 3606 aggressus
1121 3557 1182 3594 esset
1196 3543 1319 3606 Philippum.

366 3605 472 3652 collocata
484 3607 506 3652 in
519 3605 657 3653 Germanico
667 3605 791 3670 exemplari
802 3608 869 3654 verba
935 3609 955 3644 ¹⁷
966 3607 1049 3655 Nobilis
1066 3617 1113 3656 erut
1133 3607 1253 3664 Βωεαηω,
1272 3617 1294 3653 et
1311 3609 1401 3671 Antigo-

367 3671 389 3715 in
401 3670 503 3717 ordinem
515 3671 635 3717 revocavit.
901 3671 954 3732 nris]
975 3671 1056 3720 Reddit
1064 3675 1175 3721 rationem
1188 3689 1231 3721 cur
1240 3673 1310 3719 Cono
1321 3685 1344 3720 et
1355 3675 1403 3718 An-

332 3789 335 3794 ·
402 3735 420 3766 ¹⁴
433 3735 557 3797 Admoneri]
574 3734 609 3781 Ad
621 3749 683 3795 spem
695 3734 766 3794 regni.
901 3735 990 3794 tigonur
1001 3739 1118 3786 missinint
1134 3740 1165 3786 ad
1184 3739 1339 3786 nunciandum
1359 3735 1404 3796 regi

400 3799 419 3832 ¹⁵
431 3799 455 3845 St
476 3800 535 3846 barad
555 3800 627 3846 statim
646 3799 719 3857 mam
731 3800 799 3861 jbcto
820 3809 870 3846 earet
902 3801 1063 3850 Bastarnarum
1081 3805 1214 3852 adventurn.
1247 3804 1317 3850 Cotto
1336 3803 1403 3848 nimi-

368 3879 421 3909 rums
448 3865 514 3926 regir]
556 3861 658 3925 Explicat
686 3861 815 3909 Grutems:
851 3864 868 3910 si
902 3879 952 3912 rum
964 3866 1044 3913 nobilis
1055 3879 1103 3914 erat
1120 3869 1246 3925 Bastarna;
1269 3865 1406 3926 Antigonus,

366 3926 427 3974 haud
450 3928 528 3975 statim
551 3927 647 3975 Perseus
666 3926 694 3973 de
717 3927 790 3975 molte
812 3927 870 3988 regis
901 3929 989 3990 legatur
1006 3931 1074 3992 ipsius
1096 3930 1203 3995 Philippi.
1221 3931 1348 3978 ·Geterum
1370 3932 1405 3978 bit

367 3994 450 4040 certior
468 3993 542 4049 fautus
556 3981 627 4040 emal.
659 3989 703 4038 Sed
717 3991 867 4054 hocloquen-
900 3995 1065 4056 quoquelocus
1073 4011 1180 4060 corrupre
1199 3998 1282 4056 legitur
1299 3999 1324 4043 in
1338 3997 1405 4044 unica

367 4057 389 4106 di
407 4073 478 4116 genus
504 4058 576 4117 palum
593 4057 670 4122 jisua,
691 4055 779 4105 videtur
800 4055 868 4104 latius
899 4059 1037 4124 exemplari:
1062 4063 1136 4114 nobilis
1150 4070 1198 4108 erut
1218 4059 1405 4109 Βαεωιπαηω

366 4117 547 4181 intelligendum,
570 4135 638 4183 quarn
660 4121 688 4167 de
710 4137 757 4169 uno
776 4118 868 4171 Perseo.
899 4123 1024 4188 Antigonus
1045 4140 1098 4185 squ
1114 4128 1198 4172 inuitus
1216 4140 1266 4172 curn
1286 4125 1332 4185 ipro
1354 4124 1405 4172 Cat·

367 4185 446 4232 uuum
475 4188 542 4246 igitur
568 4186 626 4233 infra
652 4185 742 4234 dicatur
769 4185 868 4234 medicus
900 4196 955 4234 tona.
987 4188 1101 4236 Noseum
1119 4191 1231 4237 edidimus
1250 4191 1406 4245 emendarum,

366 4261 462 4297 mortem
474 4251 533 4313 regis
552 4250 575 4298 in
586 4251 707 4298 adveutum
730 4249 805 4298 Persei
818 4265 868 4297 orn-
900 4252 982 4314 partim
1002 4269 1030 4302 ex
1049 4254 1141 4317 Sigonii,
1157 4255 1239 4318 partim
1252 4269 1281 4300 ex
1299 4253 1407 4302 ennom

366 4327 407 4358 nes
418 4315 455 4374 qui
474 4327 536 4364 extra
553 4315 636 4376 regiam
655 4315 828 4370 marcelasco,
845 4327 869 4364 et
900 4318 1038 4380 conjectura.

367 4377 639 4444 Antigonus'perinvitus
660 4379 774 4439 abfuisse,
800 4379 866 4427 facile
934 4381 954 4414 ¹⁵
966 4379 1038 4430 Fama
1049 4385 1125 4430 incerti
1135 4383 1224 4444 nuncia]
1250 4381 1313 4430 Mire
1332 4383 1407 4446 plera

365 4440 522 4490 descendimus
553 4446 578 4492 in
604 4445 689 4505 Sigonii
724 4445 869 4500 sententiam,
901 4445 1170 4512 Perizoniicoujecturar
1187 4447 1268 4511 ,sarna
1286 4449 1340 4498 dein
1354 4451 1409 4498 σπη’

365 4509 403 4571 qui
415 4517 480 4574 putat
495 4509 582 4558 dedisse
597 4511 703 4560 Livlum:
730 4508 810 4560 Tauron
827 4511 867 4560 ad-
900 4513 984 4560 mincii.
