3026 5164
243 279 249 289 ¹
353 331 412 390 sss
761 325 845 388 siri
862 325 962 388 mun

145 557 148 566 ,
188 495 329 548 nossa

190 563 327 614 aona.

356 489 466 553 bellum
481 489 629 570 nusquam
650 483 722 548 alibi
744 496 820 563 erat,
845 484 968 548 decreti.
1014 481 1168 562 Praetores,
1190 480 1228 546 Ca
1243 479 1400 545 Decimius

356 575 464 640 Flavus
479 577 637 653 urbanam,
653 571 687 634 P.
699 571 855 648 Cornelius
868 571 1019 654 Cethegus
1035 573 1115 633 inter
1127 572 1207 644 cives
1222 571 1258 632 et
1269 569 1400 652 peregri·

355 683 412 724 nos
427 663 527 724 sortiti
543 673 614 724 suut
623 683 632 737 3
656 657 694 722 C.
708 657 905 742 Sempronius
919 657 1033 722 Blaesus
1055 655 1202 737 Siciliam,
1227 657 1269 727 Q.
1284 653 1401 718 Nerius
1422 664 1429 678 “

356 747 468 813 Matho
483 746 665 825 Sardiniam,
681 758 721 810 et
741 759 776 808 ut
791 747 872 808 idem
888 747 926 809 de
941 744 1093 809 veneficiis
1108 757 1266 827 quareret,
1287 743 1328 804 Α.
1341 730 1401 803 'le-

332 823 469 898 *rentius
484 831 581 896 Varro
603 831 784 915 Hispaniam
807 833 990 911 citeriorem,
1013 831 1046 894 P.
1068 829 1267 915 Sempronius
1281 829 1402 912 longus

271 951 280 974 o
355 920 540 1004 Hispaniam
555 921 738 983 ulteriorem.
780 919 829 982 De
852 922 890 981 iis
913 921 1029 986 duabus
1052 919 1214 1002 provinciis
1228 917 1326 999 legati
1353 936 1403 998 per

301 1001 302 1006 ’
354 1009 388 1070 id
402 1009 465 1070 fere
480 1018 610 1090 tempus,
634 1005 669 1070 1..
684 1005 842 1069 Juventius
858 1003 980 1068 Thalna
995 1017 1028 1068 et
1040 1005 1079 1068 Τ.
1094 1005 1279 1077 Quinctilius
1293 999 1404 1082 Varus,

354 1107 511 1160 venerunt.
534 1095 596 1176 qui,
620 1105 765 1176 quantum
779 1094 894 1156 bellum
911 1093 978 1176 jam
994 1092 1185 1176 profligatum
1200 1093 1233 1154 in
1250 1089 1405 1173 Hispania

355 1195 445 1260 esset,
468 1195 575 1244 senatu
600 1181 721 1258 edocto,
744 1181 937 1263 postularunt
962 1179 1063 1258 simul,
1086 1191 1121 1241 ut
1143 1199 1198 1262 pro
1222 1177 1314 1240 rebus
1340 1189 1404 1242 tan

354 1288 496 1351 prospere
510 1270 601 1350 gestis
610 1267 683 1330 »Diis
699 1267 907 1329 inmortalibus
921 1267 1083 1330 haberetur
1098 1267 1204 1343 bonos,
1227 1270 1261 1328 et
1274 1277 1312 1326 ut
1327 1279 1403 1347 pre-

353 1357 467 1417 toribus
493 1357 657 1418 exercitum
682 1355 841 1438 deportare
866 1355 981 1417 liceret.
1025 1351 1216 1446 Supplicatio
1230 1354 1262 1414 in
1278 1351 1404 1413 biduum

354 1442 477 1505 decreta
502 1455 558 1505 est.
585 1443 623 1504 de
649 1443 818 1525 legionibus
844 1441 1050 1525 deportandis,
1072 1459 1164 1522 quum
1187 1439 1226 1502 de
1241 1438 1402 1501 consulum

270 1550 272 1556 ·
353 1543 575 1612 pratorumque
591 1531 773 1592 exercitibus
790 1540 938 1610 ageretur,
961 1547 1023 1590 reru
1047 1529 1197 1610 integram
1220 1526 1326 1588 referri
1338 1524 1402 1608 jus-

354 1629 466 1680 serunt.
510 1615 626 1678 Paucos
641 1625 711 1698 post
725 1616 789 1677 dies
805 1618 831 1656 ³⁹
844 1616 1016 1678 oonsulibus
1037 1617 1070 1678 in
1097 1613 1225 1697 Ligures
1251 1613 1334 1676 bina
1360 1613 1404 1674 le·

353 1705 470 1784 giones,
496 1721 569 1784 quas
584 1702 644 1784 Ap.
661 1699 807 1764 Claudius
822 1715 854 1764 et
867 1699 915 1764 M.
931 1700 1127 1785 Sempronius
1142 1693 1329 1780 habuerant,
1350 1700 1404 1762 ds-

295 1806 299 1814 ·
353 1803 443 1852 creta
457 1801 538 1852 sunt.
583 1788 632 1852 De
647 1788 830 1851 exercitibus
846 1787 1099 1872 Hispaniensibus
1113 1807 1227 1871 magna
1241 1789 1404 1852 contentio

354 1875 413 1938 fuit
438 1877 518 1940 inter
543 1893 638 1944 nosos
663 1887 807 1958 praetores
832 1887 864 1938 et
888 1877 1002 1938 amicos
1031 1875 1213 1956 absentium,
1243 1874 1402 1960 Calpurnii

353 1962 558 2046 Quinctiique.
593 1961 731 2045 Utraque
746 1981 854 2026 caussa
868 1963 1006 2026 tribunos
1020 1961 1128 2045 plebis,
1142 1965 1171 2002 ⁴·
1181 1973 1314 2044 utraque
1329 1981 1402 2024 con·

353 2051 431 2112 sules
458 2049 601 2112 habebat.
625 2053 651 2090 ⁴¹
670 2049 701 2111 hi
717 2049 743 2130 ¹²,
772 2071 804 2111 se
830 2050 1049 2112 intercessuros
1079 2049 1357 2125 senatusconsulto,
1376 2048 1403 2110 si

352 2137 558 2220 deportandos
583 2149 740 2200 censerent
766 2137 924 2215 exercitus,
949 2137 1190 2213 denuntiabant3
1218 2136 1277 2214 illi,
1300 2136 1327 2198 si
1342 2135 1402 2198 baec

245 2257 250 2278 ι
353 2225 529 2287 intercessio
555 2219 652 2303 fieret,
679 2224 794 2286 nullam
821 2243 885 2289 rem
901 2223 1007 2285 aliam
1036 2239 1069 2285 se
1096 2223 1219 2285 decerni
1249 2241 1404 2306 passinus.

191 3173 327 3222 Contentio-

188 3254 231 3287 nes
241 3240 270 3288 de
284 3255 343 3304 prte-

190 3315 250 3356 liin·

351 2308 444 2374 Victa
469 2321 622 2393 postremo
649 2311 818 2373 absentium
843 2310 943 2392 gratia
970 2321 1028 2389 cst,
1050 2321 1083 2374 et
1103 2310 1404 2373 senatusconsultum

353 2397 479 2476 factum,
495 2399 505 2430 ‘
522 2396 567 2460 Ut
586 2410 729 2483 pretores
756 2409 886 2480 quatuor
906 2397 1003 2458 millia
1027 2397 1165 2480 peditum
1192 2395 1404 2460 Romanorum

354 2485 554 2562 ‘scriberent
583 2485 819 2567 quadringentos
844 2485 970 2566 equites,
993 2494 1025 2546 et
1044 2485 1176 2566 quinque
1191 2483 1405 2572 millisusooio-

355 2569 444 2631 ‘runi
468 2571 606 2652 peditum
628 2567 730 2632 Latini
746 2571 888 2650 nominis,
911 2570 1094 2654 quingentos
1109 2571 1234 2651 equites,
1260 2589 1340 2651 quos
1354 2589 1405 2630 se-

355 2657 450 2717 ‘cum
473 2657 505 2717 in
528 2654 709 2739 Hispaniam
726 2671 891 2740 portarent.
906 2663 933 2698 ⁴²
944 2666 1035 2741 quum
1056 2678 1109 2719 ess
1125 2657 1252 2740 legiones
1268 2667 1403 2739 quatuor

355 2743 366 2775 ‘
381 2742 622 2825 descripsissem,
638 2745 720 2824 quud
734 2745 812 2828 plus,
828 2764 919 2825 quam
933 2747 1025 2828 quina
1046 2743 1145 2806 millia
1164 2743 1306 2826 peditum,
1334 2755 1401 2805 tre·

356 2829 447 2890 ‘ceni
472 2830 600 2912 equites,
628 2830 659 2891 iu
674 2831 798 2912 singulis
813 2831 983 2913 legionibus
999 2841 1089 2909 esset,
1114 2832 1319 2893 dimitterent:
1344 2849 1403 2892 esis

357 2916 524 2999 ‘primum
540 2917 591 2998 qui
607 2918 736 2979 emerita
750 2918 902 3000 stipendia
917 2919 1063 2980 haberent
1072 2941 1082 2996 ;
1105 2917 1226 2998 deinde,
1247 2929 1284 2978 ut
1298 2915 1405 2997 cujus·

357 3002 440 3084 ‘que
462 3002 627 3066 fortissima
649 3025 743 3088 opera
765 3003 944 3087 Calpumius
959 3017 991 3067 et
1011 3004 1172 3076 Quinctius
1187 3005 1219 3064 iu
1232 3002 1344 3088 proelio
1358 3003 1405 3064 usi

357 3091 503 3150 ‘essent’
817 3107 823 3124 ··
1089 3103 1094 3108 “
1226 3089 1230 3095 ’
1258 3101 1263 3110 “

398 3175 547 3239 XXXIX.
570 3175 638 3240 Hae
665 3176 771 3239 sedata
793 3177 1001 3256 contentione,
1023 3177 1084 3240 alia
1105 3177 1234 3240 subinde
1258 3173 1297 3238 C.
1311 3175 1408 3238 Deci·

355 3264 408 3326 mii
432 3263 567 3347 praetoris
593 3277 690 3326 morte
717 3277 824 3326 exorta
847 3277 903 3326 est.
949 3263 1006 3326 Cn.
1033 3263 1163 3326 Sicinius
1178 3276 1212 3327 et
1227 3259 1264 3326 ln.
1280 3263 1406 3348 Pupius,

357 3351 415 3434 qui.
424 3351 527 3413 aediles
541 3353 681 3434 proximo
697 3371 778 3413 anno
793 3351 923 3430 fueraut,
946 3362 979 3416 et
993 3349 1029 3415 C.
1043 3349 1180 3414 Valerius
1200 3351 1315 3414 flamen
1329 3349 1406 3414 Dis-

814 3469 827 3504 '¹
843 3477 861 3524 ii
872 3475 947 3525 Gron.

386 3563 409 3602 ³⁹
426 3563 563 3627 Cmmlibm]
589 3565 636 3614 Hic
653 3565 761 3614 mendose
781 3565 862 3625 legitur
894 3565 1096 3630 patramlcgs'ones,
1117 3551 1228 3630 quaejam
1239 3565 1408 3614 tutnennt'm

354 3631 378 3680 in
390 3630 539 3678 Gronovianis
549 3631 686 3679 editionibus
694 3630 784 3678 conardi.
801 3631 862 3680 nite
894 3629 1016 3695 Hispsnla,
1029 3631 1192 3692 domiminus.
1226 3629 1270 3679 Eos
1280 3644 1361 3680 autern
1370 3631 1410 3678 ln·

354 3695 465 3746 editiones
483 3707 507 3744 et
523 3697 586 3744 vies.
602 3695 658 3744 MS.
675 3707 699 3743 et
717 3711 796 3744 masur
813 3696 861 3761 ipse
893 3695 1048 3757 colligendos
1067 3695 1190 3746 somna.
1221 3695 1285 3747 sodi
1303 3697 1367 3746 euin
1383 3699 1411 3743 in

354 3775 415 3861 stap't
426 3777 467 3874 lym
475 3777 502 3809 es
510 3761 607 3810 lectione
616 3777 684 3824 quarn
696 3761 853 3824 exumimus.
893 3761 993 3822 legiones
1003 3776 1049 3808 non
1061 3761 1257 3814 describebantur.
1293 3763 1411 3812 eamn

448 3837 524 3888 traque
534 3825 639 3888 consubt]
658 3826 709 3873 lmo
717 3828 830 3874 cumulem.
895 3827 954 3874 circa
964 3827 1025 3875 hanc
1036 3823 1220 3875 emendationem
1237 3825 1315 3890 aliqua
1326 3829 1412 3876 etism-
1494 3828 1499 3839 “

386 3894 407 3926 ⁴¹
426 3891 460 3940 Hi
478 3908 500 3940 ss
517 3892 677 3955 intercessuros]
700 3891 806 3953 Intelligs
825 3908 864 3942 eos
895 3892 1085 3942 numdtfficulrss
1093 3904 1207 3948 amanet.
1228 3893 1412 3956 sementa

355 3960 393 4020 qui
404 3955 509 4006 favebant
521 3957 583 4006 noris
594 3955 735 4020 praetoribus,
750 3969 800 4010 tuta
820 3958 862 4016 tri·
894 3973 922 4006 es
934 3974 955 4007 c.
967 3957 1007 4008 30.
1016 3972 1092 4022 supra,
1101 3970 1127 4006 et
1136 3975 1165 4008 ss
1175 3974 1197 4008 c.
1207 3957 1275 4009 stt.
1287 3971 1411 4010 xxxviii.

353 4022 494 4080 barontum
504 4021 864 4084 altemmeoonsulibm.Vulgo
895 4022 942 4070 imo
951 4033 975 4070 et
986 4038 1013 4069 ex
1025 4023 1087 4070 omni
1098 4035 1161 4071 retro
1171 4010 1241 4086 liujus
1250 4023 1412 4073 demdoslsis·
1498 4074 1503 4091 Ι

354 4090 411 4139 cditi
422 4089 506 4138 habeut
521 4090 547 4137 ii.
580 4088 733 4151 Reposuinrus
743 4087 806 4135 bs'sx
816 4103 864 4138 tino
895 4089 1025 4145 senadors
1035 4099 1126 4138 uatum
1136 4090 1161 4139 in
1177 4089 1290 4151 Hispanis
1307 4089 1414 4150 legion

354 4155 456 4218 eMbS.
475 4153 582 4211 Hesmii,
598 4165 623 4202 et
634 4166 713 4204 nuum
722 4151 861 4203 Victorino:
895 4153 972 4210 luisse,
985 4167 1031 4200 non
1042 4165 1147 4216 qustum
1178 4155 1226 4202 sed
1243 4155 1356 4204 nimirem
1373 4153 1414 4202 luit

354 4231 379 4266 ut
391 4222 524 4282 respoudeat
534 4220 569 4280 τᾷ
584 4220 619 4268 itti
630 4218 691 4281 quod
701 4217 811 4281 sequitur.
895 4234 932 4268 res
943 4231 1054 4276 mumius,
1067 4231 1092 4267 et
1102 4218 1266 4280 dimissiones
1277 4221 1375 4282 singrd‘n
1387 4221 1414 4266 in

385 4286 407 4320 ⁴²
423 4283 498 4337 Qunam
508 4287 572 4332 suste
591 4285 595 4296 '
622 4300 643 4332 ss
658 4293 753 4346 poscor
767 4286 862 4346 descrip-
895 4283 1009 4348 Hispanis
1024 4284 1159 4349 pauonum
1177 4287 1353 4336 dscsmuntnrs
1376 4285 1414 4333 Β·

350 4350 435 4412 susa]
461 4351 537 4398 Recto
558 4301 663 4398 effluat
686 4348 814 4417 Groqoiius
831 4365 860 4398 ex
893 4366 938 4413 qus
956 4361 982 4399 et
1002 4349 1026 4398 is
1044 4350 1192 4412 ssqnscubns
1207 4352 1279 4401 asnis
1291 4363 1413 4402 mun

351 4414 609 4482 ssotllouuroeroteri
623 4415 751 4476 nequivisse
764 4427 861 4478 quatuor
893 4430 942 4464 esse
961 4425 1051 4466 conam
1069 4431 1099 4467 ex
1115 4431 1180 4484 capp.
1199 4417 1241 4468 32.
1260 4420 1302 4470 36.
1320 4417 1366 4470 sb·
1385 4428 1415 4466 ss

350 4479 459 4541 legiones.
492 4479 548 4528 lico
558 4481 680 4534 emendati
704 4491 823 4544 quumsos
836 4483 861 4530 iu
892 4483 934 4534 ts.
945 4480 1011 4534 ixa.
