3038 5200
393 395 450 453 ue
782 425 785 432 ·
811 385 895 448 TIT}
914 383 1016 446 leu

227 565 367 623 umes,
393 543 463 622 fuit,
490 564 581 625 quam
606 543 688 628 quod
713 543 884 606 universum
908 540 1048 602 homines
1078 551 1233 624 caperent.
1277 535 1340 600 Vix
1365 537 1442 600 satis

225 631 298 688 Mo
311 631 366 688 1⁹⁶·
394 631 516 694 credere
537 651 570 694 se
592 631 717 714 quisque
738 628 879 690 audisset
915 627 965 694 alii
1001 627 1077 688 alios
1110 626 1233 702 intueri,
1268 623 1441 687 mirabundi

392 717 477 780 velut
502 717 612 780 somnii
641 736 750 778 verram
780 714 934 798 speciem:
970 715 996 752 ⁸⁴
1013 713 1095 794 quod
1120 713 1161 774 sd
1187 731 1340 793 quamque
1370 730 1436 791 per-

394 803 517 880 tineret,
543 823 663 866 sunrum
680 801 794 864 aurium
815 799 886 864 fidei
909 799 1069 862 minimum
1093 799 1262 875 credentes,
1284 797 1441 880 proximos

395 889 633 972 interrogabant.
678 887 847 948 Revocatus
874 907 983 968 preco,
1009 905 1101 968 quum
1140 885 1345 965 unusquisque
1378 903 1439 944 non

396 976 511 1051 andire,
537 975 592 1036 sed
615 973 716 1036 videre
749 973 896 1036 libertatis
933 993 992 1036 sue
1025 971 1167 1034 nuncium
1192 980 1304 1047 averet,
1331 969 1439 1032 iterum

396 1062 673 1144 ‘tpronunciaretr
699 1057 817 1120 eadem.
860 1055 941 1120 Tum
964 1058 1002 1120 ab
1025 1069 1109 1120 certo
1128 1057 1193 1139 jam
1208 1055 1441 1138 gaudiotautus

395 1167 466 1220 cum
480 1147 614 1230 clamore
629 1146 750 1230 plausus
766 1156 812 1206 est
827 1155 921 1221 ortus,
942 1144 1093 1225 totiesque
1117 1145 1275 1226 repetitus,
1300 1153 1337 1210 ut
1351 1141 1439 1202 facile

395 1233 567 1313 adpareret,
590 1231 666 1292 nibil
681 1231 817 1292 omnium
832 1231 981 1294 bononun
1001 1229 1190 1292 multitudini
1204 1228 1333 1310 gratius,
1349 1247 1439 1306 quarn

395 1317 567 1382 libertatem
582 1338 660 1380 esse.
703 1314 867 1378 Ludicrunr
883 1316 993 1378 deinde
1015 1317 1059 1378 ita
1080 1318 1192 1398 raptim
1207 1327 1367 1397 peractum
1380 1325 1439 1391 est,

395 1415 431 1466 ut
445 1404 555 1466 nullius
592 1425 648 1464 nec
674 1402 779 1480 animi,
804 1423 860 1464 nec
886 1403 966 1464 oculi
991 1402 1167 1484 spectaculo
1193 1400 1304 1464 intenti
1325 1411 1434 1460 essent.

395 1489 475 1552 adeo
488 1510 581 1552 unum
597 1488 743 1569 gaudium
754 1501 1016 1572 preoccupaverat
1029 1489 1166 1550 omniurn
1177 1488 1306 1550 aliarum
1317 1503 1437 1548 seusun

394 1575 599 1655 voluptatum.

439 1657 597 1723 XXXIII?
615 1659 707 1722 Ludis
731 1682 803 1722 vero
830 1659 973 1740 dimissis,
998 1680 1087 1722 cursu
1117 1679 1213 1742 prope
1237 1678 1347 1722 omnes
1374 1669 1439 1718 ten·

398 1746 469 1810 dere
486 1746 526 1808 ad
540 1747 754 1828 imperatorem
770 1746 964 1810 Romanum:
989 1757 1035 1823 ut,
1052 1758 1161 1808 ruente
1177 1745 1269 1808 turba
1288 1745 1320 1806 in
1335 1763 1439 1820 unum,

397 1832 493 1910 adira,
507 1832 685 1913 contingere
701 1833 841 1894 dextram
857 1832 1059 1914 cupientium,
1071 1851 1199 1896 coronas
1217 1834 1243 1871 ⁰⁶
1258 1832 1438 1898 lemniscos-

398 1939 456 2000 que
466 1917 648 2000 jaceutinm‚
663 1917 746 1978 haud
760 1918 865 1999 procul
881 1918 1015 2000 periculo
1031 1918 1132 1980 brerit.
1177 1915 1239 1980 Sed
1262 1930 1329 1984 crat
1348 1917 1439 1980 trium

397 2004 492 2072 forme
513 2015 547 2066 et
568 2003 697 2084 triginta
719 2023 869 2086 annorum
880 2027 891 2081 3
916 2015 949 2066 et
972 2023 1065 2084 quum
1092 2005 1184 2066 robur
1204 2003 1349 2088 juvente,
1373 2015 1439 2066 tum

396 2091 542 2172 gaudium
557 2109 597 2150 ex
611 2101 677 2152 tarn
697 2089 811 2170 insigni
833 2089 937 2170 glorio
960 2089 1071 2167 fructu,
1091 2090 1169 2152 vires
1194 2090 1441 2173 suppeditabant

396 2197 454 2241 nac
470 2196 602 2258 presens
616 2175 755 2238 omnium
770 2174 865 2238 modo
889 2176 985 2236 effirsa
1003 2176 1111 2238 letitia
1133 2188 1181 2238 ast
1190 2198 1200 2253 ς
1225 2175 1278 2239 sed
1293 2195 1348 2258 per
1363 2175 1441 2238 mul·

396 2273 446 2327 tos
467 2263 531 2326 dies
556 2261 651 2344 gratis
676 2273 710 2322 et
732 2261 982 2343 cogitationibus,
1006 2272 1039 2324 et
1066 2263 1255 2324 sermonibus
1280 2273 1440 2326 revocatae

396 2348 409 2381 ‘
423 2346 499 2412 Esse
514 2348 646 2430 aliquam
662 2347 694 2408 in
708 2349 795 2411 terris
810 2359 946 2429 gentem,
961 2367 1028 2428 que
1043 2367 1097 2410 sua
1114 2349 1254 2430 inpensa,
1267 2368 1320 2410 suo
1334 2347 1440 2410 laboro

397 2434 409 2508 f
424 2454 460 2494 aa
475 2433 608 2516 periculo
623 2433 706 2494 bella
718 2444 805 2514 gerat
819 2454 874 2516 pro
891 2433 1033 2498 libertate
1048 2434 1196 2498 aliorum:
1224 2455 1280 2496 nec
1296 2434 1357 2496 hoc
1371 2432 1438 2494 lini·

397 2519 409 2552 ⁴
425 2518 518 2596 timis,
530 2529 583 2580 aut
597 2519 773 2599 propinque
787 2518 950 2580 vicinitatis
972 2519 1156 2599 hominibus,
1172 2532 1225 2586 aut
1240 2521 1326 2585 terris
1342 2518 1439 2582 conti-

398 2603 510 2666 ‘nonti
530 2601 645 2684 junctis
672 2613 813 2684 prestet:
841 2605 939 2668 maria
953 2604 1095 2686 trajiciat,
1115 2606 1248 2686 nequod
1272 2617 1343 2668 toto
1366 2605 1438 2667 orbe

399 2688 411 2722 ‘
426 2700 574 2753 terrarum
590 2686 736 2769 injustum
748 2690 907 2772 imperium
923 2691 972 2769 sit,
984 2703 1016 2754 et
1027 2693 1137 2773 ubique
1151 2694 1175 2738 ⁶⁷
1181 2691 1241 2773 jus,
1254 2690 1310 2768 las,
1319 2691 1373 2752 lex
1383 2711 1440 2772 pc·

399 2773 411 2807 ‘
425 2774 598 2838 unnssima
611 2775 684 2836 sint.
719 2771 792 2837 Una
804 2797 878 2838 voce
889 2777 1035 2858 preconis
1047 2778 1298 2845 liberatasomnss
1308 2773 1439 2838 Graecias

400 2859 519 2941 ‘atque
540 2859 619 2922 Asin
643 2861 742 2922 urbes.
786 2859 856 2924 Hoc
882 2884 937 2944 spe
963 2865 990 2903 ⁶⁸
1001 2865 1172 2946 concipere,
1196 2863 1318 2924 audacia
1345 2860 1442 2924 animi

400 2946 411 2980 ‘
425 2946 517 3008 fuisse
531 2968 540 3007 ε
556 2946 597 3010 ad
612 2946 754 3012 effectum
769 2947 932 3026 adducere,
947 2949 1067 3012 virtutis
1079 2962 1112 3013 et
1126 2950 1252 3012 fortine
1264 2945 1421 3028 ingentis?

232 3041 368 3104 Legem
443 3029 592 3100 XXXIV.
614 3030 789 3096 Secundum
812 3033 873 3096 ista
894 3033 960 3116 jnnr
986 3035 1147 3106 Quinctius
1171 3047 1203 3100 et
1224 3035 1330 3096 decem
1350 3033 1441 3114 legati

233 3121 388 3188 'imnum
402 3117 571 3202 lagationes
596 3139 714 3200 regum,
734 3119 884 3200 gentium,
907 3120 1136 3202 civitatiumque
1159 3121 1307 3184 audivere.
1352 3117 1441 3184 Primi

233 3183 388 3290 ffl‘mu'
400 3206 537 3270 omnium
565 3206 644 3286 regis
664 3204 813 3268 Antiochi
835 3207 935 3268 vocati
959 3207 1053 3288 legati
1078 3219 1158 3271 sunt.
1178 3208 1226 3270 bis
1245 3206 1365 3284 eadem,
1380 3224 1441 3285 qun

399 3289 462 3360 tere
485 3291 591 3356 Romae
614 3302 712 3368 erant,
733 3291 826 3354 verba
847 3295 873 3332 ⁶⁹
887 3293 951 3356 sine
976 3291 1036 3355 fide
1062 3305 1161 3368 rarum
1184 3293 1315 3376 jactata
1358 3287 1440 3354 Nihil

394 3375 461 3458 jam
485 3378 641 3463 perplexe,
666 3388 808 3454 utente,
832 3398 923 3459 quum
948 3376 1046 3440 dubiae
1070 3401 1117 3441 res
1142 3378 1287 3441 incolumi
1303 3375 1440 3458 Philippo

399 3473 498 3539 erant,
513 3462 568 3523 sed
585 3475 689 3543 aperte
712 3464 957 3544 pronunciatum,
978 3475 1013 3526 ut
1033 3465 1194 3528 excederet
1209 3463 1290 3526 Asin
1312 3462 1440 3539 urbibus,

399 3567 467 3630 quar
481 3557 535 3611 aut
550 3545 692 3628 Philippi,
719 3558 772 3613 aut
796 3546 949 3614 Ptolemaei
977 3570 1082 3632 regum
1103 3550 1241 3624 iuisaent.
1264 3553 1291 3597 ⁷⁰
1308 3547 1441 3612 abstim

799 3650 964 3708 *mutuatim
973 3647 1035 3712 Rup.

429 3719 456 3756 θ*
465 3721 530 3776 ‘brad
540 3724 571 3770 aa
580 3737 682 3786 quemque
690 3724 821 3788 pertineret]
844 3727 904 3776 Hae
936 3727 1058 3792 opponitur
1067 3729 1179 3778 voluntati
1189 3729 1337 3778 dominantis.

397 3787 465 3836 mbr
483 3787 540 3836 nrbrl
559 3787 647 3836 habent
664 3789 729 3837 Livio
744 3791 846 3850 dignum,
864 3793 904 3840 scd
966 3791 989 3827 ⁶⁸
1009 3793 1137 3856 cmctpm]
1181 3795 1229 3844 llic
1256 3809 1348 3858 quoque
1377 3791 1446 3840 habu

396 3853 472 3930 potius
493 3853 605 3904 oscitante
627 3852 723 3932 librario.
764 3855 843 3919 ltaque
865 3857 903 3906 rel
935 3855 1022 3919 Sigonii
1049 3857 1241 3936 enudationem.
1283 3859 1363 3906 Antea
1384 3856 1444 3918 lega·

396 3917 834 4062 mddmibleldeblddillmllegs
854 3999 905 4048 pro-
937 3921 1192 4066 bagnfficpffiem
1203 3983 1306 4050 jactato]
1336 3982 1444 4062 Gelenius

394 4056 591 4177 ωεῗὲιιπίωω]
612 4111 733 4161 Lernnltei
747 4125 814 4162 erant
828 4115 905 4162 incias
937 4049 1297 4174 iblillsslletsiirdowiilbblelldnotd
1309 4065 1386 4163 ilitlii⁸
1402 4047 1445 4113 ψ.

394 4175 814 4242 ἁωὶοηιὸορεηάευιειειωτοηίι.
835 4181 903 4227 Gne·
937 4181 1084 4246 precedunt:
1110 4181 1155 4229 Hit
1172 4181 1253 4237 eadem,
1271 4180 1401 4258 quesere·

395 4243 651 4372 mzffhlttoellllhlg]
667 4307 710 4356 Jltt
722 4319 746 4358 et
757 4307 800 4372 faa
816 4309 901 4357 burna-
936 4245 1191 4373 llrllillddbarpledllefid.
1211 4261 1286 4294 mm
1300 4245 1446 4308 *imm

395 4373 619 4436 nrmtdmneque
636 4375 697 4436 jun,
714 4374 822 4437 quidquid
837 4375 904 4438 juste
967 4377 1121 4426 ⁷⁰Abstinerst
1145 4375 1230 4432 libetur,
1252 4391 1285 4422 orn
1387 4369 1448 4421 Gre-

394 4435 509 4484 sancirnnr
527 4435 615 4495 legibus
630 4449 669 4485 rur
687 4439 791 4487 humanis
808 4449 848 4488 aut
866 4440 902 4487 dl·
935 4439 982 4502 σω]
1018 4441 1078 4490 Haec
1093 4441 1203 4490 mendosa
1218 4451 1282 4489 sunt.
1344 4454 1367 4486 rx
1388 4437 1447 4485 rile-

394 4498 452 4550 vinu
467 4510 511 4551 est.
536 4497 583 4548 las
598 4501 698 4564 densat
716 4504 856 4565 libertatern,
870 4515 904 4575 vct
935 4519 987 4555 nur
1022 4507 1138 4558 dubitare·
1159 4521 1233 4570 pone,
1259 4503 1315 4569 qn'n
1351 4504 1448 4570 senpe-
