3026 5164
394 365 475 440 uls.
493 363 640 427 XXXIX.
661 365 743 426 cst’.
757 364 839 425 XIV.
1088 367 1150 429 409

102 521 309 608 ‘discerpturi
325 537 434 588 essent.
456 526 558 608 itaque
576 527 636 588 hoc
658 549 689 588 se
714 524 892 610 Sulpiciam,
916 528 976 588 hoc
992 527 1147 590 consulem
1161 537 1194 587 U.
1203 539 1233 588 e.
1245 539 1301 590 stt.

103 609 115 644 ‘
131 633 229 692 orare,
251 625 285 675 ut
298 634 331 675 se
346 624 433 675 extra
447 611 568 676 ltaliam
585 615 686 697 aliquo
702 616 913 691 amandarent,
935 615 985 676 ubi
1001 615 1148 696 reliquum
1161 605 1193 655 Α·
1205 605 1234 654 ⁶·
1249 607 1303 655 ¹⁸⁶·

104 697 198 760 ‘vitae
211 699 323 782 degere
337 711 404 762 tuto
420 713 532 783 posset.
577 700 664 763 Bono
684 703 786 764 animo
809 699 889 763 esse’
901 701 1009 784 jubere
1034 702 1045 734 ‘
1060 701 1148 764 eam'

103 786 221 862 consul,
236 800 279 864 ct,
294 787 304 820 ‘
319 787 376 848 sibi
392 809 470 850 curae
485 787 571 866 lore,’
588 789 699 865 dicere,
713 790 769 851 ‘ut
782 789 886 850 Romae
898 801 965 852 tuto
977 787 1149 853 habitaret'
1163 799 1275 850 Indicium

102 869 185 935 Tum
195 872 326 956 Hispala
336 875 485 956 originem
498 896 652 938 sacrorum
664 876 828 958 expromit.
850 873 975 939 ‘Primo
986 877 1149 939 sacrarium
1163 863 1274 932 tlt-palo.

104 958 119 1020 ‘.
133 960 353 1022 idfeminamm
364 961 466 1041 fuisse,
476 982 534 1024 nec
544 983 725 1044 quemquam
731 964 828 1024 virum
838 983 875 1024 eo
886 963 1008 1028 admitti
1018 964 1151 1026 solitum.

103 1045 116 1079 ‘
130 1045 209 1110 'ibes
223 1048 254 1108 in
271 1069 352 1110 anno
367 1060 463 1112 statos
479 1049 544 1111 dies
560 1051 712 1129 habuisse,
732 1050 840 1131 quibus
863 1051 995 1112 interdiu
1019 1050 1150 1113 Bacchis

103 1132 116 1166 ‘
130 1134 333 1199 initiarentur.
364 1133 547 1200 Sacerdotes
563 1141 590 1178 δ’
600 1138 632 1199 in
641 1137 739 1200 vicem
755 1149 911 1199 matronas
926 1140 1021 1200 creari
1036 1139 1151 1202 solitas.

104 1220 116 1254 ‘
133 1219 287 1284 Pacullam
298 1222 454 1285 Anniam?
465 1222 655 1308 Campanam
665 1225 856 1286 sacerdotem
867 1225 981 1302 omnia,
994 1238 1151 1308 tamquam

103 1306 235 1370 ‘Deum
249 1309 380 1389 monitu,
395 1310 572 1374 inmutasse.
593 1332 666 1373 nam
682 1323 716 1374 et
731 1311 811 1373 viros
835 1331 903 1372 carn
928 1312 1058 1397 primam
1082 1333 1151 1374 suos
1234 1315 1237 1322 '

104 1393 116 1426 ‘
132 1393 211 1457 filios
221 1396 367 1475 initiasse,
376 1395 509 1460 Minium
519 1411 550 1460 et
560 1396 748 1460 Herennium
760 1396 922 1461 Cerrinios.
932 1411 1152 1462 etnoctummn

103 1481 115 1514 ‘
132 1501 251 1544 sacrum
268 1503 307 1546 ex
323 1483 441 1562 diurno,
463 1497 497 1547 et
510 1507 566 1568 pro
580 1486 678 1548 tribus
693 1487 724 1547 in
741 1505 823 1547 anno
839 1485 944 1546 diebus
960 1487 1068 1566 quinos
1088 1488 1148 1548 ain·

104 1568 208 1650 ‘gulis
223 1566 376 1642 mosibus
393 1572 459 1634 dies
472 1573 628 1635 initiorum
644 1572 762 1634 fecisse.
786 1571 846 1634 ux
861 1571 965 1652 quoin
978 1573 1152 1654 promiscuo

104 1655 116 1688 ‘
131 1676 219 1718 sacra
234 1658 306 1736 sint,
322 1669 353 1720 et
367 1659 509 1741 permixti
523 1657 579 1721 riri
594 1659 773 1737 feminis,et
787 1659 886 1722 noctis
901 1658 1027 1732 licentia
1049 1679 1152 1721 acces-

105 1742 220 1823 ‘serit,
246 1744 322 1806 nihil
337 1745 379 1807 ibi
402 1743 555 1825 facinoris,
579 1746 653 1808 nihil
670 1745 776 1828 flagitii
792 1746 1037 1828 pretermissum.
1065 1746 1154 1828 plura

105 1830 265 1894 ‘virorum
281 1831 359 1895 inter
374 1853 451 1912 sese,
470 1853 561 1915 quam
576 1834 767 1911 seminarum,
795 1847 998 1915 esse'stupra.
1043 1829 1076 1893 Si
1103 1833 1153 1917 qui

105 1916 116 1950 ‘
131 1917 231 1980 minus
246 1919 397 2001 patientes
412 1920 569 1984 dedecoris
584 1921 654 2000 sint,
677 1931 709 1982 et
724 1921 869 2003 pigriores
885 1920 926 1982 ad
946 1919 1073 1999 facinus,
1097 1941 1153 2002 pro

104 2003 116 2040 ‘
131 2005 263 2068 victimis
273 2005 429 2080 inmolari:
447 2007 522 2069 nihil
532 2007 617 2070 nefas
630 2009 751 2085 ducere,
760 2008 840 2069 hanc
850 2025 998 2072 summam
1012 2007 1092 2069 inter
1101 2028 1153 2069 eos
1239 2051 1242 2056 -

105 2089 116 2124 ‘
131 2092 314 2174 religionem
328 2114 403 2156 esse.
447 2093 548 2173 Viros,
562 2095 644 2156 velut
659 2108 761 2157 mente
776 2105 877 2176 capta,
893 2113 963 2156 crsn
982 2093 1154 2176 jactatione

105 2177 118 2211 ‘
133 2177 270 2262 fanatica
279 2182 413 2264 corporis
424 2181 599 2259 vaticinari;
615 2195 769 2244 matronas
778 2179 968 2242 Baccharum
981 2181 1085 2243 habitu
1095 2183 1154 2243 cri-

104 2265 221 2328 ‘nibus
236 2269 368 2350 sparsim
384 2289 452 2330 cum
466 2269 639 2331 ardentibus
651 2269 765 2330 lacibus
777 2269 935 2330 decurrere
958 2268 997 2330 ad
1007 2265 1155 2348 Tiberim,
1226 2319 1230 2328 .

105 2351 118 2384 ‘
135 2353 341 2436 demissasque
350 2355 382 2416 in
395 2376 504 2437 aquam
516 2356 597 2418 laces
611 2354 695 2437 (quia
707 2357 841 2418 ⁶³virum
853 2355 977 2438 sulphur
989 2376 1058 2416 cum
1071 2355 1155 2416 calce

104 2438 116 2472 ‘
132 2439 220 2521 insit)
248 2442 367 2524 integra
391 2443 514 2506 flamma
528 2443 644 2506 efferre.
679 2442 797 2525 Raptos
812 2464 831 2503 a
845 2442 912 2504 Diis
928 2442 1067 2504 homines
1082 2442 1154 2518 dici,
1173 2517 1175 2528 Ι

104 2526 212 2608 ‘quos
242 2529 390 2591 machinas
419 2530 564 2612 inligatos
589 2551 628 2592 ex
652 2539 817 2612 conspectu
847 2529 878 2590 in
904 2529 1022 2591 abditos
1047 2549 1154 2610 specus

103 2613 115 2648 ‘
132 2614 297 2698 abripiant.
311 2637 364 2678 eos
375 2637 453 2694 esse,
464 2618 515 2698 qui
526 2629 579 2678 aut
587 2615 755 2698 conjurare,
768 2625 822 2678 aut
839 2616 948 2677 sociari
961 2615 1155 2694 facinoribus,

105 2700 117 2735 ‘
133 2714 190 2764 aut
204 2713 337 2786 stuprum
350 2702 414 2787 pati
428 2703 592 2766 noluerint.
614 2701 848 2778 Multitudinem
860 2703 1014 2783 ingentem
1027 2701 1155 2764 alterum

106 2788 117 2822 ‘
129 2787 199 2870 jam
214 2809 309 2872 prope
323 2791 470 2874 populum
485 2812 571 2853 esse:
596 2791 627 2852 in
643 2792 690 2852 his
705 2791 822 2852 nobiles
838 2789 986 2871 quosdam
1009 2789 1088 2851 viros
1108 2789 1155 2850 fe-

106 2875 118 2908 ‘
135 2875 303 2959 minasque.
347 2877 477 2940 Biennio
492 2879 632 2961 proximo
647 2879 822 2939 institutum
837 2898 912 2954 esse,
927 2896 965 2937 ne
981 2877 1047 2958 quis
1060 2875 1156 2958 major

105 2961 242 3044 ‘viginti
258 2965 346 3037 annis
361 2965 539 3028 initiaretur.
564 2965 681 3048 captari
697 2975 801 3027 aetates
824 2974 854 3026 et
877 2963 986 3026 erroris
1008 2973 1040 3024 et
1062 2963 1156 3046 stupri

107 3048 307 3132 ‘patientes'

153 3134 241 3200 XlV.
275 3137 401 3200 Peracto
438 3139 562 3217 indicio,
597 3139 741 3201 advoluta
773 3159 872 3200 mrsus
898 3136 1026 3218 genibus
1051 3158 1156 3220 preces

108 3224 247 3303 easdem,
265 3237 298 3287 ut
312 3247 343 3288 se
359 3226 523 3308 ablegaret,
544 3226 691 3309 repetivit.
735 3224 849 3288 Consul
866 3236 955 3306 rogat
969 3244 1101 3300 socrum,
1123 3236 1157 3285 ut

108 3311 244 3392 aliquam
270 3325 385 3394 partem
409 3314 518 3376 aedium
534 3333 662 3374 vacuam
685 3313 811 3390 faceret,
835 3333 894 3393 quo
918 3309 1047 3394 Hispala
1067 3311 1156 3396 inmi7

107 3410 225 3478 gratet.
247 3401 434 3462 coenaculum
450 3421 539 3481 super
553 3401 632 3462 aedes
649 3400 754 3462 datum
770 3411 827 3476 est,
843 3398 931 3460 scalis
947 3397 1110 3459 ferentibus
1127 3399 1157 3460 in

108 3485 267 3566 publicum
284 3487 440 3564 obseratis,
459 3488 545 3549 aditu
559 3487 590 3548 in
606 3487 683 3548 aerles
698 3508 796 3550 verso.
824 3485 886 3556 Res
903 3505 1009 3546 omnes
1022 3483 1158 3546 Feceniae

107 3573 268 3655 extemplo
282 3574 445 3651 translatae,
461 3586 493 3635 et
508 3573 623 3635 familia
637 3574 793 3637 arcessita.
816 3583 848 3634 et
862 3570 1005 3633 AEbutius
1028 3573 1158 3653 migrare

110 3657 153 3719 ad
180 3660 311 3722 consulis
326 3662 470 3722 clientem
490 3659 600 3742 jussus.
647 3659 696 3724 lta
710 3682 802 3742 quum
819 3660 933 3721 indices
949 3660 1040 3721 ambo
1056 3661 1085 3720 iu
1104 3680 1158 3740 po-

109 3756 223 3807 testate
237 3761 349 3826 essent,
376 3769 438 3809 rem
453 3749 500 3809 ad
521 3760 658 3810 senatum
687 3747 859 3810 Postumius
885 3747 995 3822 desert,
1019 3748 1159 3808 omnibus

108 3832 219 3895 ordine
234 3837 392 3914 expositis,
408 3855 473 3917 qnae
489 3835 592 3897 delata
604 3836 714 3918 primo,
727 3856 792 3916 quae
806 3835 916 3895 deinde
927 3835 964 3895 ab
975 3855 1007 3894 se
1017 3833 1161 3914 inquisita

110 3919 224 3982 forent.
269 3921 372 3984 Patres
387 3943 480 4006 pavor
497 3922 603 4002 ingens
619 3925 711 4006 cepit,
728 3943 820 4003 quum
835 3921 958 4003 publico
974 3921 1108 3998 nomine,
1124 3941 1162 3983 ne

110 4005 188 4088 quid
203 4029 245 4070 eae
261 4007 487 4091 conjurationes
503 4023 658 4091 coctusque
675 4009 815 4072 nocturni
832 4009 945 4070 fraudis
960 4008 1087 4069 occultae
1110 4019 1161 4068 aut

241 4125 254 4157 Ρ
272 4123 367 4173 Muniam
378 4127 453 4174 Grou.
465 4125 534 4174 Creu.
867 4134 879 4168 ‘¹
894 4128 960 4188 passis
969 4125 1053 4174 Eoed.'

145 4211 168 4245 ⁵⁹
185 4211 213 4260 lu
224 4214 303 4276 vicen]
322 4214 367 4264 Per
378 4217 454 4264 vices:
473 4215 497 4262 in
509 4217 621 4264 ordinem.
654 4215 758 4264 solidum'
773 4215 889 4276 effoditur,
906 4231 930 4264 er
949 4216 1076 4264 avidissime
1097 4215 1164 4264 lium-

146 4278 168 4313 ⁵³
187 4276 264 4325 Vivum
285 4280 389 4342 sulphur]
415 4281 499 4329 Virum
520 4282 624 4345 sulphur,
656 4299 715 4328 mam
738 4283 843 4344 concipit.
874 4283 897 4310 '⁶
915 4283 1039 4345 lioperitur
1057 4284 1165 4346 frequens

111 4342 191 4391 Plinio
208 4355 279 4403 teste,
295 4346 311 4392 l.
324 4359 410 4395 xxxv.
427 4364 447 4395 c.
463 4351 499 4394 15.
517 4361 552 4394 est
568 4348 622 4395 illud
655 4349 682 4393 nd
694 4349 779 4394 radices
790 4348 903 4394 monrium
916 4349 1090 4408 ignivomarum,
1108 4365 1164 4410 qua·

111 4409 172 4470 quod
185 4409 260 4468 iguem
277 4425 322 4458 non
335 4425 370 4459 est
383 4423 514 4477 expertum,
534 4411 624 4475 ἄπυρον
655 4413 683 4459 lis
699 4427 732 4460 est
746 4413 857 4460 Vesuvius
872 4415 896 4460 in
915 4415 1045 4481 Campanis.
1070 4413 1165 4470 t'lurn.

112 4473 202 4522 Greci·
212 4486 328 4525 vocatum.
362 4478 424 4526 Nam
444 4477 529 4540 reliqua
540 4493 624 4537 genera
656 4478 673 4528 l.
688 4493 704 4529 t.
715 4479 811 4530 Adsere.
822 4496 842 4530 c.
854 4483 893 4529 29.

112 4540 219 4592 motion·
241 4555 356 4607 parantur.
396 4543 451 4594 Hoc
472 4543 587 4606 globosum
599 4557 624 4594 cr
663 4589 666 4596 .
