3068 5186
408 376 485 436 LIB.
505 376 651 438 XXXIX.
673 377 755 439 CAP.
768 376 852 439 VIII.
1095 385 1154 440 405

99 547 153 595 tus
168 531 284 615 rejecit.
338 530 431 595 Ludis
446 533 594 597 Romanis
614 557 651 598 eo
667 557 758 614 anno,
773 557 848 617 quos
863 534 897 598 P.
912 533 1070 598 Cornelius
1086 533 1147 597 Ce-
1163 548 1197 600 U.
1210 549 1240 599 c.
1252 551 1307 599 ⁵65.

100 621 222 701 thegus,
244 618 284 681 Α.
300 617 472 682 Postumius
494 621 624 684 Albinus
654 621 818 701 faciebant,
841 625 868 663 ³⁵
881 623 979 685 malus
1009 625 1039 684 in
1066 623 1147 684 circo
1162 615 1232 667 bc·
1246 617 1299 665 ¹⁸⁷·

100 707 252 768 instabilis
275 708 305 769 in
328 704 448 788 signum
464 707 618 771 Pollentiae
641 711 782 793 procidit,
797 724 889 792 atque
911 710 943 772 id
965 708 1086 792 dejecit.
1110 731 1148 771 ea

102 793 250 874 religione
275 796 351 856 moti
373 793 486 874 Patres,
506 808 537 858 et
563 797 644 858 diem
671 817 763 858 uuum
785 796 991 879 adjiciendum
1006 797 1147 858 ludorum

100 881 273 944 celebritati
295 893 487 958 censuerunt,
510 896 543 946 et
563 886 590 922 ³⁰
604 885 692 965 signa
713 884 773 946 duo
799 904 855 965 pro
878 904 940 946 uno
962 882 1147 966 reponenda,

102 979 137 1029 et
152 988 262 1030 novum
279 980 417 1031 auratum
434 969 617 1032 faciendum.
675 968 717 1034 Et
737 970 848 1054 plebeii
871 971 933 1034 ludi
957 972 995 1032 ab
1012 971 1148 1035 sedilibus

101 1053 140 1116 C.
156 1052 337 1139 Sempronio
351 1053 449 1119 Blaeso
472 1068 504 1122 et
519 1055 566 1120 M.
581 1056 672 1120 Furio
687 1055 786 1120 Lusco
809 1057 891 1121 diem
913 1078 1006 1120 unum
1031 1059 1147 1121 instau-

98 1142 161 1204 rati
177 1155 259 1206 sunt.

146 1227 235 1292 VIII.
261 1229 425 1312 Insequens
456 1251 552 1296 armus
581 1229 635 1315 Sp.
656 1230 844 1294 Postumium
872 1231 1017 1294 Albinum
1048 1243 1081 1294 et
1109 1232 1147 1304 Q.
1160 1249 1193 1298 tt.
1204 1248 1233 1299 c,
1244 1251 1301 1300 506.

101 1312 258 1379 Marcium
281 1316 455 1401 Philippum
485 1319 623 1382 consules
653 1321 692 1381 ab
720 1320 854 1382 exercitu
880 1319 1087 1401 bellorumque
1116 1331 1147 1382 et
1160 1315 1231 1398 ’,ΜΣ
1245 1315 1297 1366 ¹⁸⁶·

101 1405 328 1484 provincIarum
363 1427 436 1467 cura
470 1407 509 1467 ad
545 1406 694 1469 intestina
727 1405 947 1489 conjurationis
981 1406 1147 1469 vindictam
1159 1381 1295 1494 {phegeu-

100 1491 222 1554 avertit.
282 1492 425 1555 Praetores
441 1493 611 1575 provincias
636 1493 735 1556 sortiti
759 1503 840 1571 sunt,
857 1490 895 1556 T.
911 1491 1040 1554 Manius
1055 1493 1147 1553 urba·-
1159 1479 1251 1560 Msicto
1346 1539 1349 1544 ,

100 1597 186 1656 nam,
216 1575 263 1641 M.
287 1577 419 1642 Licinius
447 1579 587 1642 Lucullus
618 1580 698 1643 inter
726 1580 805 1641 cives
835 1591 868 1642 et
897 1581 1084 1662 peregrinos,
1111 1577 1146 1642 C.
1160 1579 1227 1628 0⁰³⁵·

98 1662 243 1728 Aurelius
271 1663 402 1729 Scaurus
432 1664 616 1746 Sardiniam,
644 1666 676 1728 P.
699 1665 856 1728 Cornelius
885 1663 970 1728 Sulla
999 1663 1147 1743 Siciliam,

99 1748 136 1814 L.
164 1751 325 1823 Quinctius
356 1753 513 1837 Crispinus
539 1753 721 1838 Hispaniam
750 1753 933 1832 citeriorem,
958 1752 996 1814 C.
1018 1750 1147 1835 Calpur-

100 1839 172 1900 nius
202 1838 271 1902 Piso
302 1839 483 1925 Hispaniam
519 1841 705 1904 ulteriorem.
780 1839 962 1927 Consulibus
989 1841 1147 1902 'ambobus

101 1928 229 2006 questio
250 1928 289 1991 de
311 1929 508 1992 clandestinis
530 1927 788 2010 conjurationibus
804 1927 929 1990 decreta
949 1939 1006 1990 est.
1063 1923 1147 1989 Grae-
1160 1939 1280 1990 Bieelmu
1404 1924 1409 1968 l
1441 1919 1445 1930 ’

102 2033 157 2074 cus
184 2015 326 2098 ignobilis
357 2017 387 2077 in
414 2014 568 2078 Etruriam
598 2016 729 2099 primum
758 2015 841 2077 venit
869 2015 953 2077 nulla
982 2035 1051 2076 cum
1083 2007 1199 2076 artab-

101 2119 219 2181 earum,
241 2123 315 2184 quas
337 2103 448 2165 multas
471 2103 510 2164 ad
526 2103 695 2165 animorum
709 2122 929 2186 corporumque
951 2102 1067 2163 cultum
1089 2121 1148 2163 no-

99 2188 147 2249 bis
173 2190 375 2252 eruditissIma
404 2190 540 2252 omnium
571 2209 645 2271 gens
671 2189 797 2267 invexit,
820 2188 1004 2252 sacrificulus
1035 2198 1068 2249 et
1094 2207 1148 2249 va-

102 2287 168 2337 tes:
198 2295 255 2338 nec
278 2277 314 2351 is,
335 2277 385 2358 qui
409 2289 514 2359 aperta
537 2277 694 2357 religione,
713 2275 871 2360 propalam
895 2287 926 2337 et
939 2287 1093 2358 ¹quaestum
1116 2287 1148 2336 et

103 2361 295 2445 disciplinam
325 2363 507 2447 profitendo,
538 2363 655 2425 animos
688 2365 713 2410 ³⁷
730 2361 877 2426 horrore¹
907 2363 1065 2440 imbueret,
1095 2361 1148 2422 sed

102 2449 294 2512 occultorum
324 2463 356 2513 et
384 2462 601 2512 nocturnorum
628 2461 649 2488 ¹¹¹
664 2450 788 2512 antistes
817 2470 981 2513 sacrorum.
1047 2444 1149 2510 ulni-

101 2536 148 2598 tia
175 2551 273 2618 erant,
299 2559 364 2621 quae
390 2529 490 2621 primo
514 2538 620 2622 paucis
650 2537 763 2598 tradita
788 2548 877 2599 sunt:
909 2535 1019 2598 deinde
1042 2535 1147 2616 vulga-

103 2624 126 2684 ri
160 2637 263 2706 coeptu
291 2635 387 2688 sunt¹¹
412 2646 466 2708 per
495 2627 575 2688 viros
605 2624 814 2704 mulieresque.
844 2624 954 2685 addite
981 2622 1149 2705 voluptates

104 2711 246 2792 religioni
272 2713 333 2774 vini
367 2723 398 2774 et
422 2713 590 2794 epulantm,
614 2731 675 2792 quo
701 2711 832 2794 plurium
864 2709 956 2772 animi
988 2708 1148 2770 inliceren·

103 2809 167 2860 tur.
238 2801 265 2839 ⁸⁹
281 2799 382 2871 Quum
412 2800 515 2861 vinum
545 2799 674 2877 animos,
702 2809 734 2859 et
762 2818 824 2858 nox
853 2809 885 2860 et
915 2796 1002 2858 mixti
1030 2795 1150 2856 feminis

104 2905 218 2963 mares,
231 2887 330 2949 atatis
345 2899 455 2948 tenera
477 2885 654 2969 majoribus,
670 2885 833 2947 discrimen
847 2904 938 2946 omne
953 2882 1078 2966 pudoris
1093 2903 1148 2944 ex-

104 2972 302 3049 stinxissent3
333 2974 510 3056 corruptelae
536 2973 667 3056 primum
694 2971 793 3032 omnis
822 2972 940 3052 generis
971 2968 1034 3030 fieri
1063 2989 1149 3050 coep·

104 3071 154 3138 tae,
177 3081 270 3142 quum
292 3061 384 3122 adid
406 3062 541 3142 quisque,
564 3080 623 3142 quo
644 3068 754 3119 natura
775 3058 922 3139 pronioris
944 3055 1079 3116 libidinis
1102 3075 1150 3115 es-

105 3159 165 3224 set,
181 3159 320 3229 paratam
342 3148 530 3230 voluptatem
545 3146 681 3207 haberet.
740 3141 806 3205 Nec
827 3163 920 3204 unum
942 3161 1038 3224 genus
1053 3161 1150 3217 noxa,

104 3245 212 3316 stupra
240 3235 413 3317 promiscua
441 3235 638 3314 ingenuorum
669 3229 920 3312 feminarumque,
950 3238 1056 3292 erantr
1097 3227 1150 3288 sed

106 3319 175 3382 falsi
193 3333 297 3400 testes,
313 3325 340 3360 ⁴⁰
354 3321 430 3383 falsa
451 3321 539 3402 signa
560 3319 794 3399 testimoniaque
816 3329 847 3379 et
868 3321 892 3356 ⁴¹
907 3315 1019 3377 indicia
1041 3335 1080 3378 ex
1099 3335 1151 3376 ea-

157 3435 164 3470 ¹
174 3461 247 3494 errore
258 3445 328 3497 Cret.
394 3449 413 3472 ¹¹
423 3457 444 3494 et
456 3456 612 3495 nocturnorum
621 3444 666 3494 del.
679 3444 752 3494 Gron.
764 3443 835 3494 Creu.
901 3445 913 3469 ¹¹
923 3451 974 3492 rum
985 3442 1029 3491 del.
1039 3442 1108 3490 Eoed.

140 3551 164 3586 ³⁵
176 3551 252 3600 Molas
269 3543 294 3600 ir'r
315 3551 377 3600 Circo
397 3554 504 3601 instabilis
523 3555 547 3600 ia
568 3556 613 3616 tig-
647 3552 710 3600 Vter.
722 3552 811 3609 melius,
825 3567 891 3614 quam
903 3550 963 3614 quod
975 3565 987 3597 a
999 3549 1091 3610 Sigonio
1101 3561 1153 3611 pro-

106 3635 163 3666 sum
180 3615 292 3665 Pollentia
309 3619 413 3680 procidit]
438 3618 615 3679 Intelligendum
647 3619 718 3666 latum
730 3619 828 3666 editores
841 3626 985 3682 receperant,
993 3615 1087 3679 lepore.

106 3682 154 3732 boc
171 3695 204 3731 est
224 3684 334 3745 designo
354 3684 404 3731 deta
425 3683 550 3740 Pollentiae,
570 3683 615 3732 sire
680 3684 701 3720 ὕ*
715 3682 782 3730 Initia
802 3683 877 3746 eram]
909 3681 1016 3741 Intellige
1037 3677 1154 3743 mysteria,

108 3748 236 3798 Potentiae:
251 3760 374 3811 utrumque
386 3750 448 3797 enim
459 3763 544 3798 nomen
555 3751 615 3797 idem
648 3749 728 3813 quibus
739 3749 896 3797 initiabantur:
913 3741 1103 3809 quemadmodum
1114 3761 1153 3792 su-

108 3830 152 3864 est.
192 3815 282 3863 Malum
299 3827 385 3870 autern,
405 3831 419 3862 a
436 3831 481 3876 quo
496 3817 615 3876 delectum
647 3831 696 3879 pra,
706 3815 722 3861 l·
734 3826 809 3863 xxxi.
820 3830 841 3862 c.
853 3815 890 3860 ld.
898 3829 938 3874 per
949 3811 1066 3859 initiorum
1076 3813 1129 3858 dier.

109 3881 231 3928 Pollentiae
250 3882 340 3940 rignum
356 3883 425 3928 tradit
441 3880 525 3936 livius,
543 3896 615 3928 unum
678 3881 702 3918 ⁸⁹
712 3878 786 3932 Quum
797 3880 961 3926 uiuumonirm
976 3886 998 3924 et
1009 3876 1062 3938 nor]
1083 3875 1153 3921 Haud

109 3961 138 3994 ex
160 3946 203 3993 Illis
220 3946 288 3993 fuisse
308 3945 452 4002 arbitramur,
469 3947 549 4008 quibua
565 3947 616 3994 vela
648 3946 715 3994 dubie
726 3954 833 4007 corrupta
843 3956 932 4020 eatror
940 3943 1031 3989 mimos.
1063 3937 1153 3986 Grono-

109 4010 617 4139 :sstllt5t‘ltlltttfl..tilttltlt
650 4025 771 4132 tuit?
771 4007 1077 4134 tlt:.‚llt'1‘.⁶l.l⁰‘“’
1099 4021 1151 4053 'm‘

112 4144 152 4190 doe
180 4155 281 4205 spectare
307 4143 401 4206 poesitu.
451 4143 617 4191 Msuctttut
682 4137 943 4200 ⁴0Fuiau...indicio]
969 4135 1039 4182 Falsa
1060 4133 1155 4182 delatio·

109 4207 250 4256 Donatus.
651 4222 700 4264 nes,
710 4205 766 4252 salsa
780 4205 874 4253 crimina
889 4203 912 4250 in
930 4206 1031 4250 insontes
1045 4200 1155 4262 conjectu.

144 4268 248 4334 ³⁶Siguo
265 4275 308 4320 duo
324 4289 365 4335 pro
382 4272 437 4335 rino]
462 4271 536 4320 Vetus
556 4271 618 4318 soili-
650 4273 704 4320 Non
722 4269 846 4320 absimilem
869 4268 974 4317 Catilinas
997 4265 1090 4312 chorum
1112 4267 1155 4312 rri-

113 4349 150 4386 oet
161 4339 251 4397 signum
266 4340 431 4404 reponendum,
441 4337 549 4401 adjuncto
560 4352 619 4385 novo
651 4338 700 4385 buit
713 4336 805 4393 Cicero,
819 4353 847 4385 ex
864 4335 973 4382 iudicibus
986 4340 1050 4394 etque
1065 4332 1157 4388 sicariis,

115 4419 170 4460 uuo,
189 4406 363 4470 quod-quidem
386 4417 488 4454 auratum
509 4405 559 4454 lieri
579 4401 618 4467 ju·¹
651 4420 693 4469 pro
705 4402 769 4450 Mur.
780 4417 806 4448 u.
818 4406 857 4450 49.
1127 4459 1133 4472 Ι

114 4470 190 4519 betur.
682 4469 703 4504 ⁴¹
716 4467 815 4530 indicio]
838 4465 912 4516 Proba
924 4463 1008 4528 Sigonii
1020 4459 1158 4512 emendatio.

146 4537 167 4576 ³⁷
180 4535 272 4600 Errare]
307 4537 345 4589 stc
363 4545 421 4587 vett.
442 4535 497 4586 editi
518 4547 543 4587 et
564 4535 618 4586 MS.
651 4533 716 4586 Ante
728 4535 840 4598 jurleta.-
