3068 5186
416 395 664 462 urumxxvu.
682 383 762 460 clu.
777 399 827 460 us
953 459 959 476 ,
1034 388 1140 463 ‘'ssi
1187 399 1196 418 ²

99 543 214 612 ‘ltalia
229 549 395 615 excedere:
445 539 483 615 A.
498 551 769 638 TerentiusVarro
784 555 823 618 ad
839 555 1068 620 custodiendum
1085 559 1143 622 iter
1155 557 1229 613 1¹¹0·
1241 563 1297 614 ⁵⁶3·

96 659 201 700 eorum
224 640 343 718 missus,
366 638 651 724 denuntiatumque,
673 642 731 705 ‘Si
755 664 815 724 qua
836 645 945 707 deinde
965 644 1079 728 legatio
1103 669 1142 711 ex
1154 626 1224 678 Μ·
1238 628 1289 678 ¹⁸⁹·

52 757 55 764 ·
98 723 246 803 ‘AEtolis,
261 727 319 788 nisi
343 727 489 808 pennissu
510 729 712 811 imperatoris,
728 731 779 811 qui
800 752 867 793 eam
883 731 1067 817 provinciam
1085 736 1140 797 ob·

97 811 242 891 ‘tineret,
258 823 290 874 et
304 832 379 875 cum·
388 812 490 896 legato
504 813 655 894 Romano,
670 816 801 878 venisset
811 815 953 901 Romam,
971 840 1026 903 pro
1042 821 1139 886 hosti-

97 898 177 960 ‘bus
193 920 299 962 omnes
314 899 451 963 ulturos?
497 899 545 963 lta
561 902 675 964 dimissi
691 901 801 967 AEtoli.
895 935 902 948 ·
1104 911 1109 920 '

100 1021 102 1026 .
138 983 174 1048 L.
198 985 252 1049 De
271 987 432 1070 provinciis
457 987 567 1051 deinde
593 990 731 1052 consules
756 992 939 1056 retulerunt:
967 995 1067 1057 sortiri
1089 1018 1140 1059 eos

95 1067 247 1136 AEtoliam
267 1085 300 1136 et
313 1075 426 1136 Asiam·
434 1075 560 1157 placuit.
576 1077 626 1159 qui
642 1077 747 1140 Asiam
770 1081 894 1142 sortitus
918 1079 1015 1160 esset,'·
1025 1084 1139 1146 exerci-
1153 1091 1289 1143 &neuma

97 1171 144 1220 tus
159 1161 199 1240 ei,
216 1183 306 1244 quem
321 1161 356 1224 L.
371 1159 477 1244 Scipio
493 1163 627 1242 haberet,
643 1179 690 1227 est
705 1165 853 1245 decretus,
869 1178 900 1228 et
921 1167 951 1228 in
975 1188 1044 1232 eum
1068 1192 1140 1253 sup·
1153 1159 1272 1210 exercita.

92 1246 285 1327 piamentum
317 1260 446 1332 quatuor
474 1250 575 1312 millia·
599 1251 734 1332 peditum
769 1251 1001 1332 Romanorum,
1017 1257 1138 1321 ducenti

96 1335 224 1415 equites,
240 1349 272 1399 et
295 1337 497 1399 sociorumac
511 1335 612 1399 Latini
633 1338 763 1400 nominis
786 1351 858 1421 octo
879 1339 975 1401 millia
990 1343 1140 1424 peditum,

95 1431 125 1482 et
141 1423 355 1506 quadringenti
371 1425 506 1505 equites:
536 1425 583 1486 his
604 1425 699 1506 copiis
718 1436 753 1486 ut
770 1425 882 1487 bellum
898 1447 967 1488 cum
983 1426 1138 1493 Antiocho

95 1521 227 1588 gereret.
284 1510 382 1572 Alteri
408 1511 523 1573 consuli
548 1512 709 1588 exercitus,
733 1511 783 1592 ‘qui
805 1515 870 1574 erat
892 1512 925 1576 iu
946 1510 1076 1596 AEtolia,
1092 1530 1139 1580 est

94 1594 234 1658 decretus
243 1619 254 1674 ;
283 1609 324 1677 et,
340 1608 381 1659 ut·
394 1598 635 1680 supplementum
650 1597 805 1677 scriberet,
819 1600 1016 1682 pennissum,
1028 1603 1139 1668 civium

95 1683 304 1768 sociorimrque
330 1683 470 1746 eumdem
495 1703 663 1764 numerum,
686 1694 774 1768 quem
796 1685 923 1768 collega.
949 1707 1039 1750 naves
1062 1710 1137 1774 quo·
1169 1757 1172 1766 ,

95 1789 155 1851 que
175 1768 257 1832 idem
279 1771 395 1850 consul,
417 1791 481 1852 quae
495 1772 595 1854 priore
615 1793 696 1834 anno
710 1783 824 1855 parata
842 1784 938 1852 erant,
954 1796 1060 1838 ornare
1071 1775 1137 1858 jus-

96 1877 157 1934 sus,
172 1863 209 1919 a'c
225 1857 333 1920 ducere
348 1879 471 1920 secum:
496 1880 553 1921 nec
568 1879 638 1922 cum
653 1857 769 1922 AEtolis
783 1859 880 1922 solum
895 1860 1007 1934 bellum
1021 1883 1137 1945 gerere,

96 1943 152 2004 sed
171 1945 316 2008 etiamin
337 1943 565 2028 Cephalleniam
591 1947 720 2008 insulam
745 1945 894 2029 trajicere.
953 1945 1136 2012 Mandatum

94 2030 207 2110 eidem,
227 2041 292 2110 ut,¹
313 2032 338 2094 si
360 2033 643 2116 percommodum
652 2033 826 2116 reipublicae
849 2034 956 2098 facere
969 2047 1083 2118 posset,
1103 2049 1139 2098 ut

98 2117 137 2179 ad
163 2119 290 2181 comitia
312 2117 444 2182 Romam
467 2119 586 2182 rediret.
608 2132 907 2204 nam,praeterquam
929 2123 1010 2205 quod
1025 2123 1140 2204 magis·
1242 2150 1247 2158 ·

97 2217 193 2268 tratas
224 2206 316 2268 annui
346 2207 529 2288 subrogandi
562 2222 674 2286 essent,
701 2228 841 2270 censores
872 2229 990 2291 quoque
1020 2210 1140 2292 placere

98 2293 203 2355 creari.
225 2294 251 2354 si
267 2314 326 2375 qua
345 2315 392 2356 res
409 2315 479 2355 eum
494 2303 620 2372 teneret,
636 2305 775 2356 senatum
791 2296 949 2358 certiorem
968 2294 1092 2375 faceret,
1108 2317 1140 2358 se
1328 2367 1331 2375 ¹

98 2379 137 2440 ad
160 2380 354 2442 comitiorum
379 2391 498 2463 tempus
524 2381 681 2443 obcurrere
706 2402 769 2444 non
796 2401 895 2464 posse.
953 2377 1071 2443 AEtolia
1093 2377 1140 2446 M.
1154 2382 1287 2438 Provincia.

97 2463 214 2544 Fuluio,
229 2465 305 2530 Asia
318 2465 377 2528 Cn.
393 2464 512 2529 Manlio
527 2479 608 2530 sorte
624 2467 735 2532 evenit.
786 2465 931 2530 Praetores
947 2467 1056 2529 deinde
1072 2490 1139 2532 sor-

97 2551 145 2613 titi
171 2565 252 2631 sunt,
268 2551 322 2636 Sp.
338 2551 507 2615 Postumius
526 2553 653 2614 Albinus
678 2555 824 2616 urbanam
850 2565 882 2616 et
905 2555 983 2616 inter
1005 2557 1140 2638 peregri-

95 2659 162 2716 nos,
189 2637 237 2701 M.
262 2636 456 2722 Sempronius
480 2637 650 2702 'liiditanus
677 2637 823 2720 Siciliam,
845 2639 883 2711 Q.
904 2639 1015 2702 Fabius
1039 2638 1141 2706 Pictor

98 2725 205 2788 flamen
229 2725 394 2796 Quirinalis
418 2723 600 2804 Sardiniam,
612 2725 650 2797 Q.
670 2725 781 2788 Fabius
814 2723 917 2790 Labeo
941 2728 1080 2806 classem,
1104 2727 1138 2794 L.

98 2809 232 2874 Plautius
255 2811 401 2898 Hypsaeus
428 2809 609 2895 Hispaniam
634 2813 814 2892 citeriorem,
839 2812 875 2877 L.
902 2813 1021 2877 Baebius
1045 2813 1140 2881 Dives

99 2895 279 2982 Hispaniam
300 2899 483 2962 ulteriorem.
535 2897 646 2962 Sicilia
666 2901 746 2982 legio
768 2921 830 2962 una
847 2913 880 2962 et
898 2902 1012 2980 classis,
1027 2923 1092 2983 quae
1108 2905 1139 2966 in

99 3006 135 3047 ea
148 2986 305 3068 provincia
318 2998 394 3065 erat,
409 2986 552 3064 decreta3
582 2997 613 3048 et
626 2998 661 3048 ut
676 2986 750 3049 duas
766 2986 908 3049 decumas
923 2987 1066 3051 frumenti
1082 3001 1139 3053 no·

98 3093 149 3134 vus
171 3085 282 3157 praetor
302 3074 465 3157 imperaret
486 3071 606 3153 Siculis,
622 3093 724 3135 eanum
740 3074 866 3136 alteram
883 3074 913 3136 in
930 3073 1046 3154 Asiam,
1061 3075 1139 3138 alte-

99 3179 160 3222 ram
183 3162 216 3223 in
240 3159 391 3224 AEtoliam
412 3161 558 3224 mitteret.
610 3157 696 3222 Idem
712 3160 751 3221 ab
771 3155 874 3223 Sardis
889 3161 981 3243 exigi,
993 3175 1084 3244 atque
1100 3163 1140 3226 ad
1197 3207 1199 3214 ·

12 3243 13 3246 '
99 3247 222 3310 eosdem
245 3249 393 3312 exercitus
415 3247 446 3309 id
465 3246 660 3326 frumentum,
675 3245 716 3309 ad
735 3267 810 3330 quos
825 3243 971 3327 Siculum,
985 3248 1139 3331 deportari

96 3333 223 3417 jussum.
279 3335 316 3398 L.
345 3333 448 3398 Baebio
478 3335 722 3417 supplementum
755 3334 787 3396 in
816 3331 996 3417 Hispaniam
1034 3334 1140 3397 datum
1254 3379 1256 3384 -

100 3423 178 3484 mille
199 3422 334 3486 Romani
362 3421 492 3506 pedites,
518 3421 635 3503 equites
662 3420 890 3503 quinquaginta,
915 3431 947 3482 et
968 3441 1022 3483 sex
1043 3422 1140 3484 millia

99 3509 235 3591 pediturn
251 3508 351 3572 Latini
374 3508 517 3587 nominis,
532 3508 679 3570 ducenti¹¹
693 3508 820 3589 equites.
873 3505 992 3570 Plautio
1007 3506 1140 3593 Hypsaeo

101 3595 130 3658 in
150 3595 332 3681 Hispaniam
359 3595 531 3658 citeriorem
558 3594 640 3656 mille
666 3593 798 3656 Romani
825 3593 889 3656 dati
916 3607 988 3658 sunt
1012 3597 1140 3678 pedites,

101 3683 158 3746 duo
180 3685 279 3747 millia
300 3683 415 3746 socillm
433 3679 535 3744 Latini
561 3681 702 3760 nominis,
723 3692 755 3744 et
777 3681 901 3744 ducenti
923 3681 1048 3765 equitas.
1069 3704 1139 3744 cum

102 3769 146 3832 his
168 3771 386 3855 supplementis
407 3781 441 3832 ut
465 3768 597 3850 singulas
618 3769 754 3850 legiones
778 3768 845 3831 duas
864 3765 1022 3852 Hispania
1045 3770 1139 3832 habe·

60 3865 61 3868 ’
103 3869 175 3922 rent.
226 3857 336 3920 Prioris
360 3857 431 3919 anni
457 3855 693 3938 magistratibus,
710 3852 854 3932 C.,Lalio
878 3877 949 3918 curn
971 3877 1026 3918 suo
1053 3877 1141 3918 exer-

103 3943 163 4007 citu
177 3955 371 4030 prorogatum
395 3944 427 4014 in
450 3963 563 4015 annum
584 3942 745 4026 imperium
768 3953 822 4006 est.
848 3955 1046 4025 prorogatum
1061 3954 1093 4006 et
1107 3942 1144 4006 P.
1221 3960 1227 3970 ·

102 4027 384 4116 Junio'propraerori
419 4031 450 4092 in
465 4027 587 4092 Etruria
600 4051 669 4092 cum
695 4052 731 4094 eo
758 4029 905 4107 exercitu,
932 4030 983 4112 qui
1008 4030 1040 4093 in
1067 4051 1141 4112 pro-

104 4117 198 4182 vincia
228 4131 326 4197 esset3
357 4129 389 4180 et
423 4113 470 4182 M.
499 4115 617 4180 'Ilrccio
641 4115 857 4201 *propraetoril’
887 4117 919 4178 in
951 4113 1079 4180 Bruttiis
1111 4126 1145 4178 et

105 4203 221 4270 Aulia.

131 4225 201 4356 ΡΜ.
230 4293 406 4376 Priusquam
436 4294 467 4356 in
497 4291 667 4377 provincias
697 4302 838 4374 pretores
868 4291 959 4372 irent,
989 4303 1143 4354 certamen
1156 4311 1280 4365 cmm
1365 4296 1368 4300 ’

106 4376 180 4442 inter
200 4378 234 4445 P.
257 4380 406 4444 Licinium
429 4380 606 4466 pontificem
633 4379 800 4443 maximum
822 4378 880 4442 fuit
902 4391 933 4442 et
958 4377 996 4450 Q.
1016 4377 1301 4442 Fabiuminterl'ont·

1156 4449 1258 4498 Manet
1270 4445 1306 4492 Fl.
1377 4453 1390 4474 ·

197 4555 460 4609 manumissores.
557 4553 773 4624 pertranseas.
871 4554 1052 4621 svp-„mqffaeq
1158 4511 1311 4570 Quasdam.

149 4639 220 4690 VOL·
236 4645 287 4690 111.
688 4640 711 4687 Y
