3038 5200
387 371 443 433 ns
674 397 677 405 -
724 381 730 401 .
809 357 1016 457 marowa

223 555 253 580 .·
287 523 363 576 dot·
386 539 506 603 quoque
521 519 680 602 perpaucis
695 518 810 582 ademtl
830 515 910 600 equi,
933 535 990 578 nec
1009 516 1041 576 in
1064 515 1160 578 ullum
1186 514 1330 578 ordinem
1349 513 1438 577 sevi·

218 586 359 644 metm·
385 619 463 669 tum.
491 605 628 668 ¹Atrium
645 605 810 668 Libertatis
839 616 872 665 et
891 600 1011 664 ‘'Villa
1032 602 1156 683 publica
1178 601 1217 662 ab
1243 602 1362 664 eisdem
1387 623 1436 665 re-

379 693 470 756 ·lecta
493 693 747 774 amplificansque.
802 688 865 752 Ver
888 709 1007 752 sacrum
1035 691 1062 728 ⁶⁰
1079 688 1203 769 ludique
1224 689 1331 766 votivi,
1358 707 1435 771 quos

385 790 510 843 uouerat
525 777 591 842 Ser.
607 777 759 861 Sulpicius
773 775 872 839 Galba
887 776 1004 854 consul,
1015 774 1100 837 lacti.
1144 775 1246 846 Quum
1257 774 1435 857 speomculo

217 865 345 916 Ptenimm
385 887 489 928 eorum
513 865 655 947 occupati
678 865 771 925 anirni
792 863 929 929 omnium
944 872 1058 938 essent,
1080 865 1105 902 ⁶¹
1122 861 1161 932 Q.
1182 860 1361 938 Pleminius,
1383 862 1434 941 qui

217 941 321 982 'm‘
385 963 510 1035 propter
533 952 631 1013 multa
653 952 691 1012 in-
704 949 788 1014 Deos
804 950 1004 1030 hominesque
1018 948 1143 1026 scelera,
1167 945 1274 1010 Locris
1289 947 1434 1010 admissa.

385 1040 416 1100 iu
440 1058 591 1100 carcerem
617 1036 775 1118 conjectus
800 1036 909 1114 luerat,
943 1045 1174 1118 comparaverat
1198 1035 1350 1113 homines,
1385 1034 1434 1114 qui

382 1124 530 1207 pluribus¹
549 1125 638 1186 simul
663 1125 738 1186 locis
761 1123 844 1184 urbis
870 1133 961 1184 nocte
987 1121 1131 1183 incendia
1153 1121 1309 1200 lacerent,
1344 1133 1382 1183 ut
1405 1121 1434 1182 ia

376 1221 582 1274 consternata
600 1221 751 1272 uoctumo
774 1210 906 1272 tumultu
921 1209 1045 1270 civitate
1061 1207 1184 1290 refringi
1198 1229 1302 1270 carcer
1321 1221 1434 1292 posset

377 1318 423 1359 ea
436 1319 484 1360 res
497 1297 613 1358 iudicio
626 1296 818 1358 consciorum
833 1295 934 1378 palam
950 1295 1042 1372 facta,
1056 1293 1217 1376 delatoque
1237 1295 1279 1356 ad
1293 1303 1434 1356 senatum

384 1397 442 1448 eet.
487 1383 651 1446 Pleminius
678 1387 705 1422 ⁶²
717 1383 748 1444 in
769 1382 942 1444 inferiorem
964 1381 1113 1444 demissus
1127 1401 1282 1444 carcerem
1297 1395 1358 1459 est,
1381 1401 1433 1442 ne·

385 1483 543 1552 cauisque.

293 1550 299 1562 '
427 1554 524 1620 XLV.
567 1554 703 1618 Coloniae
732 1557 841 1618 civium
873 1551 1081 1621 Romanorum
1112 1551 1150 1618 eo
1184 1576 1266 1618 armo
1296 1555 1433 1618 deducte

293 1715 300 1731 ·
333 1644 344 1655 “
384 1654 457 1705 sunt
479 1643 631 1721 Puteolos,
662 1641 847 1706 Vulturnum
869 1635 1052 1720 Liternum3
1091 1643 1206 1704 treceni
1231 1642 1375 1704 homiues
1402 1643 1430 1704 i·

375 1727 861 1885 titinniuittlli
879 1727 1429 1891 littltttnttliuftt

384 1903 508 1986 pronius
529 1901 664 1984 Longus,
687 1903 738 1984 qui
762 1913 827 1964 tum
842 1902 948 1964 consul
963 1913 1051 1980 erat3
1075 1900 1123 1962 M.
1138 1899 1292 1980 Servilius,
1316 1901 1356 1972 Q.
1371 1900 1433 1962 Mi-

280 2029 284 2038 ·
383 1989 491 2051 nucius
514 1987 673 2052 Thermus.
717 1989 802 2070 Ager
823 1989 936 2050 divisus
959 2001 1017 2066 est,
1040 1989 1092 2070 qui
1114 1987 1343 2070 Campanorum
1366 1988 1432 2050 fue-

383 2087 442 2138 rat.
487 2074 650 2158 Sipontum
667 2076 740 2138 item
756 2076 788 2136 in
803 2095 922 2158 agrum,
946 2075 997 2156 qui
1011 2073 1197 2158 Arpinorum
1213 2074 1323 2152 fuerat,
1347 2075 1433 2138 colo-

382 2163 467 2224 niam
493 2162 604 2224 civium
630 2162 839 2224 Romanorum
866 2161 917 2224 alii
943 2162 1103 2240 triumviri,
1125 2159 1434 2239 munierimus,

383 2247 431 2311 M.
445 2247 566 2311 Baebius
579 2247 774 2331 Tamphilus,
796 2246 844 2310 M.
868 2246 996 2310 Helvius
1022 2249 1224 2312 deduxerunt.
1264 2245 1434 2330 Tempsam

383 2335 458 2397 item
492 2347 525 2398 et
550 2334 717 2400 Crotonem
750 2335 862 2398 civium
890 2334 1099 2398 Romanorum
1129 2335 1254 2398 colonia
1285 2334 1435 2398 deducte.

381 2421 575 2503 Tempsanus
590 2441 663 2502 ager
683 2421 722 2483 de
743 2419 873 2484 Bruttiis
892 2434 1000 2504 eaptus
1024 2434 1112 2484 erat:
1141 2427 1168 2461 ⁵⁴
1180 2419 1296 2484 Bruttii
1312 2419 1433 2483 Graeoos

383 2507 573 2590 expulerant.
628 2506 796 2569 Crotonem
826 2507 922 2570 Graeci
961 2509 1125 2570 habebant.
1179 2506 1346 2570 Triumviri
1379 2507 1433 2570 Cn.

383 2592 542 2671 Octavius,
572 2591 609 2654 L.
638 2591 782 2656 AEmilius
814 2591 946 2672 Paullus,
983 2593 1020 2657 C.
1053 2594 1207 2658 Platorius
1241 2592 1431 2672 Crotonem

373 2678 550 2762 Tempsam
565 2677 601 2741 1.
616 2677 774 2742 Comelius
789 2679 911 2742 Merula
930 2687 958 2722 ⁶⁵
970 2695 1004 2744 et
1021 2680 1057 2743 C.
1073 2680 1215 2743 Salonius
1230 2681 1432 2744 deduxerunt.

373 2763 527 2848 ¹Prodigia
550 2785 671 2848 quoque
695 2765 757 2827 alia
774 2767 845 2828 ¹visa
867 2789 904 2829 eo
931 2787 1012 2830 anno
1037 2767 1142 2830 Rome
1164 2778 1249 2844 sunt,
1270 2767 1333 2828 alia
1353 2787 1430 2830 nun·

382 2852 476 2916 elata.
512 2850 557 2913 ln
586 2852 663 2930 loro,
689 2863 722 2914 et
746 2853 885 2932 comitio,
911 2865 943 2916 et
973 2853 1129 2937 Capitolio
1153 2853 1307 2935 sauguinis
1333 2867 1431 2935 gutte

374 3065 378 3072 ·
415 3051 438 3088 ⁴⁰
456 3049 514 3100 Villa
528 3048 628 3113 publico]
647 3049 703 3099 vid.
715 3061 765 3098 not.
779 3053 816 3101 la.
834 3051 891 3101 edi.
925 3061 1004 3100 autern
1031 3051 1134 3100 obsemat
1161 3051 1290 3102 Glareanus
1311 3051 1433 3101 verisimile

384 3129 421 3166 tv.
433 3131 455 3164 c.
466 3117 508 3166 22.
924 3131 970 3166 noo
988 3133 1048 3176 esre,
1064 3118 1283 3168 colmiaSslernum
1294 3118 1319 3165 ln
1334 3117 1432 3166 Plauti-

416 3182 439 3216 ⁸⁰
455 3178 557 3244 Luciique
575 3181 650 3238 milri,
684 3196 721 3228 ure
737 3189 824 3230 moeret
843 3181 892 3233 Ser.
925 3198 976 3240 uos,
1000 3183 1132 3232 Buxentum
1152 3185 1177 3232 in
1200 3183 1303 3232 utnon
1330 3182 1432 3232 deductis

383 3245 495 3308 Sulpicius
511 3247 582 3296 Gallo
598 3247 673 3294 corinrl
708 3244 773 3306 Lege
794 3245 820 3294 P.
837 3245 890 3293 Snl-
925 3247 1021 3296 dicisum
1038 3264 1087 3296 esse
1106 3263 1184 3310 agrum
1204 3249 1244 3312 qul
1262 3249 1433 3312 Campanorum

378 3313 459 3373 piritu.
492 3309 541 3361 Hic
553 3311 627 3372 agitur
637 3311 666 3359 ele
686 3309 737 3358 tidie
751 3311 810 3359 votis
828 3311 894 3359 initio
925 3313 1011 3370 fuerat,
1033 3313 1054 3360 el
1076 3313 1221 3363 assentimur.
1261 3313 1306 3361 Sed
1331 3314 1434 3362 rideatur

383 3376 530 3426 Macedonici
548 3375 612 3432 helii,
631 3377 660 3426 de
683 3375 765 3438 qulbm
783 3393 860 3442 supra,
876 3378 893 3424 l.
926 3377 1069 3435 baconeria,
1089 3395 1144 3443 ager
1159 3381 1241 3427 ‹liuiuu
1256 3388 1296 3436 ert,
1310 3381 1352 3441 qui
1370 3377 1432 3426 Gn-

385 3454 463 3490 xxxr.
480 3445 538 3491 ca.
571 3440 624 3488 Nec
639 3441 700 3489 ullus
717 3443 812 3506 perhos
821 3458 893 3492 annos
923 3445 1132 3505 praenuntiant,
1146 3444 1207 3493 mele
1218 3443 1316 3509 traiecta
1333 3458 1392 3503 ene,
1410 3453 1434 3491 et

383 3503 436 3552 Ser.
447 3503 562 3568 Sulpicius
572 3505 652 3552 consul
661 3505 716 3554 luit.
925 3507 1009 3556 retrahi
1021 3507 1104 3557 debere
1124 3509 1148 3556 in
1164 3511 1289 3573 superiora,
1303 3521 1331 3557 ut
1349 3508 1434 3556 ineat·

418 3567 438 3602 ⁵¹
458 3568 486 3622 Q·
506 3569 637 3628 Pleminius,
651 3573 689 3632 qui
707 3569 805 3634 propter]
839 3571 893 3622 Vid.
924 3587 1008 3634 gmtur
1025 3575 1055 3622 de
1070 3573 1124 3622 solia
1142 3575 1229 3624 colonis
1241 3573 1358 3632 Puteolos,
1375 3572 1434 3621 Vui-

374 3648 462 3732 supp,
476 3635 494 3682 l.
506 3647 583 3682 xxix.
594 3636 666 3684 eta.
925 3651 1031 3695 turnum,
1047 3637 1168 3689 liternum
1186 3639 1298 3696 deductu,
1313 3654 1366 3702 que
1383 3651 1437 3687 suar
1505 3665 1506 3696 2

456 3695 486 3746 In
502 3698 627 3762 lrp'erinrem
644 3697 764 3764 carcerem]
786 3701 813 3751 ln
833 3701 893 3750 'l'ul-
926 3701 1057 3768 Campaniae
1078 3707 1170 3770 oppide.
1212 3705 1325 3766 &gamus
1348 3704 1436 3766 igitur:
1505 3705 1506 3762 l

384 3764 480 3822 lionam,
504 3765 534 3812 de
555 3779 601 3826 quo
623 3763 673 3816 ride
695 3777 743 3816 not.
766 3767 795 3814 sd
816 3767 893 3816 locum
927 3769 1182 3820 Colorriae...deduete
1193 3779 1244 3818 auat
1256 3768 1366 3825 Puteola.
1380 3765 1436 3846 Val-
1505 3801 1506 3810 .

283 3969 288 3979 .
370 3831 714 3975 infigollllrlllllllluliltemriri,
739 3893 774 3946 Ti.
795 3895 893 3960 Sempro·
924 3841 1029 3963 well.
1044 3831 1437 3964 Lfflllllvlaulrllltlpullmcze‘ss
1504 3875 1506 3920 l

383 3959 893 4088 ulizffautmuttuu
925 3963 1437 4094 ”utmunmunm

384 4106 437 4140 rum
457 4091 529 4141 videri
546 4106 593 4140 non
611 4091 680 4140 debet
694 4091 736 4140 hos
747 4090 806 4140 solos
817 4093 892 4142 nomi·
925 4091 981 4141 olim
994 4095 1130 4144 Graecorum
1141 4094 1226 4159 inger
1242 4093 1332 4151 luisset,
1348 4093 1439 4142 aranu

384 4158 434 4204 nari
445 4155 577 4206 triumviros
587 4157 611 4204 in
623 4155 723 4220 quinque
741 4155 840 4206 colonias
851 4159 892 4207 de.
926 4174 955 4208 ex
968 4174 997 4208 eo
1008 4161 1059 4208 illos
1070 4158 1212 4224 expulerant.
1245 4159 1329 4222 ltaque
1346 4157 1367 4205 is
1386 4172 1439 4220 ager

384 4221 510 4272 duceudos.
527 4221 616 4272 Eodem
624 4219 894 4278 modoinl'n,l.xxxtx.
942 4225 1000 4273 rimo
1019 4225 1156 4274 Graecorum
1174 4225 1258 4281 suerat,
1281 4236 1333 4274 tum
1351 4223 1438 4274 uetat·

385 4300 406 4334 c·
419 4287 460 4336 23.
470 4287 557 4336 duabus
568 4287 662 4338 coloniis
670 4287 817 4348 deducendis,
826 4287 893 4336 llor-
926 4240 1078 4350 Bruttiorum,
1092 4290 1191 4354 denique
1210 4289 1382 4350 Rornanorum,
1401 4288 1439 4354 qai

385 4362 466 4400 entum
485 4353 572 4408 iniero,
586 4351 707 4417 Sipontum
727 4351 817 4416 Supero
836 4355 894 4401 mari
926 4369 988 4403 nutlc
1001 4355 1192 4405 ineumtelouos
1205 4355 1312 4404 mittunt.

385 4431 459 4466 uuum
476 4417 646 4465 triumvirorum
663 4417 785 4479 collegium
802 4417 896 4482 prefici·
959 4419 982 4453 θ’
998 4420 1029 4470 u
1049 4419 1382 4484 ammadvertamus
1399 4435 1441 4471 no·

384 4493 432 4531 tor.
464 4481 794 4540 uitulaminum.
826 4481 896 4538 Quod
927 4485 1188 4540 mentenliuiumvirl·
