3080 5196
419 393 884 468 1.1u.‚xxxv11.cn1³.xur.
1117 407 1177 464 aas

128 563 195 620 mo,
219 526 386 609 miseruntr
412 565 512 628 quem,
535 548 602 609 aliis
623 549 783 612 virtmibus
804 549 920 614 bellicis
940 551 1172 637 haudquaquam
1186 567 1218 621 U.
1230 567 1330 625 cotta

129 627 319 694 Pausistrato
341 653 456 717 parem,
485 635 664 712 cautiorem,
688 655 749 716 quo
772 637 870 698 minus
896 639 989 700 animi
1013 651 1089 719 erat,
1114 641 1171 704 du·
1185 637 1258 690 Ν·
1267 640 1325 691 19⁰·

127 737 198 778 cem
221 716 353 780 futurum
376 720 550 782 credebaut.
594 719 725 783 Romani
741 733 773 784 et
794 721 946 787 Eumenes
968 745 1021 788 rex
1043 727 1073 788 in
1093 726 1171 813 Ery·

127 803 255 865 thraeam
280 805 411 886 primum
436 809 460 844 ⁴¹
475 806 602 868 classem
628 807 848 890 adplicuerunt.
875 811 916 872 ibi
941 824 1062 875 noctem
1077 834 1170 878 unam

128 890 252 968 moratI,
281 903 402 974 postero
432 891 481 955 die
510 889 669 977 Corycum*
685 892 828 957 Teiorum
854 901 1094 979 promontorium
1122 917 1170 964 te·

127 988 269 1039 aruerunt.
301 976 371 1038 inde
404 999 497 1060 quum
523 980 555 1040 in
581 982 719 1063 proxima
745 979 855 1044 Samias
881 985 994 1047 vellent
1019 985 1168 1068 trajicere,

126 1081 191 1124 non
207 1075 384 1147 exspectato
399 1066 470 1126 solis
485 1077 563 1143 ortu,
587 1087 625 1128 ex
647 1085 707 1148 quo
722 1079 836 1130 statum
852 1070 921 1132 coeli
937 1081 1044 1134 notare
1059 1075 1169 1154 guber·
1274 1152 1278 1158 ι

126 1161 251 1211 natores
267 1161 401 1233 possent,
417 1151 449 1213 in
464 1152 611 1215 incertam
627 1163 840 1235 tempestatem
859 1157 1015 1219 miserunt.
1059 1157 1168 1223 Medio

126 1235 159 1296 in
176 1255 273 1315 cursu,
288 1240 315 1276 ⁴²
326 1237 466 1317 aquilone
482 1239 512 1300 in
528 1241 764 1322 septentrionem
779 1261 876 1320 verso,
898 1257 1077 1327 exasperato
1093 1247 1167 1310 fluc-

127 1321 209 1384 tibus
222 1324 297 1384 mari
305 1323 415 1405 jactari
431 1337 598 1408 coeperunt.
1160 1364 1164 1377 ·

170 1407 258 1471 XIII.
281 1407 491 1494 Polyxenidas,
517 1409 643 1474 Samum
669 1413 818 1496 petituros
841 1425 922 1476 ratus
944 1416 1058 1496 hostes,
1083 1431 1118 1482 ut
1133 1441 1166 1482 se

122 1491 252 1557 Rhodias
260 1495 353 1558 classi
369 1496 598 1580 conjungerent,
624 1499 662 1560 ab
674 1497 796 1582 Epheso
817 1499 981 1582 profectus,
1006 1505 1104 1586 primo
1125 1507 1166 1568 ad

123 1577 329 1664 Myonnesum
344 1584 449 1646 stetit:
477 1584 547 1645 Inde
572 1586 613 1646 ad
628 1583 748 1647 Macrin
774 1585 877 1668 (quam
892 1589 1017 1668 vocant)
1036 1590 1164 1653 Insulam

125 1667 257 1749 trajecit,
283 1680 317 1731 ut
332 1671 575 1751 praetervehentis
591 1673 694 1733 classis
717 1673 742 1732 si
756 1691 839 1752 ,quas
862 1674 1035 1737 aberrantes
1057 1697 1095 1738 ex
1110 1698 1165 1760 ag-

123 1755 207 1816 mine
223 1776 312 1818 naves
326 1769 439 1839 posset,
463 1770 516 1820 aut
537 1769 722 1839 postremum
746 1779 855 1840 agmen
870 1773 1040 1844 opportune
1062 1764 1164 1825 adori-

123 1852 220 1904 retur.
263 1841 425 1924 Postquam
453 1863 588 1926 sparsam
610 1855 791 1927 tempestate
815 1846 940 1908 classem
962 1847 1048 1926 vidit,
1071 1870 1163 1911 occa-

122 1927 241 1989 sionem
256 1929 356 2011 primo
371 1930 568 2011 adgrediendi
592 1942 684 2009 ratus,
711 1931 813 2014 paullo
833 1942 904 2013 post
924 1933 1165 1998 increbrescente

121 2025 227 2092 vento,
252 2026 284 2077 et
310 2015 439 2097 majores
461 2015 526 2099 jam
552 2016 689 2078 volvente
716 2017 833 2095 fluctus,
859 2018 931 2099 quia
954 2022 1107 2102 pervenire
1131 2043 1164 2083 se

121 2101 164 2161 ad
180 2122 231 2162 eos
246 2101 366 2164 videbat
380 2123 442 2163 non
457 2123 556 2184 posse,
582 2103 622 2165 ad
638 2101 806 2165 AEthaliam
821 2104 950 2166 insulam
972 2104 1102 2186 trajecit,
1128 2119 1163 2170 ut

119 2187 194 2248 inde
209 2199 332 2270 postero
357 2189 407 2250 die
421 2186 546 2251 Samum
561 2210 599 2250 ex
621 2190 684 2251 alto
707 2200 847 2270 petentes
868 2210 959 2254 naves
982 2192 1163 2273 adgredere-

120 2281 182 2336 tur.
228 2273 370 2353 Romani,
396 2295 465 2357 pars
489 2276 609 2356 exigua,
633 2276 737 2357 primis
761 2276 892 2338 tenebrIs
917 2287 1036 2359 portum
1052 2275 1162 2341 Samias

119 2359 278 2424 desertum
303 2371 483 2422 tenuerunt:
508 2362 611 2422 classis
637 2371 748 2440 cetera,
771 2373 894 2424 noctem
920 2375 1018 2426 totam
1044 2365 1161 2428 inulto

113 2443 249 2528 jactata,
265 2448 296 2507 in
312 2447 452 2508 eumdem
467 2461 587 2530 portum
604 2447 745 2510 decurrit.
789 2447 835 2510 Ibi
850 2469 889 2510 ex
907 2451 1073 2530 agrestibus
1087 2472 1161 2534 cog-

114 2534 198 2610 nito,
215 2533 345 2595 hostium
362 2553 451 2595 naves
477 2534 517 2594 ad
530 2531 700 2596 AEthaliarn
726 2545 816 2612 stare,
828 2536 986 2597 consilium
1010 2536 1159 2616 habitum,

114 2629 221 2680 utrum
251 2619 404 2700 externplo
435 2619 641 2698 decernerent,
675 2641 713 2681 sn
749 2619 902 2682 Rhodiam
943 2633 1159 2705 exspectarent
1234 2695 1238 2704 Ι

115 2706 259 2767 classem.
275 2705 370 2767 dilata
384 2726 426 2783 re,
456 2704 514 2784 (ita
527 2705 608 2766 enim
623 2705 750 2788 placuit)
780 2704 941 2791 Corycum,
965 2709 1046 2771 unde
1067 2729 1157 2772 vene-

115 2801 197 2868 rant,
220 2788 414 2872 trajecerunt.
465 2790 664 2876 Polyxenidas
689 2813 819 2874 quoque,
846 2814 938 2874 quum
961 2794 1072 2857 frustra
1094 2807 1156 2858 ste-

115 2878 217 2955 tisset,
239 2877 393 2960 Ephesum
407 2878 507 2939 rediit.
550 2876 631 2939 Turn
647 2877 792 2940 Romanae
806 2899 897 2941 naves
914 2901 1010 2943 vacuo
1026 2882 1063 2943 ab
1083 2883 1156 2944 hos-

114 2965 200 3027 tibus
223 2965 298 3025 mari
321 2961 446 3026 Samum
473 2962 666 3045 trajecerunt.
708 2963 824 3026 Fodem
850 2964 1027 3030 etRhodia
1052 2968 1326 3044 classisnomm

114 3061 188 3134 post
203 3050 266 3112 dies
281 3070 394 3131 paucos
407 3051 499 3112 venit.
525 3070 615 3130 quam
630 3060 666 3112 ut
685 3061 891 3133 exspectatam
906 3073 972 3113 esse
985 3053 1155 3136 adpareret,
1166 3069 1220 3105 ants
1231 3055 1311 3123 Ephe·

111 3136 246 3221 proiecti
262 3136 415 3220 extemplo
430 3145 502 3197 sunt
518 3134 683 3217 Ephesum,
704 3148 739 3198 ut
760 3147 814 3197 aut
836 3137 1034 3200 decernerent
1056 3141 1154 3202 navali
1166 3137 1226 3174 ω·

113 3225 293 3303 certamine,
314 3235 376 3300 aut,
400 3223 425 3284 si
452 3223 634 3284 detrectaret
659 3222 754 3284 hostis
780 3241 925 3305 pugnam,
951 3223 1044 3304 (quod
1059 3224 1153 3306 pluri-

112 3329 203 3372 mum
226 3311 370 3372 intererat
395 3308 471 3370 ⁴⁸ad
495 3308 612 3369 culmos
637 3308 817 3386 civitatium)
847 3309 962 3370 timoris
988 3310 1154 3372 conles'sio-

110 3409 188 3459 nem
212 3397 424 3479 exprimerent.
469 3393 584 3456 Contra
607 3393 710 3456 lauces
732 3405 836 3477 portus
860 3395 1010 3458 instructa
1023 3396 1054 3456 in
1069 3396 1152 3458 fron·

109 3495 179 3546 tem
205 3483 325 3544 narium
355 3482 420 3544 acie
450 3492 572 3544 stetere.
600 3491 761 3562 postquam
790 3501 880 3543 uerno
910 3480 1049 3544 adversus
1078 3483 1153 3562 ibat,

110 3569 212 3632 classe
242 3569 347 3647 divisa,
374 3589 442 3650 pars
472 3567 503 3629 in
526 3566 591 3629 salo
617 3567 656 3628 ad
683 3567 792 3629 ostium
816 3578 922 3650 portus
948 3568 980 3630 in
1010 3570 1152 3632 anchoris

110 3657 222 3734 stetit3
248 3677 318 3739 pars
340 3655 371 3716 in
394 3665 505 3717 terram
531 3653 642 3716 milites
658 3654 807 3736 exposuit.
850 3652 923 3716 “Iu
938 3675 999 3732 eos,
1022 3654 1088 3738 jam
1103 3657 1153 3718 in·

107 3754 239 3826 gentem
264 3741 395 3826 praedam
418 3743 479 3804 late
502 3739 688 3824 depopulato
710 3761 783 3822 agro
799 3753 936 3823 agentes,
960 3742 1152 3805 Andronicus

106 3826 260 3907 Macedo,
281 3829 332 3910 qui
356 3829 387 3890 in
411 3827 550 3910 praesidio
564 3825 678 3910 Ephesi
693 3838 768 3905 erat,
788 3825 854 3908 jam
877 3828 1026 3890 moenibus
1041 3829 1153 3911 adpro·

106 3915 296 3999 pinquantes
311 3915 500 3997 eruptionem
515 3913 598 3991 fecit,
624 3924 790 3996 exutosque
811 3933 924 3995 magna
944 3927 1032 3996 parte
1046 3915 1153 3998 praedoe

107 4001 156 4064 ad
186 4021 268 4086 mare
297 4021 332 4064 ac
361 4021 451 4062 naves
481 3999 607 4082 redegit.
666 3999 791 4063 Postero
821 4000 886 4080 die,
906 4000 1023 4064 Insidiis
1052 4000 1153 4063 medio

144 4135 169 4169 ⁴¹
187 4135 283 4184 clutton
296 4131 472 4201 applicaverant]
495 4133 555 4182 Tres
578 4148 620 4181 oo-
681 4133 704 4170 θ
720 4133 734 4162 ”
748 4134 786 4183 Ad
808 4134 890 4182 ruinas
911 4133 1036 4197 ω’ννίναωιω]
1063 4135 1156 4195 Adiun-

109 4201 187 4260 dices,
204 4209 265 4247 testa
282 4199 333 4248 Iac.
351 4198 477 4261 Gronorio,
499 4209 524 4248 et
542 4209 621 4252 nomer
650 4201 735 4261 geudm
752 4200 861 4250 Romanis
877 4209 903 4249 ct
919 4200 947 4248 ab
964 4199 1080 4248 Antlmbo
1097 4200 1155 4249 alls·

108 4263 351 4326 Victapptimeruns.
651 4266 744 4314 nundus.
819 4313 823 4322 .
1166 4297 1168 4302 ·

147 4329 172 4364 *ί
186 4329 293 4392 Aquilone
309 4329 335 4377 s'n
353 4329 524 4394 Septentrionem
544 4327 616 4392 mro]
681 4331 703 4365 ⁴⁴
720 4328 750 4378 Ia
767 4344 800 4382 rar
811 4325 863 4394 jam
880 4332 987 4396 Ingentem
1007 4331 1154 4392 γνώω.

108 4395 202 4458 AquiIo
229 4405 264 4441 cst
284 4407 366 4443 rentur
392 4398 453 4444 luter
474 4396 572 4445 Arctum
594 4404 621 4445 ct
650 4397 870 4460 agedunum
895 4395 1008 4458 morsibus]
1040 4394 1155 4446 Posterius

107 4463 255 4512 aientem:
275 4458 388 4509 anl-est.
418 4460 563 4526 Septentrio,
573 4461 622 4514 sira
645 4460 792 4525 jcncrnittit
801 4461 914 4511 Andreas.
944 4462 1011 4514 Prius
1029 4475 1106 4513 umen
1124 4458 1153 4509 li-

110 4525 239 4593 Apamia
249 4522 568 4596 flatablpradrttorllorl·
653 4527 745 4579 beatius
755 4526 917 4598 duossimus.
1008 4563 1012 4572 .

159 4611 217 4643 vm
251 4611 288 4627 vv·
709 4613 734 4658 U
