3044 5194
352 393 390 464 52
694 443 698 452 .
775 384 858 452 ΤΙΤῙ
878 387 978 449 LlVll

188 551 331 604 acuas.
354 541 480 627 lopolim
503 562 542 604 ex
565 539 696 606 concilio
714 537 875 606 ¹Arcadum
902 541 1079 606 contributae
1109 539 1220 606 forent.
1263 537 1305 604 Et
1331 558 1401 604 curn

187 619 327 733 ᾒῑῗζ·
355 631 474 693 Achoeis
501 630 623 710 quidem
645 651 700 713 per
723 628 785 691 h'aec
812 631 991 692 societatem
1016 629 1168 692 firmabat.
1212 627 1401 690 ''Macedo-

188 695 239 800 ΜΣ,
265 698 290 733 ²⁶
318 699 345 734 ⁰'
356 737 430 780 num
455 718 572 778 animos
595 716 650 777 sibi
670 715 843 778 conciliavit
857 736 927 777 cura
942 713 1117 778 Heraclide.
1133 735 1204 778 nam
1220 735 1315 796 quum
1331 735 1400 777 eum

357 803 497 868 maxima
512 801 630 864 invidias
644 802 701 864 sibi
716 823 781 862 esse
796 813 944 881 cerneret,
964 802 1067 864 multis
1090 802 1265 864 criminibus
1293 822 1402 865 onera·

357 904 425 954 tum
447 890 479 951 in
502 889 622 951 vincula
641 887 785 969 conjecit,
807 888 925 970 ingenti
946 887 1137 971 popularium
1158 889 1283 972 gaudio.
1328 885 1402 949 Bel-

358 978 432 1056 lum,
448 977 473 1038 si
488 975 609 1056 quando
623 993 768 1053 umquam
784 985 856 1036 ante
870 975 956 1049 alias,
970 974 1052 1036 tum*
1078 996 1193 1057 magna
1212 996 1286 1037 cura
1305 975 1402 1057 adpa-

358 1063 446 1140 ravit‚
469 1061 664 1143 exercuitque
688 1060 719 1122 in
746 1059 838 1122 armis
862 1071 895 1121 et
917 1058 1119 1140 Macedonas,
1142 1073 1175 1123 et
1200 1061 1403 1123 mercenarios

358 1149 490 1210 milites:
515 1147 724 1230 principioque
748 1145 826 1207 veris
847 1166 916 1208 curn
930 1144 1130 1229 Athenagora
1152 1148 1256 1209 omnia
1278 1157 1405 1210 extema

358 1234 482 1312 auxilia,
498 1234 638 1315 quodque
652 1232 726 1292 levis
744 1242 903 1296 armaturae
922 1244 998 1311 erat,
1022 1235 1054 1296 in
1070 1231 1242 1296 Chaoniam
1256 1254 1313 1316 per
1327 1232 1403 1315 Epi·

193 1333 338 1385 Fauceshn·
357 1341 425 1383 rum
441 1320 482 1382 ad
502 1318 786 1400 occupandusque
807 1319 847 1380 cd
866 1318 1072 1400 Antigoneam
1095 1319 1197 1382 fauces
1217 1332 1300 1399 sunt,
1319 1318 1401 1399 (ste-

193 1403 291 1462 agones
358 1429 400 1470 na
419 1417 530 1468 vocant
556 1403 665 1485 Greci)
683 1404 776 1468 misit.
821 1401 890 1485 Ipse
913 1416 984 1489 post
1004 1406 1108 1489 paucis
1135 1407 1241 1470 diebus
1265 1407 1402 1488 graviore

193 1475 297 1530 occupat.
359 1505 480 1556 secutus
505 1491 637 1573 agmine,
661 1509 753 1571 quum
780 1491 871 1552 situm
895 1511 1017 1553 ornnem
1042 1493 1174 1575 regionis
1204 1492 1402 1574 adspexissat

358 1579 491 1642 maxime
515 1578 659 1639 idoneum
678 1576 718 1638 ad
742 1576 939 1640 muniendum
954 1579 1055 1640 locum
1071 1579 1201 1642 credidit
1215 1601 1282 1641 esse
1297 1590 1404 1663 prater

195 1685 312 1737 onmes
360 1685 482 1728 amnem
497 1663 608 1726 Aoum.
629 1663 654 1724 is
679 1663 908 1742 intermontes,
932 1684 1059 1746 quorum
1086 1667 1215 1728 alterum
1239 1662 1403 1750 AEropum,

192 1753 321 1830 Amr»-
360 1752 487 1816 alterum
507 1750 644 1813 Asnaum
667 1748 773 1811 incolae
794 1759 916 1828 vocant,
940 1763 1070 1832 angusta
1089 1752 1169 1815 valle
1184 1752 1261 1830 fluit,
1275 1751 1335 1815 iter
1350 1773 1408 1818 exa

190 1828 234 1873 ²¹⁸·
359 1838 465 1922 iguum
488 1857 577 1920 super
602 1835 698 1919 ripam
724 1835 869 1919 prebens.
913 1834 1051 1900 Asnaum
1076 1837 1307 1920 Athenagoram
1335 1859 1404 1900 cum

359 1925 418 1987 levi
445 1936 599 1986 armatura
620 1933 726 1986 tenere
749 1943 786 1984 ac
811 1923 999 1986 communire
1018 1922 1128 2006 jubete
1152 1924 1270 2007 ipsein
1285 1921 1404 2007 AEropo

359 2010 462 2096 posuit
490 2021 600 2072 castra.
644 2007 714 2079 Qua
739 2009 862 2072 abscisa
889 2029 978 2092 rupes
999 2021 1096 2089 erant,
1120 2010 1213 2074 statio
1237 2031 1404 2092 paucorum

358 2108 545 2160 armatorum
560 2095 715 2173 tenebat3.
732 2114 797 2174 qua
820 2095 919 2157 minus
940 2105 1008 2158 tuta
1029 2108 1128 2176 erant,
1148 2097 1209 2160 alia
1230 2095 1331 2176 fossis,
1346 2097 1405 2159 alia

357 2182 456 2262 vsllis,
477 2183 539 2244 alia
561 2182 693 2244 turribus
716 2181 885 2244 muniebat.
928 2179 1048 2264 Magna
1068 2194 1291 2246 tormentorum
1310 2183 1404 2246 etiam

357 2269 413 2346 vis,
428 2279 464 2331 ut
478 2267 640 2330 missilibus
660 2267 765 2349 procul
786 2279 924 2332 arcerent
946 2269 1077 2347 hostem,
1102 2269 1221 2332 idoneis
1245 2270 1321 2331 locis
1343 2270 1404 2332 dis·

358 2356 461 2438 posita
485 2366 541 2416 est.
567 2353 796 2416 tabemaculnm
826 2355 940 2435 regium
970 2376 1026 2436 pro
1054 2355 1146 2435 vallo,
1175 2357 1208 2418 in
1237 2367 1405 2438 conspecto

357 2441 493 2502 maxime
503 2440 632 2517 tumulo,
643 2449 678 2501 ut
688 2453 834 2502 terrorem
848 2440 996 2521 hostibus,
1006 2441 1127 2524 suisque
1141 2461 1226 2524 spem
1241 2463 1281 2505 ex
1294 2441 1408 2506 fiducia

358 2525 485 2604 laceret,
500 2526 645 2608 positum.

193 2615 346 2668 Comum
401 2610 459 2674 Vl.
473 2609 600 2689 Consul,
623 2631 678 2693 per
692 2608 867 2695 Charopum
888 2609 1037 2695 Epiroten
1062 2615 1174 2678 certior
1193 2613 1302 2692 factus,
1327 2635 1406 2696 quos

193 2683 265 2740 ’Μ
360 2698 454 2763 saltus
478 2718 548 2760 cum
571 2697 707 2760 exercitu
731 2697 892 2761 insedisset
914 2721 977 2779 rex,
997 2701 1124 2783 etipse,
1147 2694 1239 2782 ¹quum
1261 2699 1407 2784 Corcyrae

359 2785 559 2862 hibernasset,
573 2804 643 2848 vere
657 2782 757 2866 primo
769 2784 805 2867 ¹in
820 2785 1029 2848 continentem
1048 2786 1203 2869 trajectus,
1221 2785 1261 2848 ad
1281 2785 1406 2850 hostem

360 2873 472 2936 ducere
486 2868 597 2954 pergit.
615 2870 749 2950 quinque
769 2871 865 2934 millia
889 2871 984 2933 ferme
1006 2873 1045 2933 ab
1068 2873 1158 2954 regiis
1183 2872 1289 2935 castris
1311 2892 1407 2952 quum

360 2960 491 3036 abesset,
516 2957 585 3018 loeo
607 2956 727 3018 munito
751 2957 865 3019 relictis
887 2958 1068 3040 legionibus,
1088 2959 1154 3041 ipse
1170 2979 1240 3022 cum
1256 2959 1406 3041 expeditis

359 3063 535 3128 progressus
554 3041 594 3104 ad
621 3042 805 3125 speculanda
829 3043 909 3121 loca,
931 3059 1055 3125 postero
1075 3045 1124 3107 die
1139 3045 1327 3108 consilium*
1350 3045 1405 3106 ha·

359 3130 436 3208 buit,
451 3141 552 3192 utrum
565 3149 619 3212 per
640 3128 786 3190 insessum
810 3129 848 3189 ab
868 3129 956 3191 hoste
975 3131 1097 3209 saltum,
1119 3147 1304 3213 quamquam
1322 3131 1407 3193 labor

360 3217 468 3298 ingens
492 3215 720 3298 periculumque
746 3227 975 3296 proponeretur,
1000 3217 1162 3280 transitum
1187 3228 1343 3294 tentaret;
1367 3237 1406 3278 an

361 3302 472 3366 eodem
494 3301 611 3380 itinere,
634 3321 695 3382 quo
718 3300 817 3383 priore
836 3321 917 3364 anno
941 3299 1095 3385 Sulpicius
1119 3301 1339 3366 Macedoniam
1358 3303 1405 3366 in·

362 3398 504 3465 traverat,
519 3387 760 3451 circumduceret
783 3387 897 3470 copias.
941 3385 1012 3450 Hoc
1035 3389 1196 3452 consilium
1219 3389 1406 3472 permultos

363 3475 429 3536 dies
443 3469 572 3555 agitanti
586 3472 714 3534 nuncius
727 3473 821 3551 venit,
842 3472 881 3534 Τ.
900 3471 1079 3543 Quinctium
1102 3476 1259 3538 consulem
1280 3475 1405 3553 sactum,
1516 3529 1517 3534 ,

362 3559 564 3640 sortitumque
578 3558 763 3640 provinciam
782 3555 1009 3637 Macedoniam,
1034 3573 1187 3625 maturato
1211 3562 1319 3624 itinere
1346 3561 1407 3623 'am

315 3643 320 3654 ’
364 3641 529 3728 Corcyram
550 3644 715 3725 trajecisse.
758 3641 898 3707 Valerius
917 3643 1026 3708 Antias
1049 3646 1179 3711 intrasse
1202 3647 1314 3711 saltum
1339 3584 1406 3708 l'il·

363 3730 438 3793 lium
453 3727 558 3808 tradit,
573 3730 662 3810 quia¹
676 3741 761 3793 recto
775 3731 884 3793 itinere
898 3733 1060 3814 nequierit,
1075 3733 1217 3796 omnibus
1231 3756 1251 3796 a
1271 3753 1343 3816 rege
1358 3733 1406 3794 in-

363 3817 464 3897 sessis,
479 3825 617 3880 secutum
631 3816 751 3894 vallem,
766 3837 821 3901 per
842 3836 933 3898 quarn
959 3817 1090 3882 mediam
1112 3820 1205 3882 fertur
1228 3819 1312 3884 Aous
1329 3841 1407 3890 ¹am-

362 3904 430 3983 uis3
452 3913 546 3988 ponte
558 3902 669 3986 raptim
681 3903 775 3984 facto,
790 3904 822 3965 in
837 3905 946 3988 ripam,
968 3905 1000 3966 in
1021 3926 1082 3987 qua
1095 3919 1184 3970 erant
1198 3917 1299 3969 castra
1313 3909 1408 3989 regia,

394 4059 623 4114 tamassanus.
753 4059 889 4112 *concilium
900 4063 973 4113 Gran.
1102 4065 1290 4131 manuae.
1302 4066 1374 4119 Cres.

363 4182 596 4245 sinistramve
610 4183 688 4234 πόλιν.
711 4183 869 4234 Etsiciater·
900 4188 1003 4256 deturiu
1020 4187 1101 4238 rocula
1118 4205 1178 4240 essm.
1210 4193 1297 4240 &naus
1315 4203 1410 4256 alienu

363 4251 420 4297 dum
431 4249 510 4296 Gracci
528 4249 708 4314 miproreaubi
718 4249 747 4298 de
758 4249 801 4298 hac
812 4251 868 4300 urbe
902 4267 931 4299 ex
948 4253 1109 4316 sequentibus:
1125 4252 1256 4304 Heraclidis
1271 4258 1346 4321 capite
1367 4273 1409 4320 pc·

363 4323 443 4411 agu'pt.
627 4378 634 4390 ¹
713 4381 718 4392 Ι
819 4381 843 4394 ..
900 4317 1012 4392 pulerinm
1023 4334 1124 4368 amorem
1134 4321 1240 4368 redemit.
1271 4321 1311 4368 De
1330 4321 1409 4369 llere-

428 4376 572 4424 Maeedmm
595 4391 676 4426 eram
700 4379 740 4426 alt
766 4380 868 4428 oensta.
901 4381 1411 4434 clrdeald.not.7l.sdxxxr.16.Dnss

364 4443 398 4491 cle
412 4455 463 4489 eun
482 4439 614 4504 Hmellds]
638 4442 691 4491 Hoc
706 4442 758 4508 jure
777 4459 868 4510 asspec-
900 4459 968 4494 voees
983 4449 1024 4496 abl
1044 4450 1167 4498 maulam
1193 4450 1298 4510 ignorem
1318 4449 1409 4501 Victor.

249 4553 252 4562 .
365 4502 576 4569 acamisso.
609 4505 725 4564 uadum
741 4509 813 4562 latere
831 4510 865 4558 vl.
897 4509 1108 4576 libenethnlm
1117 4513 1196 4566 eurio.
