3100 5194
432 353 637 420 tmxxxt.
658 355 851 424 carm.
1104 365 1147 434 87

100 524 145 590 et,
177 531 268 597 snper
297 514 492 578 circumfusas
521 529 568 579 tot
595 515 787 580 Macedonia
816 526 933 598 gentes,
960 515 1145 582 maritimam
1160 535 1296 590 nense,

100 619 227 681 quoque
242 603 406 664 instantem
422 603 620 666 obsidionem.
1159 607 1191 656 A.
1203 599 1230 651 Β·
1240 607 1295 652 2⁰⁰·

145 685 230 748 xm.
245 737 251 744 .
268 686 325 749 Hre
353 709 466 752 caussae
493 689 703 752 Damocritum
736 687 915 772 AEtolosque
951 692 1266 753 restituerantAErotiet

3 805 8 824 ι
101 771 274 835 Romanis:
299 787 340 852 et,
360 775 557 859 Amynandro
579 782 649 857 rege
672 777 878 837 Athamanum
895 774 1048 857 adjuncto,
1075 800 1145 861 pro·
1158 769 1298 842 Arhemqua

103 859 190 921 fecti'
203 859 377 922 Cercinium
400 863 553 924 obsedere.
597 861 776 924 Clauserant
799 873 912 945 portas,
934 864 1083 926 incertum
1106 831 1311 946 νὴὲζὲζῗέῗῖθ

105 966 145 1006 an
160 945 341 1010 voluntate:
367 949 438 1030 quia
458 949 574 1027 regium
599 950 753 1010 habebant
776 949 958 1031 praesidium.
1002 949 1145 1011 Ceterum
1157 963 1226 1027 lippo.

105 1032 188 1092 intra
209 1054 321 1114 paucos
350 1035 414 1095 dies
441 1047 563 1116 captum
588 1045 635 1096 est
660 1033 845 1113 Cercinium,
868 1046 957 1116 atque
980 1037 1145 1098 incensum.

105 1119 157 1198 qui
171 1120 383 1202 superfuerant
398 1141 414 1181 e
430 1141 542 1202 magna
557 1121 655 1198 clade,
681 1121 766 1182 liberi
793 1122 941 1203 servique,
965 1122 1043 1183 inter
1063 1137 1147 1185 cete-

104 1223 186 1265 ram·¹
201 1207 333 1286 praedam
359 1208 491 1268 abducti.
535 1207 565 1268 Is
591 1209 681 1268 thnor
708 1227 824 1284 omnes,
849 1209 900 1288 qui
927 1209 1149 1271 circumcolunt

107 1288 226 1352 Boeben
256 1291 408 1375 paludem,
448 1294 559 1354 relictis
593 1295 725 1370 urbibus,
756 1303 875 1353 montes
906 1295 1008 1374 coegit
1037 1305 1149 1376 petere.
1199 1318 1202 1324 ’

105 1373 217 1454 AEtoli,
239 1379 345 1460 inopia
370 1380 474 1460 praedae
495 1380 566 1440 inde
592 1380 696 1456 aversi,
721 1379 751 1437 in
777 1377 993 1439 Perrhaebiams
1018 1380 1059 1439 ire
1078 1402 1148 1461 per-

93 1476 208 1542 >gunt:¹
253 1463 391 1548 Cyretias
421 1466 462 1526 ibi
491 1466 519 1525 vi
547 1467 683 1546 capiunt,
724 1464 864 1546 soedeque
895 1465 1042 1546 diripiunt
1052 1491 1061 1540 ;
1097 1467 1148 1548 qui

106 1547 269 1612 Malloeam
295 1551 440 1628 incolunt,
466 1551 620 1612 voluntate
642 1552 673 1611 in
699 1551 885 1612 deditionem
910 1552 1149 1632 societatemque
1173 1563 1177 1570 '

106 1639 239 1718 accepti.
282 1637 330 1698 Ex
349 1635 517 1698 Perrhaebia
538 1635 695 1718 Gomphos
717 1637 841 1718 petendi
862 1637 1058 1720 Amynander
1075 1659 1148 1720 auc-
1172 1647 1175 1656 “

106 1733 267 1783 tor-erat:
301 1734 333 1782 et
357 1723 487 1784 inminet
515 1723 702 1784 Athamania
728 1723 798 1783 huic
827 1725 905 1802 urbi,
930 1725 1148 1806 videbaturque

106 1810 277 1889 expugnari
308 1809 373 1869 sine
402 1829 515 1890 magno
543 1809 708 1870 certamine
740 1829 839 1890 posse.
897 1807 995 1871 AEtoli
1024 1831 1148 1893 campos

103 1891 274 1955 Thessaliae
287 1896 404 1977 opimos
420 1895 604 1977 adpraedam
624 1896 758 1976 petiere:
782 1907 938 1975 sequente,
966 1916 1148 1978 quamquam
1161 1917 1301 1968 Thessaliam

107 2001 172 2040 non
194 1983 354 2062 probante,
380 1981 588 2064 Amynandro,
615 1997 681 2042 nec¹
698 1981 805 2043 effusas
828 1981 1040 2062 populationes
1055 1982 1147 2046 AEto-
1162 1987 1307 2050 Patimur·

106 2067 217 2145 lorum,
229 2087 287 2129 nec
302 2078 411 2144 castra,
431 2089 490 2150 quo
502 2067 564 2128 fors
579 2068 699 2129 tulisset
713 2069 793 2144 loen,
815 2068 879 2128 sine
896 2067 958 2127 ullo
975 2068 1150 2130 discrimine
1172 2079 1175 2086 '

106 2174 142 2214 ac
158 2173 234 2214 cura
248 2155 414 2230 muniendi,
438 2155 555 2238 posita,
564 2155 677 2235 itaque,
703 2175 742 2214 ne
758 2153 1029 2214 temeritas-eorum
1045 2156 1149 2237 negle-
1173 2165 1175 2172 '

105 2241 272 2320 gentiaque
298 2240 355 2300 sibi
382 2260 418 2300 ac
444 2241 504 2300 suis
528 2241 622 2301 etiam
645 2240 741 2300 cladis
771 2238 896 2320 alicujus
927 2259 1033 2301 caussa
1059 2254 1149 2320 esset,

108 2347 203 2406 quum
231 2325 450 2408 campestribus
479 2326 553 2388 locis
584 2324 777 2406 subjicientes
805 2347 856 2386 eos
883 2335 983 2387 castra
1008 2325 1149 2390 Phecndo

106 2413 178 2472 urbi
192 2411 317 2490 videret,
343 2413 409 2493 Ipse
424 2411 526 2494 paullo
541 2414 609 2500 plus
631 2415 658 2451 ⁵⁰
669 2406 904 2492 quingentorum
920 2433 1061 2494 passuum
1079 2414 1149 2474 inde

104 2497 258 2560 tumulum
272 2500 345 2577 suis,
368 2499 502 2579 quamvis
518 2499 573 2559 levi
589 2499 777 2560 munimento
793 2509 903 2576 tntum,
918 2499 1009 2579 cepit.
1048 2499 1148 2568 Quum
1171 2521 1174 2528 ·

105 2581 217 2663 AEtoli,
243 2586 300 2647 nisi
327 2585 410 2668 quod
434 2585 743 2667 populabantur,1vix
766 2585 941 2645 meminisse
964 2583 1174 2664 viderentur,'

106 2691 137 2732 se
164 2673 196 2732 in
221 2671 355 2734 hostium
379 2693 453 2754 agro
474 2693 538 2732 esse
550 2695 560 2749 ;
584 2672 635 2732 alii
660 2671 754 2754 palati
770 2671 942 2732 semiemres
957 2683 1149 2752 vagarentur,

103 2757 156 2818 alii
172 2759 204 2818 in
230 2759 336 2820 castris
361 2759 426 2819 sine
444 2759 633 2819 stationibus
657 2777 710 2839 per
740 2777 878 2818 somnum
900 2757 1062 2838 vinumque
1085 2758 1149 2818 dies

103 2845 246 2906 noctibus
270 2854 435 2926 aequarent,
461 2843 614 2927 Philippus
645 2844 870 2926 inopinantibus
901 2844 1033 2905 advenit.
1058 2864 1147 2924 quem
1161 2859 1303 2927 obprimun.

105 2951 199 3011 qnum
216 2931 321 2992 adesse
337 2931 522 3012 refugientes
541 2952 578 2992 ex
594 2931 673 3012 agris
688 2930 810 3010 quidam
825 2929 925 3011 pavidi
941 2931 1148 3010 nunciassent,
1160 2939 1199 3004 *ξπ
1209 2945 1222 2976 ⁸
1233 2928 1288 2976 Phi.

3 3013 4 3018 ¹
104 3017 261 3098 trepidare
283 3016 479 3078 Damocritus
507 3018 658 3097 ceterique
684 3016 797 3076 duces:
822 3027 854 3076 et
876 3026 941 3077 erat
963 3016 1041 3077 forte
1056 2993 1228 3079 meri-¹¹¹⁴*

104 3101 231 3164 dianum
252 3115 384 3185 tempus,
412 3122 471 3183 quo
493 3104 629 3185 plerique
652 3122 757 3182 graves
786 3102 854 3162 cibo
878 3102 969 3182 sopiti
988 3102 1146 3183 jacebant.
1166 3123 1168 3128 ·

102 3186 251 3250 Excitare
267 3189 359 3270 igitur
373 3191 425 3250 alii
449 3189 534 3266 alios,
547 3188 652 3270 jubere
667 3209 752 3248 anna
763 3207 880 3268 capere,
905 3188 979 3247 alios
994 3189 1148 3250 dimittere

102 3275 358 3353 adreuoeandos,
380 3277 430 3358 qui
454 3276 549 3358 palati
576 3295 629 3356 per
656 3295 744 3354 agros
763 3273 985 3355 praedabantur.
1002 3283 1147 3354 tantaque

102 3359 279 3442 trepidatio
292 3361 360 3439 fuit,
375 3373 408 3424 ut
423 3362 487 3423 sine
502 3360 611 3444 gladiis
624 3359 745 3440 quidam
769 3359 902 3438 equitum
924 3358 1052 3435 exirent,
1076 3359 1148 3420 lori·

103 3467 157 3507 eas
169 3447 308 3529 plerique
322 3469 383 3508 non
398 3448 567 3509 induerent.
591 3443 639 3507 Ita
654 3446 764 3528 raptim
780 3444 892 3522 educti,
908 3464 1002 3524 quum
1017 3446 1147 3507 universi

3 3585 4 3592 ,
104 3545 323 3595 sexcentorum
334 3555 428 3614 ..aegre
454 3534 543 3594 simul
570 3533 686 3613 equites
710 3531 887 3614 peditesque
912 3552 1069 3592 numemm
1093 3553 1163 3594 ex-·

102 3619 252 3701 plessent,
276 3619 415 3681 incidunt
429 3621 460 3680 in
475 3621 590 3700 regium
605 3619 783 3698 equitatum,
802 3637 938 3694 numero,
955 3619 1075 3696 animis,
1098 3639 1147 3679 ar·
1164 3647 1167 3658 ·

103 3706 224 3786 misque
245 3716 449 3788 prestantem.
494 3704 601 3786 Itaque
622 3703 721 3785 primo
743 3703 847 3784 inpetu
868 3703 936 3780 fusi,
961 3703 1014 3764 vix
1028 3716 1148 3766 tentato

3 3799 4 3820 ³
104 3791 285 3868 certamine,
315 3792 396 3873 turpi
420 3791 491 3873 Iuga
510 3801 651 3872 repetunt
679 3799 789 3849 eastra.
820 3790 886 3850 caesi
911 3790 1053 3870 captique
1080 3791 1147 3869 qui-

3 3869 4 3898 ³
105 3877 191 3952 dam,
207 3897 282 3956 quos
297 3879 415 3958 equites
432 3879 469 3938 ab
485 3877 604 3956 ngrninc
621 3875 804 3957 fugientium
819 3874 1024 3936 interclusere.

3 4025 5 4058 r
148 3960 249 4024 XLII.
286 3961 455 4046 Philippus,
495 3963 555 4024 suis
596 3960 661 4042 jam
705 3961 786 4021 uallo
825 3958 1147 4042 adpropInquantibus‚
1221 4021 1224 4030 .

3 4059 5 4152 p
104 4050 242 4131 receptui
273 4050 343 4112 cani
367 4048 468 4131 jussit.
505 4047 650 4128 fatigatos
680 4045 760 4107 enlm
792 4065 884 4126 equos
917 4045 1056 4123 virosque
1086 4063 1147 4104 non

3 4155 5 4198 ι
105 4145 170 4196 tarn
201 4135 321 4218 proelio,
344 4156 434 4216 quam
461 4135 578 4196 itineris
604 4134 693 4194 simul
724 4129 923 4211 longitudine,
952 4129 1041 4189 simul
1072 4149 1147 4210 prae-

3 4199 5 4316 l
103 4241 235 4306 propera
249 4221 416 4299 celeritate,
432 4221 574 4283 habebat.
620 4219 726 4299 ltaque
742 4212 897 4278 turmatim
910 4213 1038 4292 equites,
1062 4215 1092 4276 ln
1103 4216 1147 4274 vi-

503 4363 514 4388 ·
536 4353 662 4404 Pcrroebr'nm
673 4351 747 4402 Gran.

225 4472 249 4507 ³⁰
267 4469 565 4540 eringnrtorurnpcrrunn]
582 4461 933 4541 Mdtnnteretuquhgmta
939 4471 1023 4523 lm·
