3038 5200
369 381 425 442 176
654 366 657 374 ⁴
791 377 876 438 TlTl
895 375 1017 438 alvu·
1097 401 1102 410 ·
1149 401 1156 410 ·

268 536 342 586 ·⁵⁵0·
367 535 378 572 ⁸
390 545 491 598 uuum
511 531 670 612 Romanis,
694 553 733 594 an
751 527 876 610 AEtolis,
899 528 1022 594 mentiri
1045 549 1111 594 mos
1134 539 1232 609 esset3
1262 529 1316 613 qni
1336 529 1418 594 male

266 601 337 654 '¹⁹⁴'
366 620 585 698 ‘commissam
606 619 777 682 libertatem
801 617 916 702 populo
926 615 1068 680 Romano
1080 617 1268 680 sermonibus
1282 616 1415 680 ⁷⁸distu-

367 711 377 743 ‘
389 709 490 786 ierint,
502 718 534 770 et
546 717 681 770 mutatos
696 725 753 788 pro
761 702 985 780 Macedonibus
995 701 1153 768 Romanos
1168 703 1321 766 dominos.
1355 701 1418 766 Sed

367 796 377 828 ‘
389 795 459 872 illis,
469 814 527 856 nec
537 792 610 875 quid
621 791 769 870 dicerent,
779 811 835 852 nec
849 790 921 873 quid
933 789 1079 871 facerent,
1091 789 1257 872 quidquam
1269 809 1416 872 umquem

367 881 474 968 ‘pensi
491 880 597 958 luisse.¹
626 877 770 960 Reliquas
785 877 925 940 civitates
937 897 1072 956 monere,
1084 889 1118 940 ut
1129 897 1169 940 cx
1182 876 1284 956 factis,
1299 897 1365 939 non
1379 897 1417 940 ex

367 968 490 1046 ‘dictis
514 966 630 1027 amicos
650 975 798 1048 pensent:
826 964 1068 1048 intelligantque,
1088 963 1197 1046 quibus
1218 963 1416 1042 credendum,

368 1055 422 1115 ‘et
436 1075 455 1114 a
470 1053 577 1134 quibus
592 1051 760 1114 cavendnm
775 1051 824 1114 sit.
868 1048 1025 1112 Libertate
1042 1051 1165 1114 modice
1185 1061 1321 1112 utantur.
1336 1059 1414 1112 tent·
1431 1109 1434 1123 ,

366 1140 529 1222 ‘peratum
545 1158 625 1218 earn,
639 1136 789 1200 salubrem
805 1147 838 1200 et
852 1137 990 1219 singulis,
1013 1149 1045 1199 et
1067 1137 1241 1200 civitatibus
1256 1157 1344 1200 esse:
1364 1139 1415 1198 ni-

366 1227 481 1288 ‘miam
498 1237 530 1287 et
545 1224 613 1286 aliis
626 1243 760 1306 marem,
784 1235 816 1286 et
831 1223 914 1306 ipsis,
937 1223 989 1304 qui
1012 1224 1157 1302 habeant,
1179 1223 1362 1286 effrenatam
1383 1235 1415 1285 et

365 1311 577 1395 ‘praecipitem
590 1331 665 1372 esse.
709 1309 887 1372 Concordia
900 1310 932 1372 in
948 1309 1131 1390 civitatibus,
1146 1311 1301 1394 principes
1316 1323 1349 1372 et
1362 1331 1413 1372 or·

340 1422 349 1442 ι
365 1398 474 1460 ‘dines
489 1398 570 1460 inter
585 1417 628 1476 se,
647 1397 727 1460 etin
743 1416 904 1458 commune
919 1417 1026 1458 omnes
1041 1397 1191 1475 civitates,
1212 1397 1415 1460 consulerent.

363 1484 530 1546 ‘adversus
545 1485 773 1546 consentientes
787 1503 846 1544 nec
861 1503 962 1566 regem
978 1503 1161 1565 quemquam
1179 1483 1254 1546 satis
1269 1483 1414 1562 validum,

365 1570 445 1632 ‘nec
460 1582 623 1654 tyrannum
640 1569 715 1632 fore.
758 1568 954 1646 Discordiam
979 1583 1011 1632 et
1029 1570 1212 1633 seditionem
1233 1571 1341 1634 omnia
1358 1590 1413 1652 op-

367 1657 522 1740 ‘portuna
536 1656 748 1718 insidiantibus
763 1656 873 1734 lacere,
885 1676 978 1736 quum
993 1677 1074 1739 pars,
1085 1662 1151 1737 quie
1163 1656 1336 1725 domestico
1348 1677 1413 1718 cer·

366 1742 379 1775 ‘
390 1742 504 1804 minine
513 1742 637 1804 inferior
646 1743 696 1821 sit,
704 1751 830 1804 externo
839 1743 939 1824 potius
948 1763 981 1802 se
991 1742 1136 1824 adplicet,
1143 1763 1234 1825 quam
1244 1743 1304 1805 civi
1314 1742 1413 1807 cedat.

367 1828 505 1890 ‘Alienis
520 1829 613 1890 mnus
627 1840 758 1911 partum,
774 1839 899 1889 externa
912 1827 973 1890 fide
988 1827 1141 1890 redditam
1164 1829 1340 1892 libertatem
1362 1850 1414 1890 sua
1429 1887 1432 1897 ,

368 1914 462 1977 ‘cura
477 1915 665 1978 custodirent
678 1925 909 1995 servarentque:
933 1925 969 1976 nt
991 1913 1119 1996 populus
1142 1913 1302 1978 Romnum
1317 1915 1414 1997 dignis

368 2001 496 2063 ‘datam
512 2001 695 2080 libertatem,
711 2021 746 2064 ac
762 2021 871 2064 munus
886 2021 974 2062 suum
989 2001 1067 2062 bene
1080 2001 1216 2084 positum
1231 1998 1347 2064 sciret'

410 2085 784 2169 L.·Hasve1utparentis
798 2107 888 2149 voces
909 2107 1002 2169 quum
1023 2087 1174 2167 audirent,
1199 2107 1324 2150 manare
1347 2109 1414 2151 om·

212 2249 215 2260 .
365 2173 457 2236 nibus
472 2174 585 2255 gaudio
601 2175 743 2252 lacrima,
768 2173 845 2236 adeo
868 2184 904 2236 ut
927 2174 1025 2256 ipsum
1050 2194 1171 2256 quoque
1194 2174 1416 2237 confunderent

267 2275 269 2280 ·
369 2261 534 2324 dicentem.
588 2260 753 2344 Paullisper
788 2260 927 2322 fremitus
962 2258 1196 2343 adprobantium
1234 2262 1316 2324 dicta
1343 2261 1432 2340 luit„

367 2348 617 2429 monentiumque
648 2346 774 2410 aliorum
805 2347 892 2424 alios,
919 2358 953 2410 ut
978 2368 1031 2408 eas
1057 2367 1158 2426 voces,
1180 2345 1264 2410 velut
1292 2349 1415 2412 oraculo

367 2433 489 2511 missas,
512 2434 543 2494 in
568 2445 694 2515 pectora
716 2434 893 2514 animosque
909 2433 1114 2496 demitterent
1159 2431 1292 2496 Silentia
1307 2434 1416 2497 deinde

367 2518 461 2596 facto,
485 2519 577 2602 petiit
597 2519 636 2581 ab
660 2519 708 2598 iis,
731 2529 766 2583 ut
786 2521 867 2580 cives
882 2515 1050 2598 Romanos,
1073 2520 1099 2582 ti
1123 2519 1175 2602 qui
1201 2521 1284 2604 apud
1311 2542 1365 2583 eos
1386 2523 1416 2584 in

367 2604 512 2752 mimulfi
527 2617 640 2684 essent,
655 2605 843 2686 conquisitos
858 2606 939 2668 intra
954 2607 1031 2669 duos
1052 2627 1172 2670 menses
1197 2608 1358 2670 mitterent
1376 2608 1416 2670 sd

415 2689 425 2750 i
591 2693 599 2706 '
654 2737 662 2754 .
706 2692 716 2724 ‘
798 2693 804 2705 '
846 2692 852 2706 '
933 2693 940 2706 '
1322 2693 1330 2708 ⁰
1391 2694 1415 2742 ’-

368 2709 497 2840 tlt
511 2689 870 2862 fflhetrlttt:
879 2692 1014 2842 tlltl
1038 2693 1418 2859 lhilimniiitilull,

368 2863 504 2947 ‘gratias
519 2886 552 2926 se
567 2865 647 2928 inter
662 2877 764 2928 cetera
777 2865 871 2928 etiam
896 2867 937 2928 ob
961 2865 1020 2928 hoc
1042 2888 1145 2950 agere,
1167 2865 1245 2948 quod
1260 2865 1417 2930 admoniti

367 2952 502 3030 ‘assera
518 2964 553 3014 ut
568 2963 633 3014 tant
647 2951 710 3036 pio,
726 2964 791 3016 tam
806 2953 977 3017 necessario
992 2955 1095 3016 officio
1109 2950 1325 3036 fungerentur?
1364 2952 1415 3015 ln·

367 3060 442 3122 gens
464 3059 607 3102 numerus
629 3050 695 3101 erat
717 3039 797 3102 bello
820 3037 935 3102 Punico
957 3051 1128 3122 captorum,
1150 3055 1227 3125 qnos
1247 3037 1415 3118 Hmmibd,

366 3147 458 3210 quum
474 3125 568 3188 esuis
584 3147 646 3188 non
661 3125 891 3206 redimerentur,
909 3125 1160 3190 venumdederat.
1205 3123 1414 3189 Multitudinis

366 3233 472 3275 eornm
487 3224 701 3296 argumentum
717 3213 788 3291 sit¹‚
810 3213 891 3295 quod
907 3211 1050 3298 Polybius
1065 3214 1182 3292 scribit,
1194 3215 1353 3276 ”centum
1368 3225 1413 3275 ta·

367 3299 456 3364 lentis
471 3321 539 3362 eam
554 3321 619 3362 rem
633 3299 754 3362 Achaeis
779 3299 899 3362 stetisse
914 3322 922 3362 :
947 3320 1039 3382 quum
1054 3301 1259 3383 ”quingenos
1274 3300 1412 3363 denarios

365 3387 496 3469 pretium
505 3387 537 3447 in
546 3387 748 3468 capitaquod
756 3385 1275 3467 reddereturdominis,statuissent.
1295 3385 1414 3449 ⁷⁸Mille

366 3471 449 3534 enim
474 3471 622 3534 ducentos
647 3493 684 3534 ca
706 3473 822 3535 ratione
837 3471 956 3535 Achaia
976 3473 1094 3536 habuit.
1137 3471 1248 3556 Adjice
1263 3493 1344 3536 nunc
1359 3493 1413 3556 pro

366 3557 519 3638 portione,
535 3570 610 3640 quot
623 3558 784 3621 verisimile
800 3559 841 3622 sit
855 3569 954 3622 totam
968 3555 1117 3622 Gratiam
1133 3559 1286 3622 habuisse.
1329 3557 1414 3620 Non·

367 3642 440 3704 dum
467 3655 633 3706 conventus
657 3644 796 3707 dimissus
821 3656 898 3723 erat,
923 3667 1015 3728 quum
1038 3646 1207 3729 respiciunt
1231 3645 1415 3728 praesidium,

366 3730 406 3791 ab
420 3727 644 3792 Acrocorintho
659 3732 856 3812 descendens,
879 3733 1017 3815 protinus
1039 3733 1079 3795 ad
1100 3745 1223 3816 portant
1238 3731 1310 3796 duci
1325 3743 1415 3814 atque
1500 3801 1501 3806 ἵ

780 3849 833 3889 ¹ett
844 3841 920 3890 Gran.
932 3841 1004 3892 Crev-

396 3944 671 4011 ”nummatas-tm
789 3947 874 3998 ruint.
907 3947 1416 4000 tieaeainanrillerlucantaeffisiaatfflollw.

396 4011 420 4048 ⁷⁴
437 4009 530 4059 Centum
552 4012 649 4078 talentis]
706 4013 763 4062 arcia
786 4011 874 4076 argenti
906 4031 959 4078 qaae
978 4016 998 4062 ai
1015 4015 1199 4080 dividenturper
1214 4027 1313 4065 centm
1323 4012 1417 4068 calm·
1499 4059 1500 4066 ,

365 4075 438 4126 9375.
906 4081 1024 4146 apparebit
1043 4081 1221 4144 unumquodque
1241 4079 1358 4129 ιιῑιιιιιιιιι
1376 4075 1416 4124 ha·
1498 4073 1500 4115 l

397 4140 420 4176 ⁷⁵
437 4139 563 4206 Quivrgeaoa
581 4141 691 4204 amaa]
724 4141 815 4198 Quinta
835 4159 873 4192 ar·
905 4146 981 4195 leuitas
991 4162 1033 4194 aex
1042 4145 1113 4194 millia
1129 4147 1284 4196 denariorum.
1319 4145 1416 4194 Constat

365 4206 519 4264 gentilitate
540 4206 654 4258 &manaa
672 4209 756 4272 pondo.
788 4209 873 4274 Septa-
905 4223 984 4261 antara
1010 4211 1124 4262 talantum
1145 4211 1226 4260 itidem
1247 4210 1355 4260 habaina
1376 4223 1417 4257 aea

365 4283 407 4316 naa
423 4286 510 4322 marcae
524 4284 637 4323 nostrates
649 4275 839 4325 eumaeauueiia
849 4287 874 4326 et
905 4275 978 4338 millia
1002 4275 1170 4326 drachmarum.
1204 4275 1316 4340 'ltaque
1347 4289 1432 4338 qun!v
1498 4271 1499 4285 ¹

365 4336 492 4386 teanuacia.
905 4342 1013 4405 quingenti
1025 4343 1112 4392 denuit
1128 4343 1153 4392 in
1169 4339 1358 4408 capitapretinnt
1369 4341 1419 4388 tue·

397 4397 420 4434 ⁷⁶
435 4397 690 4469 Milleeuiaadueeatoa]
709 4405 745 4456 Ea
761 4406 872 4458 hocloco
903 4409 960 4465 rint,
981 4425 1012 4458 ex
1033 4423 1081 4458 uno
1101 4409 1188 4458 talento
1217 4407 1337 4473 redempti
1366 4416 1419 4454 aar:

363 4463 452 4512 dmum
478 4477 611 4544 macutum
640 4481 676 4519 eat
700 4471 820 4522 ἁειιιιὶιιιιι
846 4485 872 4522 et
903 4473 1024 4534 cumdeda
1035 4474 1149 4540 Romani,
1165 4486 1304 4530 excentum
1314 4470 1420 4536 dulit,

364 4529 497 4584 mnan
507 4547 634 4598 pontum
649 4537 718 4592 aunt
751 4535 871 4603 metune·
904 4539 1103 4600 nulladueeuti.¹

243 533 265 582 0

224 597 265 651 .C
