3068 5186
304 313 385 438 aare
580 418 584 428 ,
724 353 808 413 urm
828 355 930 414 aevu

161 511 305 568 mosoc

149 583 198 632 Ἃ,
209 581 238 632 C.
252 579 306 630 108,

328 531 376 590 aa,
398 511 622 575 in-amicitiam
647 522 695 573 est
718 523 888 594 acceptus.⁴
918 509 1095 574 Civitatium
1120 521 1225 574 autern
1249 508 1385 591 cognitis

332 601 457 678 caussis,
473 599 579 661 decem
604 599 698 680 legati
726 598 817 660 aliam
846 598 971 661 aliarum
997 599 1136 662 lecerunt
1161 597 1385 660 conditionem.

308 688 408 764 „Qua
437 687 643 769 stipendiaria
672 687 735 767 rogi
764 685 922 748 Antiocho
952 686 1083 764 fuerant,
1109 698 1238 748 etcum
1269 684 1384 766 populo

332 774 475 838 Romano
501 784 668 849 senserant,
694 773 730 834 iis
761 773 976 836 inmunitatem
1007 774 1174 836 dederuntt
1213 791 1282 852 quae
1311 791 1382 852 par·

332 863 410 927 tium
438 859 584 922 Antiochi
611 859 741 938 lucrant,
768 872 822 922 aut
844 860 1051 943 stipendiariae
1082 860 1179 922 Attali
1212 858 1305 939 regis,
1331 877 1383 918 eas

334 967 440 1011 omnes
454 948 584 1028 vectigal
606 946 738 1029 pendere
759 946 890 1009 Eumeni
908 945 1074 1038 jusserunt.
1096 946 1284 1009 nominatim
1307 965 1385 1025 prse-

334 1047 419 1097 terea
434 1037 459 1080 ³⁷
470 1033 680 1116 Colophoniis,
696 1035 798 1115 quiin
814 1033 910 1096 Notio
927 1034 1075 1110 habitant,
1092 1047 1125 1096 et
1147 1036 1173 1082 ³⁸
1186 1031 1330 1115 Cymaeis,
1354 1043 1386 1092 et

307 1165 311 1176 ·
335 1120 504 1204 Mylasenis
534 1121 758 1184 inmunitatem
774 1133 1000 1185 concesserunt.
1054 1119 1270 1196 Clazomeniis,
1294 1137 1385 1201 anper

330 1209 562 1286 inmunitatem,
597 1219 629 1270 et
657 1206 840 1292 Drymusam
872 1208 1000 1272 insulam
1030 1208 1111 1270 dono
1141 1208 1314 1270 dederunt:
1355 1215 1387 1266 et

320 1292 477 1372 Milesiis,
490 1305 590 1376 'quern
616 1315 736 1356 sacrum
762 1294 929 1377 adpellant,
958 1314 1065 1377 agrurn
1095 1296 1315 1357 restituerunt:
1353 1303 1387 1353 et

307 1373 311 1384 ’
336 1379 499 1443 Iliensibus
523 1381 685 1444 Rhoeteum
708 1397 741 1444 et
765 1380 1155 1463 Gergithumaddiderunt,
1183 1402 1247 1443 non
1263 1393 1329 1442 tarn
1345 1380 1388 1440 ob

336 1469 472 1530 recentia
494 1469 555 1530 ulla
570 1469 698 1546 merita,
722 1489 813 1550 quarn
843 1469 994 1550 originum
1024 1470 1183 1531 memoria.
1213 1467 1324 1528 eedem
1354 1477 1387 1526 et

335 1553 515 1618 Dardanum
541 1554 690 1616 liberandi
717 1576 824 1617 caussa
844 1556 909 1618 suit.
954 1555 1049 1618 Chios
1073 1577 1204 1639 quoque,
1220 1566 1253 1616 et
1276 1551 1385 1636 Smyr-

335 1661 429 1718 naeos,
447 1654 488 1703 'et
512 1639 693 1725 Erythram,
718 1663 774 1724 pro
789 1643 932 1724 singulari
954 1643 1024 1722 hde,
1039 1663 1131 1724 quam
1146 1661 1185 1703 eo
1202 1641 1284 1704 bello
1307 1661 1385 1722 prae·

305 1806 309 1818 .
335 1728 481 1790 stiterunt
491 1727 518 1806 b,
543 1739 574 1789 et
588 1749 663 1810 agro
690 1728 853 1806 donarunt,
880 1740 912 1792 et
926 1731 958 1791 in
979 1735 1064 1792 omni
1087 1730 1243 1812 praecipuo
1267 1729 1386 1788 honore

335 1813 517 1876 habucrtmt.
562 1813 792 1878 Phocaeensibus
816 1829 849 1878 et
875 1836 958 1898 ager,
984 1838 1075 1898 quern
1098 1830 1171 1878 ante
1189 1815 1315 1876 bellum·
1329 1815 1387 1874 ha·

336 1901 475 1979 buerant,
503 1901 637 1963 redditus
649 1923 659 1980 3
691 1915 734 1980 et,
763 1915 800 1964 ut
823 1904 939 1986 lagibus
965 1904 1098 1985 antiquis
1123 1912 1293 1978 uterentur,
1316 1921 1387 1983 per-

245 2021 249 2036 «
330 1988 472 2050 missum.
518 1986 646 2051 Rhodiis
663 1989 830 2068 adfirmata,
846 2011 911 2073 quae
927 1991 1000 2054 data
1017 1991 1119 2074 priore
1135 1991 1261 2052 decreto
1275 1999 1385 2064 erant;

327 2072 433 2160 Lycia
459 2087 491 2137 et
507 2073 597 2136 Caria
621 2076 698 2137 data
717 2097 811 2156 usque
835 2078 875 2138 ad
902 2076 1093 2140 Maeandrum
1117 2097 1253 2154 amnem,
1275 2087 1388 2158 praeter

303 2218 306 2224 .
335 2158 529 2224 Telmissum.
546 2211 550 2222 .
574 2161 665 2244 Regi·
678 2161 808 2224 Eumeni
834 2163 1059 2226 Chersonesum
1085 2165 1118 2226 in
1134 2164 1259 2246 Europa
1271 2175 1303 2224 et
1317 2160 1384 2244 by·

304 2301 307 2310 r
335 2249 527 2328 simachiam,
556 2249 692 2326 castella,
721 2251 814 2329 vicos,
845 2271 945 2332 agros,
971 2253 1080 2333 quibus
1103 2250 1215 2313 finibus
1245 2259 1388 2310 tenuerat

334 2334 516 2413 Antiochus,
540 2334 738 2416 adjecerunt:
773 2337 805 2398 in
820 2337 894 2399 Asia
916 2337 1079 2422 Phrygiam
1095 2351 1268 2419 utramque,
1293 2336 1385 2414 (alte-

335 2442 401 2483 ram
415 2421 455 2483 ad
470 2420 715 2505 Hellespontum,
731 2423 879 2505 majorem
902 2425 1031 2488 alteram
1046 2426 1170 2505 vocant)
1189 2440 1221 2486 et
1237 2422 1387 2506 Mysiam,

337 2527 427 2587 quam
445 2507 634 2569 Prusiasrex
653 2509 819 2589 ademerat,
833 2513 872 2583 ¹ei
890 2513 1105 2574 restituerunt:
1137 2524 1169 2573 et
1185 2510 1386 2595 Lycaoniam,

336 2605 370 2654 et
385 2591 534 2677 Milyada,
560 2607 592 2658 et
607 2594 746 2678 Lydiam,
771 2609 804 2660 et
818 2601 999 2661 nominatim·
1024 2601 1115 2661 urbes
1137 2598 1264 2676 Tralles,
1289 2611 1386 2680 atque

335 2677 502 2760 Ephesum,
517 2684 543 2720 ³⁹
554 2692 587 2742 et
599 2679 794 2746 Telmissum.
825 2683 873 2747 De
889 2685 1069 2770 Pamphylia
1083 2677 1281 2769 disceptatum
1297 2685 1386 2746 inter

310 2763 505 2830 -Eumenem
520 2779 553 2828 et
573 2767 720 2832 Antiochi
746 2771 863 2853 legatos
888 2791 981 2854 quum
1008 2783 1106 2849 esset3
1138 2774 1205 2854 quia
1218 2793 1288 2854 pars
1310 2770 1384 2852 ejus

336 2854 424 2930 citra,
440 2874 511 2936 pars
525 2853 604 2916 ultra
618 2853 753 2918 'Ihurum
769 2869 825 2935 est,
838 2859 957 2942 integra
972 2881 1019 2921 res
1031 2860 1072 2922 ad
1087 2873 1221 2921 senatum
1230 2857 1388 2939 rejicitur.

172 2955 317 3020 Gulieleger
379 2938 449 3001 XL.
473 2938 531 3002 His
557 2941 721 3005 foederibus
736 2945 924 3028 decretisque
951 2947 1042 3024 datis,
1067 2946 1212 3024 Manlius,
1230 2966 1302 3006 cum
1327 2944 1388 3006 de-

171 3023 247 3074 diae.

168 3370 273 3420 Manlius
284 3371 309 3420 in

165 3434 282 3516 Eupopam

334 3047 404 3088 cern
428 3028 536 3108 legatis
554 3029 705 3110 omnique
728 3033 862 3093 exercitu
888 3035 927 3096 ad
954 3031 1388 3116 Hellespontum-proiectus,

338 3114 469 3176 evocatis
505 3135 542 3176 eo
573 3117 684 3196 regulis
714 3115 882 3197 Gallorum,
912 3121 1005 3200 leges,
1035 3121 1144 3202 quibus
1173 3139 1283 3204 pacem
1314 3139 1386 3179 cum

337 3200 474 3262 Eumene
501 3213 665 3281 servarent,
689 3203 787 3282 dixit3
822 3206 1085 3289 denunciavitque,
1115 3219 1151 3269 ut
1179 3227 1298 3268 morem
1332 3226 1387 3266 ra·

338 3289 431 3370 gandi
454 3309 524 3349 curn
552 3290 643 3350 armis
660 3290 792 3369 linirent,
817 3311 1019 3376 agrorumque
1044 3314 1168 3355 suorum
1194 3292 1333 3355 terminis
1353 3313 1388 3354 se

337 3375 537 3437 continerent.
593 3373 764 3439 Contractis
795 3379 903 3441 deinde
917 3402 967 3444 ,ex
992 3381 1076 3443 onnri
1106 3403 1161 3443 ora
1186 3381 1324 3456 naribus,
1354 3393 1388 3442 et

337 3460 483 3523 Eumenis
503 3462 596 3523 etiam
621 3464 715 3524 classe
730 3485 784 3547 per
807 3464 988 3528 Athenaeum
1004 3467 1128 3528 fratrem
1152 3467 1232 3549 regis
1248 3468 1287 3528 ab
1303 3465 1386 3527 Elaea

338 3547 482 3624 adducta,
496 3549 599 3630 copias
615 3569 720 3610 ornnes
737 3552 770 3611 in
785 3549 1085 3636 Europam'trajecit.
1119 3553 1202 3633 inde,
1217 3572 1272 3637 per
1288 3552 1386 3613 Cher-

338 3654 480 3698 sonesum
517 3634 645 3696 modicis
674 3636 830 3700 itineribus
866 3659 955 3721 grave
988 3641 1092 3722 prada
1127 3642 1228 3703 omnis
1266 3639 1388 3723 generis

335 3739 448 3802 agmen
472 3721 607 3799 trahens,
622 3721 820 3806 Lysimachiae
844 3727 959 3788 stativa
980 3727 1110 3805 habuit3
1145 3739 1295 3808 utquam
1318 3747 1386 3788 ma-

329 3809 420 3869 nime
440 3809 618 3870 recentibus
637 3822 670 3871 et
692 3811 819 3892 integris
839 3811 988 3893 ¹jumentis
1011 3812 1190 3892 Thraciam,
1217 3831 1388 3898 pennum

245 3945 249 3952 .
337 3895 394 3958 iter
415 3893 506 3976 vulgo
532 3895 708 3976 horrebant,
732 3898 950 3980 ingrederetur.
995 3900 1064 3972 Quo
1090 3902 1247 3985 profectus
1274 3913 1323 3963 est
1346 3902 1388 3962 ab

636 4008 640 4014 ¹
734 4017 905 4097 '‘praetiment
916 4023 984 4073 Cres.

366 4105 389 4146 ’l
406 4107 422 4137 ‘
443 4105 578 4170 Colophoniis
595 4110 634 4172 pai
652 4111 675 4157 r'n
696 4107 763 4158 Notio
780 4101 841 4160 laod
875 4111 1006 4176 Mylasenis,
1021 4123 1115 4166 rumore
1132 4115 1270 4195 Polyblmet
1288 4119 1391 4168 brenti·

329 4171 536 4233 numerium,
559 4177 661 4236 oppidum
690 4175 842 4236 Colophonium
874 4179 1110 4232 auersaervstt.
1128 4184 1203 4240 editu,
1220 4185 1392 4246 quinariam

335 4248 394 4298 erat,
416 4247 441 4286 et
460 4240 493 4288 sic
512 4240 642 4301 designatur
660 4257 673 4288 a
693 4241 757 4290 livio
775 4257 842 4306 supra
874 4246 921 4292 slve
933 4244 1055 4306 Mibeeus's,
1066 4248 1240 4298 aleaume.

335 4305 490 4375 'xxxvtnffi
906 4309 929 4346 ³⁹
957 4311 988 4358 Er
1020 4311 1157 4378 l'elmirrum]
1189 4313 1281 4363 Tamen
1311 4331 1394 4392 atyn,

368 4364 391 4400 ³⁸
420 4365 505 4429 Cymen
529 4378 550 4418 et
577 4367 707 4434 Mylasenis]
737 4371 846 4422 Scriben·
874 4373 914 4424 lib.
930 4381 1130 4428 xxxvnass..
1152 4379 1282 4429 Telmirsus
1299 4382 1391 4447 excipi-

311 4429 391 4477 ·dum
409 4441 455 4488 err,
474 4432 564 4495 cynei,
582 4449 627 4483 non
647 4437 737 4498 Quneir
760 4441 843 4487 Graece
873 4452 930 4502 tur,
956 4453 1065 4504 tanquan
1086 4459 1164 4508 neque
1187 4445 1287 4496 Rhodiis
1310 4449 1395 4508 usa,

335 4495 445 4554 Κυμαῖοι.
476 4497 529 4546 Jenr
546 4514 587 4563 pro
599 4499 692 4550 Milesiis
703 4503 843 4568 raporum
873 4519 948 4571 neque
959 4507 1067 4559 Eumeni.
