3080 5196
375 397 434 454 268
803 390 885 454 TITI
904 388 1004 452 LIVll

208 564 241 614 υ.
253 566 283 614 c.
295 565 351 614 snt.
376 549 555 632 agebantur,
570 547 663 630 boves
673 544 750 610 duos
765 547 898 612 domitos
914 549 937 586 ¹¹
949 547 980 609 in
1000 544 1119 616 Carinis
1131 566 1185 629 per
1200 545 1299 608 scalas
1315 565 1422 627 per-re-

207 630 280 698 me,
291 631 344 694 191.
373 636 456 698 uisse
474 635 506 696 in
530 635 649 716 tegulas
669 633 798 711 aedilicii,
818 634 971 716 proditum
995 631 1147 696 memoriae
1162 641 1219 694 est.
1264 630 1327 694 1¹.oe
1343 631 1424 694 viros

376 721 524 794 comburi,
546 721 738 802 cineremque
753 741 858 783 eorum
874 718 964 800 dejici
980 720 1011 780 in
1025 717 1172 796 Tiberim,
1189 719 1346 800 aruspices
1356 716 1422 797 jus·

376 819 488 870 serunt.
530 803 701 868 Tarracina
716 819 747 870 et
758 806 911 869 Amiterni
923 807 1099 870 nunciatum
1110 817 1158 867 est
1168 804 1331 886 aliquoties
1346 803 1423 887 lapi-

375 895 464 956 dibus
475 893 586 975 pluisse
595 915 605 971 3
630 891 794 954 Minturnis
805 892 900 955 adem
914 891 1000 954 Jovis
1019 905 1050 955 et
1065 893 1207 954 tabernas
1221 891 1306 952 circa
1324 890 1422 954 forum

375 981 416 1042 de
439 980 518 1041 coelo
544 989 641 1043 tactas
662 1000 727 1040 esse
738 1002 749 1056 3
778 977 920 1042 Vulturni
935 981 966 1040 in
987 979 1067 1047 ostio
1083 977 1214 1040 fluminis
1235 977 1312 1039 duas
1334 998 1422 1040 naves

374 1066 503 1128 fulmine
518 1065 594 1129 ictas
609 1066 820 1148 conflagrasse.
855 1065 969 1127 Eorum
985 1065 1191 1148 prodigiorum
1207 1085 1316 1126 caussa
1330 1063 1423 1126 libros

376 1148 541 1234 Sibyllinos
562 1173 601 1214 ex
622 1153 885 1214 senatusconsulto
907 1151 1069 1214 decemviri
1094 1171 1186 1230 quum
1206 1149 1352 1228 adissent,
1375 1171 1425 1210 re-

376 1238 570 1316 nunciarent,
583 1242 607 1276 ¹¹
620 1236 788 1320 ‘Jejunium
800 1239 1017 1301 instituendum
1030 1235 1133 1298 Cereri
1145 1257 1221 1314 esse,
1232 1248 1265 1298 et
1274 1236 1305 1296 id
1316 1235 1424 1318 quinto

377 1324 521 1406 ‘quoque
534 1345 615 1386 anno
630 1326 830 1387 servandum:
853 1335 886 1387 et
896 1335 929 1384 ut
943 1321 1131 1386 novemdiale
1146 1343 1266 1392 sacrum
1282 1320 1375 1398 fieret,
1391 1332 1426 1383 et

375 1409 496 1472 ‘unum
512 1411 593 1472 diem
608 1412 790 1493 supplicatio
805 1423 896 1474 osset.
911 1409 1047 1471 coronati
1059 1409 1279 1491 supplicarent:
1305 1419 1337 1469 et
1350 1427 1425 1468 oon·

375 1495 448 1556 ‘sul
470 1495 503 1558 P.
525 1495 693 1572 Cornelius,
712 1498 819 1579 quibus
842 1493 909 1556 Diis
934 1497 1100 1577 quibusque
1124 1495 1231 1557 hostiis
1257 1492 1425 1556 edidissent

375 1581 575 1659 ‘decemviri,
604 1580 809 1646 sacrificaret.’
830 1645 834 1652 ,
855 1581 1077 1659 Placetisdiis,
1101 1601 1180 1642 nunc
1195 1579 1274 1642 votis
1291 1579 1351 1640 rite
1366 1580 1424 1640 sol·

375 1667 492 1747 vendis,
515 1689 595 1730 nunc
615 1668 761 1751 prodigiis
777 1667 946 1749 expiandis,
969 1669 1000 1729 in
1017 1667 1203 1749 provinciam
1219 1664 1425 1748 proficiscitur

377 1754 492 1833 consul,
515 1767 606 1836 atque
622 1755 692 1817 inde
709 1754 765 1817 Cn.
779 1752 950 1818 Domitium
971 1753 1194 1838 proconsulem,
1217 1751 1348 1816 dimisso
1372 1773 1424 1813 err·

378 1841 485 1919 ercitu,
507 1840 639 1904 Romam
665 1839 811 1904 decedere
829 1840 942 1923 jussit:
967 1840 1031 1922 ipse
1050 1840 1081 1902 in
1096 1859 1202 1920 agrurn
1217 1837 1368 1902 Roiorum
1383 1838 1424 1900 le·

278 1948 280 1954 ·
376 1925 484 2006 giones
499 1927 630 1991 induxit.
683 1967 686 1976 ‚
1086 1941 1088 1946 '

208 2026 304 2088 Ligures
319 2028 364 2078 ost
420 2012 599 2077 XXXVlll.
622 2011 685 2076 Sub
701 2014 780 2076 idem
797 2013 859 2077 lere
875 2024 994 2095 tempus
1018 2011 1153 2096 Ligures,
1175 2016 1201 2051 ¹³
1213 2013 1282 2096 lege
1307 2021 1434 2074 recnu-

209 2093 347 2146 ¹M¹¹¹¹¹¹¹¹¹
377 2112 485 2162 coacto
501 2102 646 2178 exercitu,
662 2111 753 2162 nocte
768 2102 921 2183 inproviso
933 2100 1080 2170 castraQ.
1092 2097 1222 2162 Minucii
1234 2098 1425 2181 proconsulis

376 2186 510 2267 adgressi
524 2199 604 2250 sunt.
627 2185 782 2250 Minucius
792 2207 888 2268 usque
903 2187 944 2248 ad
959 2186 1057 2248 lucem
1074 2187 1154 2248 intra
1167 2185 1281 2248 vallum
1297 2184 1424 2246 militena

376 2273 557 2336 instructum
582 2274 706 2352 tenuit3
741 2275 886 2351 intentus,
916 2293 955 2334 ne
982 2293 1042 2353 qua
1070 2271 1302 2335 transcenderet
1331 2271 1424 2334 hostis

377 2359 575 2422 munimenta.
621 2358 721 2422 Prima
736 2360 803 2421 luce
823 2360 939 2422 duabus
959 2359 1048 2420 simul
1063 2359 1158 2441 portis
1171 2357 1366 2440 eruptionem
1382 2357 1425 2418 se·

376 2444 430 2505 cit.
444 2466 501 2507 nec
524 2447 622 2528 primo
644 2447 761 2527 inpetu,
785 2446 867 2528 quod
890 2455 1073 2528 speraverat,
1097 2443 1222 2526 Ligures
1236 2444 1317 2526 pulsi
1334 2455 1424 2506 suot:

376 2530 450 2590 duas
466 2530 595 2612 emplius
610 2532 698 2592 horas
715 2531 840 2600 dubium,
858 2543 1015 2594 certamen
1030 2531 1209 2594 sustinuere.
1255 2529 1426 2608 Postremo,

376 2635 470 2696 quum
496 2615 557 2678 alia
582 2627 684 2696 atque¹
698 2617 758 2680 alia
781 2619 905 2699 agmina
927 2629 1128 2700 erumperent,
1149 2628 1182 2680 et
1204 2616 1314 2698 integri
1340 2616 1427 2678 sessis
1528 2655 1529 2670 .

376 2702 576 2764 succederent
590 2703 628 2764 ad
645 2724 789 2785 pugnarn,
812 2705 936 2767 tandem
957 2702 1093 2786 Ligures,
1116 2705 1309 2768 inter‘eetera
1328 2703 1429 2764 etiarn

376 2787 486 2868 vigiliis
510 2789 652 2868 confecti,
676 2801 762 2871 terga
782 2790 942 2853 dederunt.
956 2808 1036 2854 cesa
1049 2803 1164 2874 supra¹
1183 2802 1310 2872 quatuor
1325 2787 1430 2850 millia
1528 2803 1529 2810 ¹

377 2872 510 2936 hostium
522 2898 532 2953 3
565 2896 603 2938 ex
628 2873 775 2948 Romanis
802 2877 950 2958 sociisque
976 2878 1076 2940 minus
1102 2878 1228 2942 trecenti
1256 2876 1428 2959 perierunt.

211 2951 265 3001 ³⁰¹¹
276 2953 353 3002 ¹³⁸¹·
376 2955 501 3024 Duobus
516 2961 579 3023 fere
593 2972 664 3044 post
681 2963 834 3024 mensibus
849 2961 881 3024 P.
897 2961 1055 3026 Cornelius
1070 2964 1176 3026 consul
1191 2983 1261 3025 cum
1275 2960 1434 3024 Boiorum.
1527 2955 1528 3002 l

211 3017 238 3065 P.
250 3017 359 3070 Cornelio

210 3083 265 3132 co.
376 3048 510 3109 exercitu
526 3048 620 3128 signis
635 3048 765 3110 conlatis
780 3050 900 3130 egregie
915 3051 1070 3132 pugnavit.
1101 3049 1343 3131 Duodea-{ginta
1357 3048 1432 3110 mit,
1527 3113 1528 3118 η

376 3132 417 3194 lia
428 3135 560 3198 hostium
573 3155 659 3211 caesa,
675 3134 785 3196 Antias
801 3134 937 3196 Valerius
952 3137 1077 3213 scribit;
1100 3149 1192 3220 capta
1206 3137 1266 3200 tria
1278 3135 1381 3198 millia
1389 3146 1426 3196 et

376 3220 612 3302 quadringentos
621 3242 631 3297 3
647 3221 735 3302 sigua
748 3221 892 3284 militaria
907 3235 1029 3284 centurn
1045 3223 1315 3304 vigintiquatuor:
1332 3241 1426 3302 equos

375 3306 458 3370 mille
472 3307 620 3370 ducentos
635 3307 782 3388 triginta3
815 3320 961 3390 carpenta
983 3309 1120 3372 ducenta¹
1135 3307 1343 3390 quodraginta
1356 3327 1426 3390 sepe
1526 3315 1527 3338 ¹

375 3404 459 3454 tem:
492 3414 530 3456 ex
553 3393 715 3454 victoribus
743 3394 825 3456 mille
847 3395 1087 3476 quadringentos
1111 3396 1272 3475 octoginta
1295 3403 1427 3475 quatiar

375 3479 530 3541 cecidisse.
574 3476 636 3540 Ubi
656 3489 691 3540 ut
713 3479 745 3540 in
759 3500 885 3542 numero
900 3481 1038 3564 scriptori
1055 3501 1161 3564 parum
1177 3481 1248 3542 fidei
1264 3481 1329 3558 sit,
1341 3478 1425 3563 (quia

375 3565 407 3626 in
427 3564 566 3644 augendo
589 3584 626 3626 eo
646 3585 707 3626 non
728 3566 804 3626 alius
818 3567 1067 3649 intemperantior
1082 3570 1141 3648 est)
1165 3561 1310 3650 magnam
1326 3566 1430 3630 victo-t

375 3649 452 3712 riam
474 3651 563 3712 fuisse
579 3650 716 3732 adparet,
739 3652 823 3732 quod
837 3665 869 3714 et
887 3665 987 3714 castra
1005 3665 1097 3736 capta
1117 3667 1198 3732 sunt,
1219 3663 1252 3715 et
1268 3649 1340 3714 Boii
1356 3665 1432 3735 post

375 3757 443 3798 eam
466 3756 600 3820 pugnam
621 3737 776 3819 externplo
794 3737 977 3802 dediderunt
996 3761 1072 3819 sese,
1095 3755 1127 3802 et
1141 3740 1226 3821 quod
1241 3739 1428 3821 strpplicatio

374 3822 439 3904 ejus
453 3823 586 3887 victoria
601 3842 707 3890 caussa
726 3823 850 3887 decreta
874 3825 912 3886 ab
937 3837 1054 3907 senatu,
1076 3824 1433 3908 notaeque-majores

305 3965 310 3977 .
374 3929 465 3973 casae.
496 3933 498 3938 ’
738 3929 741 3936 ’
772 3947 776 3952 -
865 3928 868 3937 ·
927 3949 930 3958 ·

651 4011 653 4016 ·
767 3995 946 4056 ¹¹rupo-Gron.
957 3993 1025 4044 Creu.

407 4081 426 4114 ¹¹
445 4079 473 4130 la
493 4079 591 4143 Carinis]
616 4081 655 4131 Sic
676 4081 798 4131 vocabatur
818 4085 881 4146 regio
911 4097 1052 4150 usurpnuro.
1086 4085 1161 4134 Fuere
1177 4085 1431 4150 etnlisapudveteres

373 4147 475 4208 quedam
486 4147 548 4194 urbis
560 4145 648 4196 llomae.
911 4152 936 4200 in
955 4153 1067 4202 honorem
1087 4153 1235 4215 quorumdem
1255 4153 1356 4200 deorum
1374 4151 1430 4200 ‹ta-
1524 4187 1525 4204 r

384 4275 439 4322 unio
449 4277 559 4326 Cererem
569 4277 685 4334 colebam,
699 4291 726 4325 ut
736 4278 881 4328 imitaremur
911 4281 960 4330 Sar.
971 4285 995 4332 3.
1007 4282 1024 4330 l.
1033 4294 1061 4330 rr.
1077 4283 1117 4330 illo
1128 4279 1194 4329 Mene
1202 4283 1247 4340 die,
1256 4298 1301 4344 quo
1310 4289 1338 4330 tu
1348 4283 1432 4330 induis

372 4291 463 4398 longam
475 4341 559 4454 ‘m
569 4342 633 4391 luctu
643 4359 693 4399 suo,
706 4345 762 4391 dum
771 4355 857 4407 raptam
868 4361 882 4392 a
905 4347 1005 4409 ιγ’ᾁιιηιίι.

375 4401 475 4452 Plutone
555 4407 705 4472 rpioamtoto
721 4407 777 4457 orbe
795 4411 885 4472 quaerit,
946 4414 968 4450 ¹³
984 4411 1044 4477 Lege
1058 4411 1156 4476 norm]
1173 4410 1226 4459 Vni.
1244 4419 1294 4458 not.
1314 4411 1357 4463 81.
1375 4411 1402 4462 sd
1413 4411 1431 4462 l.

373 4469 457 4544 scibo
473 4481 574 4534 potuque
592 4472 760 4522 abstinentiam.
802 4473 883 4539 ltaque
915 4475 1207 4530 n.c.33.Addettl.x.
1220 4477 1296 4527 adt.
1329 4503 1332 4508 ·

371 4549 485 4600 letuututu
495 4535 520 4587 ln
533 4535 883 4604 meermannianam
1286 4577 1292 4586 ·

406 4211 428 4245 ¹²
441 4211 555 4271 Jejanr'aa
565 4213 722 4260 tenram
734 4212 820 4275 Cereri]
838 4213 880 4263 Js-
911 4233 990 4268 rumve
999 4218 1104 4280 jejrmia:
1122 4227 1177 4281 puta
1186 4215 1260 4275 loris,
1267 4219 1329 4280 apud
1343 4217 1432 4266 Horat.
1524 4229 1525 4276 j
