3068 5186
356 365 415 440 soa
632 429 636 444 ,
783 377 867 436 mur
887 377 986 437 mvn

192 539 334 614 meam,
358 534 390 596 in
406 534 500 597 altum
523 535 626 616 lingua
647 519 730 596 mille
750 555 871 616 passum
887 553 1045 596 excurrens
1062 533 1194 596 medium
1217 533 1281 596 fere
1296 533 1397 596 sinum

183 620 225 688 Α·
234 618 264 670 0·
277 619 330 670 1⁹⁰·
358 621 441 683 velut
455 633 530 682 nota
544 622 703 702 distinguit
714 642 733 703 ς,
748 623 775 661 ⁹⁵
787 621 838 682 ubi
854 621 984 682 cohaeret
996 621 1134 682 faucibus
1149 622 1299 702 angustis,
1323 620 1398 682 dnos

359 709 392 769 in
407 720 565 790 utramque
581 709 735 790 regionem
751 728 850 768 versos
865 718 970 790 portus
985 708 1153 769 tutissimos
1175 709 1289 770 habet..
1299 707 1351 788 qui
1367 708 1401 767 iu

361 795 518 857 meridiem
533 795 640 876 vergit,
661 795 699 855 ab
718 815 752 854 re
772 793 929 876 adpellant
953 797 980 833 ⁰⁶
990 792 1216 856 Naustathmon
1227 804 1250 871 ¹,
1266 795 1340 875 quia
1354 794 1402 854 in-

361 893 483 965 gentem
498 882 559 943 vim
572 882 692 942 navium
708 881 809 962 capit:
833 880 909 942 alter
923 899 1018 963 prope
1030 881 1130 963 ipsum
1144 877 1311 963 Lamptera
1325 891 1385 941 est.

322 1017 328 1027 .
404 965 541 1030 XXXII.
561 965 627 1028 Hos
642 977 746 1049 portus
762 965 929 1028 tutissimos
945 987 1037 1048 quum
1059 977 1237 1050 occupasset
1261 965 1407 1029 &maus

363 1055 484 1118 classis:
507 1055 749 1137 priusquam‘aut
763 1053 862 1131 scutis,
884 1065 937 1114 aut
951 1053 1102 1135 operibus,
1120 1053 1233 1115 moenia
1254 1053 1407 1136 adgrede-

197 1157 342 1207 Ermclasu
363 1151 455 1219 retur,
484 1140 649 1204 mittendos
674 1140 792 1202 censuit
817 1151 938 1222 praetor,
965 1141 1016 1220 qui
1041 1141 1212 1222 printipum
1239 1140 1407 1222 magistru-

194 1221 299 1272 Romam
309 1224 351 1272 ob·
363 1241 510 1309 tuumque
525 1227 642 1288 animos
656 1235 821 1288 tentarent.
833 1237 994 1309 postquam
1006 1226 1175 1288 obstinatos
1184 1226 1275 1303 vidit,
1287 1227 1409 1288 duobus

196 1300 290 1353 pagam
363 1315 451 1377 simui
475 1313 551 1376 locis
574 1314 746 1396 obpugnare
771 1321 819 1374 est
838 1312 972 1374 adortus.
1015 1311 1122 1374 Altera
1143 1333 1213 1395 pars
1233 1313 1409 1397 infrequens

363 1401 496 1464 adificiis
511 1410 594 1477 erat3
628 1399 743 1480 templa
764 1395 867 1460 Deum
883 1399 1071 1479 aliquantum
1091 1397 1238 1462 tenebant
1258 1399 1339 1460 ioci:
1368 1417 1408 1460 ea

364 1489 446 1571 prius
467 1488 561 1548 ariete
584 1485 719 1562 admoto,
734 1495 858 1566 quatere
872 1505 974 1546 muros
988 1495 1143 1566 turresque
1158 1485 1262 1567 coepit.
1283 1483 1407 1560 deiude,

363 1595 457 1656 quum
472 1595 509 1635 eo
524 1571 688 1634 multitudo
699 1571 873 1634 obcurreret
884 1571 922 1631 ad
934 1569 1169 1648 defendendum,
1178 1571 1276 1633 altera
1286 1591 1411 1652 quoque

362 1671 451 1743 parte
466 1659 606 1720 admotus
621 1657 708 1718 aries.
722 1669 755 1726 et
771 1656 836 1738 jam
856 1657 1007 1738 utrimque
1028 1657 1239 1719 sternebantur
1253 1659 1347 1719 muri.
1363 1658 1404 1720 ad

361 1767 490 1828 quorum
502 1763 605 1805 casum
617 1761 709 1824 quum
720 1743 858 1824 inpetum
871 1741 1001 1804 Romani
1017 1741 1125 1805 milites
1141 1765 1194 1826 per
1208 1744 1307 1826 ipsam
1323 1757 1403 1806 stra·

363 1853 432 1915 gem
448 1833 601 1892 ruinarum
616 1829 770 1906 iacerent,
780 1829 829 1890 aiii
845 1829 934 1890 scalis
949 1830 1046 1890 etiam·
1057 1829 1237 1892 adscensum
1253 1831 1286 1892 iu
1300 1851 1405 1893 muros

363 1928 516 1982 tentarent
525 1940 535 1996 3
559 1917 637 1978 adeo
651 1916 803 1978 obstinate
818 1917 994 1977 restiterunt
1008 1916 1164 1998 oppidani,
1187 1927 1222 1977 ut
1238 1916 1331 1980 facile
1350 1917 1407 1980 ad·

294 2003 300 2014 '
325 2074 327 2078 ,
362 2018 492 2086 pareret,
515 2003 581 2084 plus
605 2003 746 2063 inarmis
770 2015 802 2065 et
821 2003 942 2079 virtute,
965 2021 1055 2082 quam
1069 2003 1101 2063 in
1116 2003 1278 2082 moenibus,
1300 2001 1406 2066 arrxiiii

363 2111 440 2154 esse.
456 2103 580 2152 coactus
595 2109 667 2170 ergo
683 2088 816 2170 periculo
836 2089 967 2150 militum
982 2099 1091 2170 praetor
1105 2090 1241 2171 receptui
1256 2091 1326 2151 cani
1337 2088 1405 2171 jus-

365 2178 414 2254 sit,
436 2198 475 2239 ne
501 2173 646 2257 objiceret
672 2173 811 2236 incautos
835 2173 1002 2236 iuterrtibus
1025 2175 1235 2258 desperatione
1258 2197 1295 2238 ac
1311 2177 1406 2238 rabie.

365 2262 505 2326 Diremto
527 2261 645 2344 proelio,
668 2281 707 2321 ue
730 2271 795 2322 tum
820 2261 941 2342 quidem
958 2261 997 2322 ad
1012 2262 1143 2343 quietem
1158 2262 1258 2340 versi3
1280 2263 1336 2324 sed
1350 2283 1409 2324 uu·

366 2351 457 2430 dique
483 2369 588 2411 omues
611 2347 651 2408 ad
674 2348 838 2410 munienda
852 2359 884 2410 et
898 2347 1103 2426 obmoiienda,
1125 2369 1192 2430 que
1206 2347 1299 2410 ruinis
1314 2361 1411 2411 strata

363 2448 463 2513 erant,
499 2445 726 2496 concurrerunt.
787 2431 867 2496 Huic
896 2434 981 2516 operi
1011 2435 1136 2497 intentis
1165 2435 1339 2517 supervenit
1367 2435 1408 2508 Q.

362 2520 528 2596 Antonius,
545 2541 570 2581 a
584 2530 710 2602 pretore
724 2520 834 2581 missus
848 2541 856 2581 r
880 2522 931 2602 qui
946 2521 1093 2602 castigata
1109 2523 1277 2604 pertinacia
1292 2541 1409 2602 eorum,

363 2605 544 2688 ‘Majorem
570 2623 673 2667 euram
696 2604 853 2685 Romanis,
880 2627 971 2688 quam
995 2606 1075 2686 illis‚'
1098 2608 1281 2686 ostenderet,
1305 2611 1410 2688 ‘esse‚

365 2695 430 2753 ‘ue
460 2692 491 2752 in
518 2692 682 2773 perniciem
709 2692 791 2752 urbis
815 2704 1006 2774 pugnaretur.
1028 2695 1053 2756 si
1068 2695 1213 2756 absistere
1226 2695 1324 2757 furore
1339 2697 1410 2758 vei-

366 2778 467 2855 ‘lent,
496 2789 680 2860 potestatem
711 2778 747 2839 iis
777 2777 850 2840 dare
883 2781 989 2842 eadem
1018 2781 1201 2858 conditione,
1230 2799 1289 2862 qua
1317 2781 1409 2864 prius

330 2911 331 2916 η
366 2863 428 2925 ‘C.
456 2862 532 2925 Livii
558 2865 589 2926 in
615 2863 705 2926 iidem
735 2864 897 2942 venissent,
928 2887 962 2928 se
991 2865 1153 2929 tradendi?
1204 2865 1275 2929 Hae
1306 2887 1408 2949 quum

366 2950 530 3028 audissent,
557 2951 688 3032 quinque
714 2950 831 3012 dierum
855 2953 955 3036 spatio
981 2953 1020 3014 ad
1043 2953 1268 3016 deliberandum
1292 2965 1408 3032 sumto,

366 3047 485 3099 tentata
507 3036 629 3098 interim
655 3059 709 3119 spe
733 3037 837 3099 auxilii
861 3037 900 3098 ab
928 3039 1092 3118 Antiocho,
1121 3051 1284 3124 postquam
1313 3040 1410 3122 legati

366 3124 450 3185 missi
466 3124 504 3185 ad
521 3143 634 3205 regem,
656 3123 731 3184 nihil
746 3123 778 3184 in
798 3145 837 3186 eo
857 3145 922 3187 esse
945 3125 1085 3207 presidii,
1109 3127 1294 3189 rettulerant·
1305 3149 1315 3204 3
1340 3139 1405 3188 turn

202 3220 350 3272 Ηιοεωοηιω
366 3222 472 3292 portas
496 3201 686 3292 repensarunt,
711 3211 793 3291 pacti
808 3231 846 3272 ne
861 3210 934 3292 quid
950 3211 1060 3273 hostile
1074 3223 1260 3295 paterentur.
1304 3209 1408 3283 Quum

201 3299 277 3362 ΡΨ·
287 3303 340 3373 ’μζ
366 3297 454 3378 signa
467 3297 499 3357 in
512 3295 619 3358 urbem
633 3296 824 3374 inferrentur,
847 3307 878 3358 et
892 3299 1123 3379 pronunciasset
1135 3309 1255 3380 pretor,
1277 3301 1362 3382 parci
1376 3321 1409 3363 se

199 3362 271 3401 Μ’
368 3382 478 3446 deditis
492 3381 579 3460 veile,
593 3381 709 3444 elamor
723 3383 856 3464 undique
872 3396 919 3446 est
933 3384 1078 3463 sublatus,
1095 3385 1277 3467 ‘indignum
1292 3379 1410 3458 sueinus

367 3469 469 3546 ‘essa
491 3466 696 3546 Phocasaea,
717 3487 883 3550 numquam
904 3469 981 3532 lidos
1005 3473 1114 3550 socios,
1136 3493 1258 3555 semper
1282 3471 1410 3535 infestos

368 3555 379 3587 ‘
394 3554 507 3632 hostes,
520 3555 632 3635 inpune
647 3554 789 3616 eludere!
810 3557 861 3617 Ab
875 3555 933 3617 hac
946 3577 1032 3632 voce,
1047 3557 1128 3620 velut
1144 3560 1232 3640 signo
1247 3580 1267 3621 a
1305 3573 1410 3623 raetore

204 3653 268 3706 tm.
279 3655 356 3722 &tpi-
370 3640 454 3718 dato,
479 3639 520 3701 ad
544 3640 744 3723 diripiendam
763 3643 868 3704 urbem
882 3643 994 3725 passim
1010 3643 1224 3708 discurremut.
1312 3647 1414 3708 militur

200 3729 247 3771 W·
368 3727 468 3810 primo
492 3726 627 3788 resistere
649 3739 682 3789 et
705 3747 857 3808 revocare,
878 3729 1018 3808 dicendo,
1041 3732 1183 3815 ‘captas‚
1202 3753 1266 3796 non
1282 3731 1415 3812 deditas,

369 3813 484 3897 ‘diripi
498 3813 608 3875 urbes:
631 3823 663 3876 et
678 3813 709 3875 in
733 3814 781 3875 his
804 3807 917 3878 tsm‘ern
942 3818 1097 3881 arbitrium
1121 3839 1186 3882 esse
1210 3820 1416 3902 imperatoris,

369 3902 380 3936 ‘
395 3920 456 3962 non
471 3896 622 3962 militum?
666 3898 831 3982 Postquam
843 3903 888 3964 ira
901 3914 933 3965 et
948 3905 1074 3966 avaritia
1091 3905 1219 3987 imperio
1234 3905 1414 3986 potentiora

368 3998 467 4066 erant,
476 3987 662 4069 preconibus
674 4007 727 4071 per
738 3989 842 4049 urbem
854 3989 963 4068 missis,
975 3990 1086 4052 liberos
1096 4011 1202 4053 omues
1213 3990 1246 4052 in
1256 3979 1360 4053 iorum
1368 3990 1414 4053 ad

436 4171 905 4234 'ammoneatur-remu.
918 4175 987 4225 Cret.
1118 4177 1266 4256 ’κω
1277 4175 1346 4226 Ed.

368 4309 597 4373 quodetgmanenat
612 4309 772 4371 nauigantibus.
804 4311 867 4362 Hae
898 4314 1368 4381 herethmptcripert'auccnugutn.

367 4375 431 4423 enim
452 4376 655 4425 turbatum
676 4375 869 4427 musci-et
931 4377 1124 4430 ”Naeuam
1153 4382 1419 4441 Gramma

367 4437 605 4568 wore-wi]
632 4505 669 4556 Eo
690 4505 741 4557 lm
769 4507 810 4556 ubi
828 4523 870 4560 m·
901 4437 1110 4507 subruimus
1144 4447 1279 4507 nemun.

289 4571 292 4578 Ι
741 4540 750 4566 ‚
1226 4531 1228 4538 .
