3090 5172
484 356 847 444 mmmm.
1126 393 1184 450 m

143 543 168 580 ⁹⁸
179 539 268 600 annis
285 539 427 602 undecim
441 551 512 601 ante
523 537 558 602 L.
573 536 717 602 AEmilina
735 538 884 621 Regillus,
898 540 996 612 navali
1011 539 1119 624 proelio
1129 541 1184 604 ad·
1198 544 1231 596 U·
1241 545 1268 594 C·
1281 544 1339 595 ⁵⁷³·

141 647 244 688 uersus
265 626 423 709 prefectos
435 626 514 708 regis
528 625 685 688 Antiochi.
730 624 829 709 Supra
843 625 943 686 valvas
958 627 1065 708 templi
1081 625 1186 689 tabula
1198 613 1228 660 Α·
1240 609 1269 660 ⁰·
1282 614 1336 662 ¹⁷⁹·

142 733 213 775 cum
225 712 312 774 titulo
323 713 382 776 hoc
395 707 456 774 lisia
465 723 527 774 est:
550 714 561 746 ‘
573 709 719 774 ⁹⁹Duello
733 732 846 794 magno
858 711 976 794 regibus
989 713 1186 774 dirimendo*

143 799 261 882 ‘caput
289 799 463 881 subigendis
492 798 648 880 patrandae
678 799 762 881 pacis
790 799 853 860 haec
878 819 982 880 pugna
1008 800 1129 860 exeunti
1151 797 1187 860 L.

144 885 153 917 ‘
170 883 298 948 AEmilio
307 882 354 946 M.
364 883 482 946 AEmilii
494 884 557 947 filio
567 884 714 968 auspicio,
724 886 862 967 imperio,
873 885 1019 946 felicitate
1034 886 1188 965 ductuque

143 969 234 1052 ‘ejus
249 972 329 1033 inter
352 970 519 1054 Ephesum,
544 968 682 1049 Samum,
697 970 879 1053 Chiumque,
906 971 1097 1052 inspectante
1125 991 1188 1034 cos.

143 1058 237 1139 ‘Ipso
272 1057 440 1135 Antiocho,
475 1059 610 1120 exercitu
645 1058 740 1135 omni,
770 1058 918 1140 equitatu,
948 1057 1193 1139 elephantisque)

143 1142 274 1212 (classis
289 1144 368 1226 regis
383 1142 530 1206 Antiochi
546 1155 638 1206 antea
651 1144 695 1205 sic
709 1145 800 1221 victa,
817 1143 893 1221 fissa,
914 1156 1052 1221 contusa,
1067 1143 1189 1224 fugata-

143 1228 155 1261 ‘
170 1247 228 1309 que
242 1240 300 1308 est,
311 1230 412 1311 ibique
427 1250 465 1291 eo
481 1231 530 1292 die
544 1251 637 1292 naves
647 1230 746 1314 longas
760 1250 830 1291 cunt
842 1231 983 1291 omnibus
998 1229 1189 1310 sociiscapta

144 1313 286 1376 ‘thla
330 1315 377 1378 Ea
395 1337 498 1399 pugna
519 1328 663 1398 pugnata,
686 1337 739 1378 rex
754 1315 924 1377 Antiochus
940 1335 1127 1397 regnumque
1135 1315 1189 1376 Μ’.

145 1399 266 1482 ‘Iljuss
278 1402 320 1462 rei
337 1422 410 1483 ergo
425 1403 520 1464 aedem
536 1400 664 1464 Laribus
676 1400 857 1463 Permarinis
873 1400 974 1462 vovit!
1003 1399 1120 1462 Eodem
1133 1421 1188 1462 ex-

145 1486 246 1570 emplo
260 1487 364 1548 tabula
379 1489 409 1546 in
426 1486 490 1548 aede
504 1486 588 1548 lovis
603 1489 635 1548 in
651 1486 805 1568 Capitolio
820 1507 913 1568 supra
926 1487 1025 1548 valvas
1041 1486 1103 1548 tixa
1117 1500 1174 1548 est.

188 1569 272 1634 LIll.
294 1569 407 1649 Biduo,
431 1593 491 1653 quo
515 1587 653 1636 senatum
678 1572 816 1653 legerunt
838 1593 987 1650 censores,
1014 1572 1053 1642 Q.
1068 1571 1189 1634 Fulvius
1201 1571 1330 1653 sesne·

145 1658 263 1735 consul,
287 1657 439 1740 profectus
455 1658 486 1718 in
514 1655 650 1740 Ligures,
675 1661 753 1740 ¹per
768 1659 864 1720 invios
890 1671 1011 1722 montes
1036 1660 1188 1739 vallesque
1201 1653 1225 1688 ¹¹¹
1237 1639 1333 1702 ''¹⁸⁰¹''

146 1746 239 1807 saluts
262 1763 333 1806 cum
348 1743 484 1805 exercitu
505 1756 719 1826 transgressus,
746 1745 840 1827 signis
862 1745 993 1806 conlatis
1018 1765 1087 1805 curn
1102 1745 1189 1807 hoste

143 1829 311 1914 pugnavit:
334 1849 433 1910 neque
455 1841 576 1892 tantum
591 1832 656 1892 acie
680 1831 776 1892 vicit:
810 1830 864 1891 sed
879 1842 980 1892 castra
995 1849 1115 1911 quoque
1133 1851 1188 1892 eo·

146 1915 217 1978 dem
242 1916 291 1978 die
320 1917 413 1997 cepit.
440 1916 501 1978 tria
525 1916 622 1977 millia
647 1916 769 1977 ducenti
796 1916 942 1993 hostiurn,
968 1917 1125 1997 omnisque
1152 1937 1190 1978 ea

145 2003 230 2085 regio
259 1999 405 2084 Ligurum
437 2001 467 2062 in
498 2002 683 2064 deditionem
713 2003 805 2064 venit.
865 2000 978 2065 Consul
1008 2003 1128 2065 deditos
1157 2003 1188 2063 in

145 2087 614 2257 ttttlttttpltlttt
631 2087 1191 2257 tttdtttdtl'lbt'tsstt:

145 2261 282 2323 cationes
294 2263 334 2323 ob
356 2282 407 2322 eas
423 2281 469 2322 res
484 2272 586 2342 gestas
601 2261 633 2320 in
648 2261 784 2323 triduum
807 2255 934 2322 decretae
949 2271 1030 2322 sunt.
1076 2257 1191 2322 Prato-

146 2367 192 2408 res
222 2348 424 2428 quadraginta
450 2345 557 2408 hostiis
585 2345 750 2428 majoribus
776 2367 829 2429 per
858 2346 1096 2428 supplicationes
1126 2367 1190 2406 rern

147 2432 280 2496 divinam
306 2433 454 2496 lecerunt.
498 2432 548 2494 Ab
572 2433 668 2494 altero
682 2433 806 2495 consule
831 2431 868 2494 L.
886 2431 1006 2494 Manlio
1026 2433 1100 2494 nihil
1123 2453 1189 2494 tne-

146 2519 244 2582 moria
259 2520 384 2601 dignum
408 2521 440 2580 in
457 2516 618 2601 Liguribus
642 2535 689 2581 est
703 2531 833 2601 gestum.
877 2516 958 2581 Galli
982 2517 1190 2602 Transalpini,

147 2606 207 2666 tria
222 2606 318 2667 millia
342 2605 512 2683 hominum,
538 2606 571 2667 in
587 2604 708 2667 ltaliam
723 2604 910 2687 transgressi,
934 2606 1087 2668 neminem
1112 2605 1192 2668 bello

147 2691 341 2769 lacessentes,
356 2712 461 2772 agrurn
478 2693 706 2754 aconsulibusss
730 2703 763 2752 et
777 2703 886 2752 senatu
906 2693 1064 2773 petebant,
1086 2703 1122 2754 ut
1137 2712 1193 2774 pa·

147 2778 209 2839 nati
223 2778 279 2839 sub
301 2779 429 2860 imperio
444 2779 548 2860 populi
572 2777 703 2840 Romani
719 2789 830 2838 essent.
874 2774 937 2838 Eos
963 2789 1086 2838 senatus
1101 2799 1191 2839 exce-

147 2863 217 2926 dere
233 2859 323 2926 Italia
333 2863 434 2944 jussit,
449 2865 481 2925 e't
500 2864 656 2934 consulem
679 2861 717 2932 Q.
733 2861 870 2923 Fulvium
887 2881 1028 2940 quarere,
1047 2874 1080 2922 ct
1094 2863 1193 2924 enlm·
1303 2861 1306 2868 ’

141 2949 302 3018 ‚advertere
328 2950 359 3010 in
386 2971 450 3027 eos,
476 2951 526 3029 qui
556 2949 707 3030 principes
737 2959 768 3008 et
792 2959 932 3009 auctores
960 2948 1193 3010 transcendendi

147 3034 242 3118 Alpes
257 3035 395 3097 fuissent.

230 3133 335 3184 extit.
349 3133 418 3183 Cres.
546 3133 699 3245 fregpprppppp
701 3147 756 3244 {13
767 3131 804 3180 ⁸⁸.
838 3130 944 3192 &uana
956 3131 1029 3180 Gran.
1042 3135 1112 3182 Creu.

149 3281 209 3346 apud
228 3279 322 3328 Graecae
341 3279 481 3336 Mercurius,
502 3279 585 3329 Rornae
603 3293 657 3326 vero
764 3276 1195 3343 meceilen,eutoperaepretiumm

150 3345 267 3396 Hercules
292 3346 388 3394 Sancus.
426 3344 466 3392 Sic
493 3343 562 3405 igitur
588 3341 658 3392 Lares
706 3343 787 3390 ureris.
820 3343 952 3390 Gronovius
967 3359 1022 3392 curn
1044 3356 1195 3408 mnte-

152 3411 278 3460 Permcrini
294 3408 404 3458 hocloco
421 3420 475 3458 tunt
486 3409 516 3456 dii
534 3409 656 3469 navigatio-
690 3409 722 3457 vit
741 3406 813 3470 qualis
830 3407 896 3470 plane
914 3419 987 3458 exstet
1005 3411 1028 3456 in
1045 3409 1133 3468 codiee,
1151 3408 1195 3457 nlai

149 3477 185 3524 nis
203 3475 317 3537 ρωῐᾱει.
357 3475 389 3522 Bt
407 3473 431 3520 hi
449 3486 503 3522 aunt
524 3475 658 3536 Neptunus,
688 3473 1086 3539 quodJnssitpoetSigoniumlcgi,
1105 3473 1196 3522 &mon

147 3541 241 3596 Tbetis,
251 3539 363 3588 Glaucus.
397 3539 515 3587 Haecfcre
535 3539 655 3586 ex'I'aub-
689 3539 811 3600 Chiumque
819 3553 861 3600 pro
873 3537 1058 3602 Camucltmnqtu.

152 3619 235 3656 manno
247 3604 379 3659 Martiniua,
387 3604 410 3650 ln
422 3619 478 3652 voce
494 3602 549 3652 lar.
724 3600 790 3650 ¹Per
816 3605 885 3650 ι’πυίω
912 3611 992 3652 montet
1017 3603 1124 3666 ullaque
1150 3606 1195 3652 sol-

183 3669 410 3718 ”Anno-tanaceta
433 3667 495 3731 cate]
529 3668 593 3722 Olim
614 3668 655 3718 hle
688 3676 724 3718 lte
739 3701 747 3717 .
764 3697 771 3714 ·
789 3700 796 3716 .
811 3669 965 3731 transgressu]
986 3669 1045 3717 llaec
1057 3669 1094 3730 qui
1106 3679 1196 3718 mente

150 3735 268 3798 legebatur
292 3735 402 3786 mendose
422 3736 487 3782 cunis
500 3736 655 3798 qradraginta.
687 3731 778 3793 legerit,
788 3733 827 3778 vix
838 3731 929 3780 videtur
938 3733 1041 3781 dubitare
1051 3748 1129 3797 poete,
1139 3735 1195 3798 quin

152 3801 222 3850 Error
239 3801 330 3850 videtur
352 3797 443 3862 Sigania
461 3810 529 3844 natus
546 3813 576 3847 ex
594 3799 656 3849 notis
687 3795 717 3844 τὸ
742 3795 808 3844 nella
831 3799 977 3862 occupaverit
998 3799 1076 3848 locum
1098 3798 1196 3863 'alicujus

153 3879 191 3915 xr.
209 3875 234 3912 et
252 3876 294 3912 xl..
324 3863 367 3911 llle
386 3865 454 3922 igitur
472 3865 576 3927 reposuit
585 3866 656 3911 unde-
688 3860 799 3926 epitheti,
817 3863 877 3923 quod
895 3862 1030 3912 Ltvtuuset
1047 3864 1195 3928 mesappu-

150 3933 207 3978 cin:
232 3930 256 3976 in
278 3944 322 3992 qua
343 3929 477 3980 numerandi
499 3928 586 3976 maone
610 3941 667 3976 non
688 3937 773 3976 suerat.
807 3926 910 3975 Fortasse
921 3928 1061 3989 legendumt
1077 3930 1196 3990 prauo«

152 3995 277 4044 includitur
288 4008 361 4042 sunus
377 4006 503 4042 extremus.
536 3993 659 4057 Siennpn,
688 4001 768 4040 montet
776 3988 1002 4055 difficilnptetoltur.
1104 4035 1106 4046 .

153 4059 198 4108 hoc
217 4060 266 4122 ipso
283 4060 357 4122 capite
381 4059 437 4127 dixit
455 4066 507 4107 nate
524 4061 589 4106 canit
605 4066 660 4122 orto,
721 4055 917 4106 ‘Celes-iteratos
929 4056 1052 4123 prusiada]
1074 4057 1131 4106 Hoc
1145 4071 1195 4108 ttae-

152 4140 224 4185 quum
248 4137 325 4174 tamen
344 4139 425 4173 novem
449 4123 565 4170 numerari
587 4123 658 4170 debe·
690 4131 782 4185 pettutn
800 4120 1044 4179 furtasoronovio,
1059 4124 1098 4186 qul
1111 4124 1196 4188 perlevi

152 4199 217 4248 rent,
236 4191 280 4237 nisi
302 4201 417 4239 extremus
438 4203 512 4236 annus
532 4187 659 4253 negligere·
691 4185 818 4234 mutatione
844 4186 921 4236 locum
948 4188 1070 4248 emendare
1096 4190 1194 4238 nititur=

152 4267 199 4310 tur.
693 4249 840 4306 Celahenat
851 4269 876 4299 er
890 4255 1002 4312 ρτσυίησία
1012 4255 1091 4300 littero
1106 4253 1198 4303 mom

185 4321 207 4354 ⁹¹³
224 4317 305 4366 Ditello
321 4318 411 4384 magud
435 4318 490 4367 Non
509 4331 602 4367 necnee
621 4327 658 4364 est
690 4317 1103 4376 emeram,supplleetiorrcs....8ed
1110 4321 1199 4379 gratim

154 4398 248 4432 monere
274 4393 349 4432 toturn
375 4388 438 4434 hunc
464 4384 540 4432 locum
565 4382 660 4431 omnino
691 4380 871 4443 prolectoulcus
889 4381 953 4429 latet.
987 4381 1197 4432 &mentientu-

154 4451 298 4511 deprmtum
313 4463 370 4496 esse,
401 4450 488 4497 Tenent
507 4463 561 4503 eum
578 4461 658 4495 emen.
692 4444 747 4492 nlno
758 4444 900 4508 superfluum
909 4449 1199 4504 estmecvldel'ttt'ssalvlo
1287 4442 1291 4458 Ι

155 4515 216 4570 dare,
238 4514 325 4576 siquis
350 4523 390 4562 aut
412 4528 462 4564 rem
485 4527 592 4578 prospere
618 4511 659 4560 sibi
692 4507 822 4573 profectum
833 4524 890 4558 esse.
