3044 5194
389 407 426 464 56
807 397 890 461 'flul
910 397 1009 461 LIVll

226 583 301 636 uc,
313 587 367 636 554.
392 555 583 623 AElius'cum
599 558 634 624 C.
648 557 757 623 Heluio
777 552 902 644 pr'aetore
922 561 954 622 in
974 557 1124 622 Galliam:
1148 561 1375 642 exercitumque
1393 561 1432 623 ab

226 651 258 698 Α.
267 651 299 728 ρ.
314 652 368 702 198.
392 646 428 710 1..
440 645 570 710 Lentulo
582 659 751 732 acceptum,
773 667 862 727 quem
878 646 1031 710 dimittere
1044 647 1185 725 debebat,
1201 648 1320 730 praetori
1336 648 1432 709 tradi·

224 713 364 832 ffffioe·
394 734 460 812 dit3
484 736 549 818 ipse
571 736 655 796 novis
682 734 860 815 legionibus,
886 753 960 814 quas
987 753 1088 796 secum
1115 716 1293 813 adduxerat,
1318 734 1431 796 bellum

226 846 290 894 lum.
393 831 539 902 gesurrus.
561 841 659 902 neque
686 819 888 882 memorabilis
914 820 957 880 rei
984 821 1149 902 quidquam
1175 822 1280 903 gessit.
1328 817 1371 882 Et
1393 818 1430 880 Τ.

227 895 353 990 Quoius
393 906 554 978 Quinctius
576 907 652 968 alter
672 906 778 968 consul
804 905 962 984 maturius,
984 897 1073 987 quain
1099 909 1214 990 priores
1241 907 1322 970 soliti
1346 917 1431 969 erant

227 992 251 1051 ¹¹!
269 977 543 1072 ivhello'consules
566 1015 585 1054 a
607 991 767 1054 Brundisio
789 1013 881 1073 quum
906 992 1132 1071 transmisisset,
1148 992 1312 1078 Corcyram
1334 995 1431 1055 tenuit

226 1057 296 1094 nam.
393 1101 462 1142 cum
478 1089 550 1141 octo
564 1078 696 1140 millibus
711 1079 858 1160 peditum,
881 1079 1032 1159 equitibus
1047 1080 1241 1162 octingentis.
1285 1077 1335 1142 Ab
1356 1079 1430 1141 Cor·

392 1187 463 1249 cyra
486 1165 517 1226 in
544 1165 683 1246 proxima
707 1163 791 1247 Epiri
818 1166 1024 1246 quinqueremi
1053 1165 1195 1248 trajecit:
1223 1177 1255 1228 et
1278 1166 1309 1228 iu
1332 1177 1431 1230 castra

390 1250 532 1313 Romana
557 1252 675 1332 magnis
702 1251 859 1313 itineribus
884 1252 1043 1314 contendit
1055 1274 1064 1326 ;
1088 1253 1158 1314 inde
1181 1250 1275 1313 Villio
1296 1254 1429 1331 dimisso,

389 1357 504 1420 paucos
517 1347 652 1399 moratus
664 1338 739 1415 dies,
753 1338 825 1398 dum
840 1359 872 1399 se
883 1339 977 1420 copiae
989 1339 1028 1400 ab
1040 1336 1174 1422 Corcyra
1185 1339 1428 1419 adsequerentur,

390 1423 551 1486 consilium
573 1423 691 1500 habuit,
714 1434 816 1486 utrum
839 1436 924 1486 recto
946 1425 1053 1486 itinere
1073 1446 1127 1507 per
1141 1436 1241 1487 castra
1254 1426 1390 1488 hostium
1404 1429 1429 1464 ⁸⁴

389 1499 470 1570 ‘vimi
485 1509 582 1572 facere
605 1521 784 1572 conareturr
808 1531 858 1588 an,
880 1531 920 1572 ne
944 1519 1063 1572 tentata
1088 1511 1211 1591 quidem
1233 1533 1265 1572 re
1285 1513 1364 1573 tanti
1387 1512 1428 1572 la·

389 1596 471 1657 boris
491 1616 527 1657 ac
547 1597 685 1678 periculi,
700 1617 753 1679 per
767 1595 960 1658 Dassaretios
975 1598 1076 1679 potius
1092 1595 1266 1681 Lycumque
1282 1609 1349 1660 tuto
1372 1599 1427 1659 cir·

388 1682 472 1744 cuitu
503 1679 719 1744 Macedoniam
744 1683 879 1745 intraret.
933 1681 1122 1764 Vicissetque
1144 1705 1181 1744 ea
1205 1685 1369 1762 sententia,
1398 1685 1426 1744 ni

388 1767 550 1847 timuisset,
565 1789 615 1846 ne,
630 1789 723 1850 quum
739 1791 758 1830 a
772 1770 847 1830 mari
864 1769 982 1850 longius
997 1771 1178 1847 recessisset,
1193 1772 1287 1832 misso
1300 1793 1318 1832 e
1333 1772 1428 1832 mani·

387 1854 442 1914 bus
462 1855 560 1932 hoste,
584 1856 609 1916 si
634 1854 727 1938 (quod
748 1866 841 1917 antea
863 1854 988 1934 iecerat)
1013 1856 1225 1918 solitudinibus
1241 1856 1382 1938 silvisque
1396 1877 1425 1918 sc

388 1941 479 2001 tutari
510 1959 564 2002 rex
589 1942 742 2018 voluisset,
774 1943 839 2003 siue
865 1941 928 2002 ullo
958 1941 1067 2004 ellectu
1093 1953 1180 2003 aestas
1210 1945 1427 2006 extraheretur.
1471 1961 1473 1966 ’

389 2023 565 2108 Utcumque
575 2039 656 2088 esset
668 2029 771 2109 igitur,
788 2027 842 2089 illo
856 2028 923 2108 ipso
939 2028 1121 2108 terrr‘iniquo
1134 2029 1202 2090 loco
1217 2029 1342 2112 adgredi
1360 2031 1427 2091 hos·

387 2123 450 2174 tem
476 2113 601 2195 placuit.
628 2113 681 2196 sed
705 2114 802 2195 magis
827 2113 890 2174 lieri
915 2111 947 2174 id
974 2113 1124 2196 placebat,
1149 2135 1252 2196 quam,
1278 2117 1426 2198 quomodo

386 2196 483 2278 lieret,
499 2203 526 2240 ³⁵
536 2201 610 2260 satis
625 2198 818 2281 expediebat.
1221 2201 1224 2206 ’

221 2307 328 2360 consutis
338 2321 363 2359 ,t
428 2284 469 2347 X.
485 2283 559 2347 Dies
571 2287 773 2366 quadraginta
784 2286 849 2348 sine
861 2287 924 2348 ullo
935 2298 1048 2350 conatu
1063 2288 1202 2350 sedentes
1218 2289 1249 2350 in
1265 2299 1427 2372 conspectu

222 2371 323 2456 Philipps
385 2373 518 2434 hostium
534 2373 752 2434 absumserant.
796 2370 872 2433 Inde
884 2395 953 2455 spes
968 2374 1041 2434 data
1055 2373 1195 2458 Philippo
1211 2389 1268 2452 est,
1283 2397 1337 2462 per
1351 2373 1424 2457 Epi-

221 2438 372 2505 ⁶⁰¹¹¹⁰l⁰¹¹¹¹¹l
385 2467 518 2519 rotarum
538 2469 661 2537 gentem
677 2458 831 2518 tentandae
844 2461 949 2539 pacis:
974 2459 1138 2541 habitoque
1154 2461 1299 2524 consilior
1317 2462 1425 2523 delecti

386 2544 427 2604 sd
441 2563 509 2604 eam
523 2563 586 2604 rem
602 2544 763 2624 agendam,
779 2541 1068 2626 Pausaniaspraetor‚
1085 2558 1117 2607 et
1126 2545 1299 2610 Alexander
1314 2549 1425 2629 magis·

385 2640 433 2690 ter
447 2629 594 2710 equitum,
609 2629 762 2692 consulem
778 2641 810 2691 et
824 2649 938 2710 regem,
953 2632 1003 2693 ubi
1020 2633 1052 2692 in
1067 2633 1231 2696 artissimas
1245 2635 1326 2715 ripas
1341 2634 1425 2694 Aous

385 2716 507 2796 cogitur
520 2716 629 2792 amnis,
644 2716 675 2775 in
691 2715 885 2796 conloquium
905 2717 1105 2781 adduxerunt.
1149 2717 1274 2781 Summa
1287 2721 1425 2802 postula-

385 2812 488 2863 torum
500 2801 631 2862 consulis
647 2812 723 2879 erat,
738 2801 876 2882 praesidia
887 2823 926 2865 ex
940 2804 1112 2866 civitatibus
1126 2827 1180 2867 rex
1192 2806 1363 2868 deduceret.
1377 2807 1426 2883 iis,

386 2906 514 2968 quorum
541 2905 628 2968 agros
652 2888 800 2968 urbesque
822 2883 985 2970 populatus
1010 2903 1099 2970 esset,
1126 2891 1266 2957 redderet
1287 2913 1347 2971 res,
1361 2913 1424 2976 qua

385 2984 606 3056 comparerent.
622 2975 821 3035 ³⁸ccterorum
832 2993 917 3055 aequo
926 2971 1052 3038 arbitrio
1063 2975 1226 3041 estimatio
1234 2979 1331 3042 lieret.
1355 2977 1425 3041 Phi-

342 3073 345 3078 ·
384 3057 482 3140 lippus
505 3059 516 3092 ‘
528 3059 619 3120 aliam
629 3059 755 3120 aliarum
767 3059 935 3123 civitatium
948 3063 1157 3126 conditionem
1169 3065 1246 3127 esse’
1258 3065 1423 3147 respondit.

383 3143 491 3214 ‘Quas
519 3145 585 3226 ipse
605 3146 746 3228 cepisset,
771 3166 822 3207 eas
845 3147 1050 3211 liberaturum.
1094 3149 1169 3220 Qua
1193 3153 1250 3213 sibi
1275 3153 1425 3215 traditan

382 3229 571 3312 ‘majoribus
585 3243 696 3308 essent,
713 3251 817 3292 earum
826 3231 1011 3296 hereditaria
1022 3255 1057 3298 ac
1069 3235 1153 3318 justa
1164 3239 1354 3319 possessione
1364 3259 1423 3300 non

381 3315 393 3348 ‘
406 3337 609 3379 excessurum.
623 3317 648 3378 si
658 3337 731 3401 quas
742 3329 935 3400 quererentur
947 3321 1019 3382 belli
1028 3322 1130 3384 clades
1142 3343 1184 3385 eae
1195 3323 1345 3404 civitates,
1357 3345 1423 3386 cum

380 3402 515 3483 ‘quibus
529 3403 675 3464 bellatum
689 3403 787 3482 foret3
812 3407 838 3452 ⁸⁷
851 3406 986 3485 arbitrio,
1011 3427 1071 3489 quo
1085 3409 1209 3488 vellent,
1232 3412 1423 3492 populorum,

379 3487 391 3520 ‘
405 3507 475 3548 cum
487 3489 594 3568 quibus
606 3510 668 3570 pax
676 3491 811 3571 utrisque
817 3490 934 3570 fuisset,
948 3513 981 3554 se
991 3493 1134 3557 usurum'
1169 3494 1295 3574 Consul,
1318 3495 1422 3558 ‘Nihil

380 3571 447 3632 ‘ad
460 3573 494 3632 id
507 3573 629 3654 quidem
650 3575 677 3618 ⁸⁸
688 3576 801 3638 arbitro
817 3589 869 3639 aut
879 3576 983 3658 judice
998 3601 1074 3663 opus
1091 3577 1178 3659 esse,’
1193 3581 1304 3644 dicere.
1342 3583 1352 3615 ‘
1367 3582 1422 3644 Cui

306 3691 313 3710 ·
379 3657 490 3747 ‘enirn
511 3677 573 3718 non
589 3659 745 3740 adparere,
760 3663 799 3723 ab
821 3683 869 3742 eo,
893 3666 944 3745 qui
961 3666 1044 3748 prior
1059 3687 1144 3728 arma
1157 3667 1321 3747 intulisset,
1343 3669 1423 3751 inju-

380 3743 391 3774 ‘
406 3743 483 3804 riam
496 3745 616 3805 onam?
641 3766 698 3806 nec
711 3745 883 3830 Philippum
896 3751 935 3812 ab
947 3752 1015 3813 ullis
1030 3752 1110 3814 bello
1126 3754 1308 3832 lacessitum,
1325 3755 1423 3836 ipsum

379 3827 391 3861 ‘
404 3829 536 3912 priorem
548 3830 608 3892 vim
618 3833 758 3894 omnibus
767 3833 896 3898 fecissc.’
920 3835 997 3899 inde
1009 3859 1101 3919 quum
1114 3849 1265 3921 ageretur,
1275 3861 1342 3923 quse
1351 3841 1423 3905 civi·¹

580 3948 661 3995 tuam
672 3945 760 3997 Grou..
939 3955 1054 4002 'concilio
1064 3954 1137 4004 Groa.
1148 3954 1220 4006 Cret.

409 4058 432 4136 ’ξ
451 4058 499 4107 Van
500 4059 591 4138 facere]
607 4062 644 4110 Sic
655 4063 701 4110 duo
711 4063 783 4140 Μὸβ.
795 4079 808 4112 a
822 4063 885 4114 Gro·
949 4064 972 4100 ³⁶
987 4063 1003 4095 ⁸
1021 4029 1158 4133 camin]
1182 4069 1320 4122 Ceterarum
1340 4063 1426 4132 rerum.

378 4129 820 4256 lt¹t.¹.'¹.:¹¹¹:.‘²laz‘t·t⁶s¹.l¹t“·
834 4145 884 4178 '²¹⁶'
918 4141 1092 4245 ‘'imlillf
1102 4149 1412 4252 rononppanffi„

411 4223 652 4323 ³⁵Sotiis1padisbrit]
671 4229 885 4321 Nempe.·corrsul;
919 4259 1046 4320 legecum
1058 4215 1384 4327 Gponqqqo'qmaypm
1412 4203 1424 4266 ]

380 4323 407 4360 ut
417 4313 484 4362 facile
494 4315 611 4379 suppletur
619 4333 648 4366 ex
657 4335 736 4383 muru,
745 4339 816 4385 quum
824 4326 848 4371 in
860 4325 887 4373 iis
951 4325 974 4359 ⁸⁸
990 4329 1078 4376 Arbitro
1093 4338 1133 4376 aut
1144 4329 1234 4391 judicu]
1258 4333 1327 4381 Hanc
1345 4333 1425 4381 lectio·

380 4394 433 4440 qme
442 4381 703 4442 praeceduntrerbaiere
711 4389 787 4436 omnis
795 4389 823 4436 ad
832 4403 886 4438 eum
915 4389 972 4436 'nem
984 4391 1092 4441 debemus
1100 4397 1140 4440 uni
1151 4410 1179 4442 ex
1188 4394 1286 4448 Heamii
1295 4398 1362 4448 codd.
1376 4397 1425 4448 Ce-

380 4443 516 4494 redemutur.
549 4443 666 4502 Grouorio
674 4463 751 4506 tamea
761 4454 830 4518 turgis
836 4455 886 4520 pla-
918 4454 971 4515 teu,
980 4466 1006 4506 ut
1017 4457 1119 4518 stadici,
1130 4460 1227 4512 arbitrio.

379 4509 603 4572 <ercammarus
918 4561 923 4568 .

373 4589 382 4626 l
