3110 5204
401 367 479 432 LIB.
498 371 645 432 mm.
667 373 751 432 CAP.
770 373 894 433 XLVII.
1113 372 1171 430 199

82 519 260 603 ‘legatos
290 522 415 586 venisse.
458 522 504 586 Ut
527 525 606 588 feras
630 527 775 608 quasdam
799 546 964 607 numquam
984 525 1163 605 mitescere3
1177 542 1317 596 [λαῶν.

83 607 95 640 ‘
111 607 165 688 sic
179 607 355 692 inmitem,
371 609 585 692 inplacabilem
601 611 666 693 ejus
677 613 732 674 viri
743 611 878 674 animum
890 633 966 676 esse.
977 633 1164 674 marcescere
1176 608 1205 656 A.
1217 607 1246 658 ⁰·
1259 612 1311 662 ¹9⁵·

81 691 190 756 ‘otio
209 695 346 775 situque
362 695 525 774 civitatem,
547 699 637 778 queri·
654 719 735 782 eum,
757 711 789 761 et
804 698 1063 780 ²⁷inertia'operis
1073 720 1083 774 ;
1106 718 1163 760 nec

84 779 190 858 ‘eine
208 801 379 844 armorum
393 781 494 844 sonitu
506 783 634 847 excitari
650 781 763 866 posse.’
808 782 883 847 llaec
906 783 1075 866 probabilia
1096 804 1172 844 mem

84 866 340 949 moria-prioris
355 867 437 944 belli,
452 889 512 950 per
533 889 626 930 unum
649 870 735 932 illum
756 889 818 932 non
842 871 939 951 magis
958 869 1047 952 gesti,
1070 889 1163 949 quam

86 952 190 1030 moti,
222 951 376 1016 faciebat.
421 951 594 1018 Irritaverat
619 956 713 1018 etiam
739 957 855 1018 recenti
886 956 968 1018 lacto
998 955 1162 1016 multorum

85 1039 290 1121 potentium
305 1040 434 1102 animos.

133 1122 272 1188 XLVI.
295 1124 438 1188 Judicum
453 1127 528 1190 ordo
544 1126 734 1210 Karthagine
757 1150 795 1190 ea
816 1138 999 1210 tempestate
1020 1126 1283 1205 domina-tuum,

87 1211 213 1286 batur3
243 1234 287 1274 eo
301 1213 447 1290 maxime,
462 1213 543 1296 quod
558 1214 651 1276 iidem
666 1215 802 1298 perpetui
815 1211 936 1295 judices
952 1226 1047 1276 erant.
1092 1192 1316 1304 Resffimnagrtne·

90 1295 197 1376 fama,
214 1299 348 1378 vitaque
364 1300 501 1360 omnium
523 1300 555 1360 in
577 1299 697 1362 illorum
719 1311 873 1382 potestate
896 1311 973 1362 erat.
996 1300 1047 1381 qui
1069 1318 1163 1360 unum
1176 1271 1344 1377 :zfficlls

91 1382 166 1464 ejus
193 1383 332 1461 ordinis,
355 1383 438 1446 idem
460 1406 564 1449 omnes
587 1386 727 1448 adversos
750 1385 900 1462 habebat3
925 1406 982 1446 nec
1005 1397 1165 1446 accusator
1178 1385 1312 1454 Hannibale
1339 1387 1343 1458 j

92 1469 189 1552 apud
219 1468 347 1551 judiees
374 1469 509 1532 infensos
538 1472 651 1532 deerat.
707 1468 825 1532 Horum
855 1471 886 1532 in
917 1482 980 1532 tam
1011 1471 1164 1551 inpotenti
1176 1467 1275 1517 ‘’lm‘'

94 1575 202 1636 regno
232 1555 279 1634 (²³
290 1575 387 1636 neque
402 1557 484 1618 enim
499 1557 625 1618 civiliter
640 1557 740 1619 nimiis
755 1556 863 1639 opibus
883 1556 1060 1634 utebantur)
1085 1576 1164 1636 prae-

94 1651 149 1702 tor
167 1640 282 1702 factus
297 1637 452 1704 Hannibal
462 1663 573 1726 ¹uocare
596 1643 635 1704 ad
657 1664 690 1705 se
712 1654 900 1723 quaestorem.
945 1644 972 1680 ²⁹
982 1639 1067 1702 Idem
1084 1639 1165 1723 ¹‘pro

97 1726 211 1792 nihilo
235 1727 357 1806 habuit,
379 1749 451 1790 nam
473 1739 506 1790 et
527 1729 658 1790 adversae
679 1728 820 1812 lectionis
844 1739 929 1790 erate
961 1738 1003 1804 et,
1029 1727 1101 1807 quia
1126 1747 1165 1788 ex

99 1824 273 1978 {rmum
292 1811 476 1962 infjpdiccs,
499 1814 744 1960 potentilpsimunr
771 1814 921 1960 ordinenlr),
934 1812 1165 1960 ιιειῐεΕιὶιιὶιιιιιῐιιι,

269 1921 303 1960 ιο
340 1921 360 1960 ιι
375 1921 435 1962 uns
459 1921 533 1962 mox
556 1922 575 1961 o
599 1922 608 1963 ι
630 1921 665 1961 us
689 1920 806 1962 animos
843 1919 893 1960 ere
915 1919 958 1960 a.
1030 1918 1165 1959 nrmvero

99 1920 279 2066 indignulb
309 1985 342 2047 id
369 1996 451 2048 ratus
481 1921 647 2063 Hannibal,
676 1920 891 2048 viatoremgad
918 1982 1168 2066 prehendendum

103 2081 299 2150 quaestorem
321 2071 422 2134 misit:
446 2071 686 2152 subductumque
706 2072 739 2133 in
763 2072 955 2148 concionem,
969 2089 1041 2152 ‘non
1067 2068 1167 2149 ipsum

102 2156 224 2236 magis,
243 2151 338 2238 quam
352 2157 491 2220 ordinem
503 2154 654 2237 judicum,
678 2177 739 2238 prae
763 2175 891 2236 qnorum
912 2154 1053 2235 superbia
1075 2164 1167 2234 atque

103 2239 223 2321 opibus
241 2263 301 2304 nec
316 2242 398 2324 leges
413 2242 578 2322 quidquam
599 2251 711 2318 essent,
733 2262 791 2302 nec
813 2241 1020 2322 magistratus,
1043 2259 1168 2299 accusa·

103 2326 160 2388 vit.
188 2339 241 2404 ct,
266 2339 303 2389 ut
327 2327 466 2388 secundis
494 2326 615 2388 auribus
639 2327 738 2407 accipi
759 2327 929 2388 orationem
944 2325 1170 2402 animadvertit,

103 2423 134 2473 et
151 2412 343 2492 infimorum
358 2431 479 2494 quoquc
495 2411 624 2472 libertati
646 2433 768 2492 gravem
784 2433 849 2473 esse
864 2410 1037 2492 superbiam
1052 2429 1168 2486 corum,

106 2497 218 2578 legem
249 2498 393 2577 exemplo
418 2495 632 2578 promulgavit,
658 2497 860 2580 pertulitque,
880 2491 946 2556 ‘Ut
975 2495 1007 2556 in
1032 2494 1167 2574 singulos

106 2583 116 2616 ‘
132 2601 243 2644 annos
254 2580 374 2664 judices
390 2581 570 2664 legerentur,
582 2582 698 2662 nequis
714 2581 867 2644 biennium
883 2579 1061 2642 continuum
1070 2577 1167 2660 judex

109 2665 246 2750 ‘esset’
293 2665 435 2730 Ceterum
452 2677 597 2748 quantam
612 2687 649 2728 eo
664 2667 747 2728 facto
763 2665 802 2747 ad
820 2666 941 2748 plebem
963 2665 1073 2727 inierat
1095 2684 1166 2746 gra-

110 2753 201 2830 tiam,
229 2764 352 2816 tantum
378 2773 495 2834 magna
518 2753 614 2834 partis
637 2752 809 2835 principum
829 2751 1014 2813 oblendebat
1037 2751 1167 2812 animos.

112 2839 244 2922 Adjecit
260 2839 353 2916 aliud,
368 2839 451 2920 quod
460 2837 479 2916 ¹,
501 2838 584 2901 bono
605 2838 739 2920 publico,
760 2837 818 2900 sibi
841 2838 978 2920 proprias
996 2835 1165 2898 simultates

113 2926 258 2989 irritavit.
301 2921 474 3007 Vectigalia
496 2924 619 3006 publica
642 2925 753 3006 partim
777 2923 973 3004 neglegentia
988 2921 1164 2982 dilabeban-
1177 2923 1314 3003 dratin-

113 3024 183 3091 tpr3
208 3013 323 3094 partim
346 3011 453 3094 praedae
476 3030 513 3072 ac
537 3009 643 3072 divisui
667 3010 838 3092 principum
855 3007 1035 3090 quibusdam
1051 3017 1082 3067 et
1096 3019 1163 3068 ma·
1176 2995 1331 3106 ⁰¹”03m‘lf‘

115 3099 296 3179 gistratibus
310 3110 417 3160 erant:
442 3098 515 3179 quin
539 3107 571 3159 et
594 3096 733 3178 pecunia,
758 3116 825 3175 que
845 3094 877 3154 in
897 3092 1084 3174 stipendium
1100 3089 1163 3152 Ro·
1175 3068 1220 3170 {¹3
1252 3071 1307 3108 ’Μ’

116 3185 218 3246 manis
239 3187 333 3246 ³¹suo
355 3204 474 3265 quoque
495 3203 576 3244 anno
600 3181 793 3262 penderetur,
818 3179 933 3253 deerat,
957 3177 1165 3253 tributumque

116 3289 210 3350 grave
226 3271 348 3350 privatis
363 3269 512 3332 inminere
526 3267 692 3347 videbatur.

130 3361 134 3369 '
160 3351 291 3416 XLVll.
314 3353 467 3417 Hannibal
478 3353 676 3436 'postquam‘
686 3347 849 3428 vectigalia
873 3354 987 3426 quanta
1012 3344 1166 3405 terrestria

118 3443 334 3524 maritimaque
349 3434 462 3519 essent,
477 3440 556 3502 etin
571 3457 645 3518 quas
661 3455 707 3497 res
724 3429 928 3514 erogarentur,
939 3429 1166 3507 animadvertit,

120 3528 240 3607 etquid
256 3549 359 3592 eornm
375 3525 519 3591 ordinarii
538 3522 707 3606 reipublicae
728 3540 799 3581 usus
821 3526 1044 3591 consumerent,
1067 3533 1165 3595 quan·

122 3622 184 3674 tum
198 3615 358 3696 peculatus
374 3621 542 3688 averteret3
565 3608 742 3697 ³'omnibus
766 3604 891 3692 residuis
916 3601 1053 3684 pecuniis
1071 3621 1164 3662 exac-

282 3720 395 3798 ¹1deml.
407 3721 494 3770 larem.
508 3719 565 3782 [lup.
778 3711 837 3773 ¹qrre
848 3709 921 3760 Groo.
932 3691 1001 3760 Creu.

152 3826 176 3863 ⁹⁷
191 3827 277 3876 lmrtio
295 3827 374 3888 metr]
405 3824 526 3886 ingeniose
548 3821 626 3868 Rube-
658 3817 838 3894 ferociamque
857 3823 995 3888 congrueret
1011 3811 1096 3860 suturae
1113 3825 1166 3860 mox

122 3890 181 3969 pins.
196 3894 277 3940 amu
285 3894 365 3952 sopitis
379 3891 417 3940 cui
427 3891 497 3967 uerbo
507 3886 629 3951 opponitur
659 3892 779 3992 Roblngae'
804 3947 806 3954 Ι
989 3936 1065 4000 Ἡ·
1102 3937 1167 3986 'um

123 3961 499 4083 mglulaeltq‘ldubllbbnclllllldr]
523 4017 578 4066 Non
601 4024 628 4090 ut
660 3941 1025 4089 (imnovldsqululqldbaedrlenblmot
1042 3955 1111 4066 idqul
1124 4019 1167 4052 no-

126 4083 181 4134 cirea
190 4086 214 4133 in
224 4085 296 4134 libera
307 4084 425 4150 republica
438 4085 477 4132 red
487 4079 628 4146 plenequasr
660 4077 695 4125 bn
712 4090 759 4122 non
775 4088 834 4134 egre
851 4071 938 4134 probat.
969 4069 1022 4120 Vld.
1038 4081 1087 4119 not.
1103 4068 1132 4117 ad
1148 4068 1167 4118 1.

126 4153 346 4216 ngaaurryranni.
434 4191 440 4203 ,
662 4153 702 4190 ιιι.
713 4157 734 4189 c.
745 4139 823 4216 223et
835 4135 851 4182 1.
862 4149 952 4212 axaf.
966 4137 1004 4185 17.
1014 4199 1029 4211 ..
1140 4195 1155 4211 ῃ

140 4212 177 4251 '¹⁹
192 4215 253 4264 Idem
276 4215 415 4277 pronihilo
439 4209 527 4277 tama]
555 4209 630 4259 Recte
694 4205 717 4239 ³⁹
733 4199 1168 4264 Omnrbrnreaduespemnns]Pecunus

128 4279 257 4330 Perizonius
266 4281 382 4329 existimat
394 4279 527 4340 legendum:
546 4274 569 4323 le
584 4289 630 4322 rem
661 4263 1168 4348 omniboqquaequumpublieaeprentapud

127 4357 164 4401 pro
173 4345 239 4393 nililc
249 4346 333 4394 babuit.
530 4399 533 4404 Ι
662 4339 761 4400 privatos
777 4329 947 4402 resederanr,·a
963 4337 1055 4403 parans
1071 4337 1168 4376 retentae

159 4407 181 4442 ¹⁰
194 4410 265 4457 'er
273 4407 410 4472 profanatis
417 4404 632 4468 merepiburaaimor
661 4401 760 4448 luemnt.
791 4393 937 4456 ’Usurpent
946 4391 989 4440 hoe
999 4395 1060 4440 idem
1071 4393 1168 4440 vocabu·

129 4473 220 4535 gerelm]
241 4474 293 4523 Jarn
307 4473 450 4538 congerebat
467 4469 562 4534 animm,
580 4481 631 4517 eam
662 4463 711 4514 lum
723 4461 804 4510 eodem
815 4472 882 4538 remp
893 4455 974 4538 (litero
990 4471 1032 4522 pro
1044 4457 1080 4506 Cl.
1091 4473 1116 4529 p.
1129 4454 1168 4518 9!-

170 4559 242 4607 vot.
257 4561 309 4608 111.
714 4548 737 4595 K
