3080 5196
216 537 253 589 U.
264 538 293 587 C.
304 539 364 590 56⁰·

219 603 295 666 Ml.
305 605 379 659 192..

386 373 447 432 216
664 409 667 414 n
793 367 891 429 -Tffl
910 363 1011 428 ῙιΝΠ

390 523 640 590 ‘Demetriadem
655 525 714 586 iter
732 509 927 586 teximus»
942 517 1127 602 Magnetum
1147 503 1313 582 concilium
1334 517 1434 580 indie-

389 625 457 677 tum
482 622 538 676 est.
593 609 777 674 Adcuratior
803 608 845 670 ibi
868 606 1012 670 habenda
1036 606 1135 668 oratio
1161 605 1230 684 fuit,
1255 604 1340 686 quod
1364 625 1433 686 pars

389 700 561 785 principum
583 696 708 760 alienati
729 693 921 771 allemania,
945 693 1063 777 totique
1084 691 1232 756 Antiochi
1259 703 1292 753 et
1306 686 1432 752 AEtolo-

373 829 377 836 -
390 805 458 850 rum
480 795 588 848 erant:
615 783 698 864 quia,
723 801 817 866 quum
843 780 928 842 reddi
948 779 1044 842 lilium
1065 777 1204 841 obsidem
1219 776 1362 860 Philippo
1378 775 1432 840 ad-

373 874 486 940 ·latum
500 881 591 948 esset,
617 867 863 952 stipendiumque
887 866 1054 949 inpositum
1080 865 1207 942 remitti,
1232 863 1314 926 inter
1329 873 1431 926 cetera

374 979 468 1022 ¹vana
481 957 615 1020 adlatum
630 969 708 1032 erat,
730 952 961 1016 Demetriadem
975 971 1095 1034 quoque
1119 951 1147 1013 ci
1174 950 1351 1012 reddituros
1365 947 1429 1012 Ro-

218 1235 356 1300 sumu·
372 1245 376 1254 ·

217 1310 259 1351 tur
268 1303 367 1365 Magus·

220 1376 267 1419 tat·

388 1065 496 1107 manos
511 1063 586 1106 esse.
630 1039 667 1104 Id
681 1061 721 1104 nc
743 1040 840 1118 lieret,
865 1037 1054 1123 Eurylochus
1081 1038 1220 1120 princeps
1235 1033 1431 1118 Magnetum,

387 1129 590 1212 factionisque
605 1126 669 1211 ejus
685 1128 819 1209 quidam,
840 1126 945 1188 omnia
963 1125 1069 1188 novari
1080 1121 1253 1186 AEtolonrm
1265 1121 1430 1184 Antiochi·

388 1237 447 1299 que
462 1218 595 1280 adventu
614 1214 779 1280 malebant.
821 1211 973 1274 Adversus
995 1231 1047 1274 eos
1071 1211 1115 1273 ita
1128 1207 1341 1272 disserendum
1356 1218 1431 1285 eret,

387 1323 437 1383 ne,
463 1304 606 1365 timorem
635 1321 748 1362 vanum
773 1300 810 1362 iis
842 1298 1005 1380 demendo,
1033 1317 1103 1380 spes
1134 1295 1230 1358 incisa
1254 1292 1429 1376 Philippum

274 1445 279 1456 ,
387 1390 596 1453 abalienaret:
620 1389 652 1450 in
668 1408 728 1468 quo
742 1387 810 1470 plus
826 1385 984 1448 adomnia
1002 1383 1161 1458 momenti,
1176 1401 1268 1462 quam
1282 1381 1316 1441 iu
1338 1377 1428 1460 Mag·

388 1477 519 1553 netibus,
534 1485 624 1537 esset.
656 1473 841 1536 lllatantum
850 1480 1099 1544 commemorata,
1114 1469 1227 1547 ‘quum
1237 1478 1338 1530 totam
1347 1463 1427 1527 Gra·

376 1563 399 1610 -‘
414 1563 494 1624 ciam
509 1561 656 1623 beneficio
675 1559 823 1624 libertatis
838 1558 1001 1620 obnoxiam
1015 1553 1162 1616 Romanis
1182 1573 1259 1629 esse,
1276 1563 1344 1614 tum
1360 1572 1427 1614 earu

386 1647 398 1682 ‘
411 1648 568 1710 civitatem
579 1647 737 1730 praecipue.
770 1643 815 1706 lbi
825 1645 907 1705 enim
918 1662 981 1703 non
992 1637 1163 1723 praesidium
1174 1638 1267 1700 modo
1276 1637 1428 1700 Macedo-

386 1735 399 1767 ‘
412 1753 485 1796 num
495 1733 597 1810 fuisse,
611 1733 667 1794 sed
681 1732 795 1812 regiam
809 1727 1039 1803 exaedificatam,
1062 1737 1097 1787 ut
1117 1744 1247 1807 presens
1260 1745 1383 1808 semper
1396 1725 1425 1785 iu

368 1820 508 1882 ·‘oculis
517 1817 672 1880 habendus
682 1829 761 1876 esset
772 1813 922 1874 dominus.
945 1809 1089 1874 Ceterum
1098 1811 1427 1893 nequidquameasac·

384 1904 396 1938 ‘
410 1915 453 1981 ta,
465 1904 490 1964 si
499 1901 597 1978 AEtoli
608 1899 794 1962 Antiochum
804 1899 836 1960 in
848 1897 978 1981 Philippi
990 1899 1104 1978 regiam
1115 1897 1312 1976 adducerent,
1327 1909 1361 1960 et
1370 1919 1425 1960 uo·

369 1989 395 2028 ·‘
409 2007 462 2050 vus
472 2003 505 2048 ct
523 1987 698 2068 incognitus
707 2007 764 2070 pro
775 1996 875 2048 vetere
890 1995 923 2046 et
936 1995 1063 2067 experto
1078 1984 1235 2046 habendus
1258 2005 1314 2047 rex
1324 1980 1424 2046 esset!

213 2252 352 2381 iffi

213 2383 371 2503 Mas·

213 2523 241 2562 et
250 2513 366 2566 inconsul-

211 2587 273 2640 ‘¹¹¹²-

382 2071 626 2156 Magnetarchen
639 2091 791 2134 summum
809 2071 1021 2154 magistratum
1036 2081 1157 2134 vocant.
1172 2071 1198 2132 is
1214 2082 1280 2134 tum
1295 2070 1425 2154 Eurylo-

382 2160 459 2222 chus
473 2169 549 2222 erst.
570 2180 607 2220 ac
621 2169 775 2241 potestate
790 2178 828 2220 ea
848 2156 951 2235 fretus,
965 2157 1087 2240 negavit
1100 2157 1353 2220 dissimulandum
1369 2156 1425 2218 sibi

383 2256 416 2308 et
430 2243 628 2327 Magnetibus
642 2267 720 2323 esse,
742 2265 807 2326 quae
832 2243 915 2306 tame
928 2244 1051 2326 vulgata
1076 2243 1115 2306 de
1137 2243 1295 2306 reddenda
1307 2241 1423 2306 Deme-

383 2332 482 2394 triade
498 2331 639 2414 Philippo
653 2331 743 2394 foret.
768 2330 801 2392 id
815 2351 855 2393 ne
869 2330 966 2408 lieret,
990 2330 1095 2393 omnia
1108 2341 1139 2392 ct
1155 2329 1299 2392 conanda
1320 2343 1354 2394 et
1367 2351 1422 2392 au-

384 2418 487 2480 denda
508 2415 707 2499 Magnetibus
737 2437 812 2479 esse.
863 2414 907 2479 Et
932 2416 1011 2480 inter
1041 2416 1163 2478 dicendi
1193 2418 1425 2480 contentionem

383 2503 580 2566 inconsultius
604 2515 726 2564 evectus
747 2501 888 2583 projecit,
910 2499 1012 2564 ‘Tum
1035 2522 1155 2584 quoque
1178 2503 1279 2585 specie
1296 2504 1424 2568 liberam
1538 2553 1539 2558 η

382 2586 637 2650 ‘Demetriadem
659 2606 746 2648 esse:
769 2607 801 2646 re
816 2607 887 2650 vera
908 2586 1013 2650 omnia
1026 2588 1066 2650 ad
1080 2600 1189 2651 nutum
1212 2587 1423 2666 Romanorum

380 2672 492 2736 ‘lieri'
536 2671 600 2734 Sub
624 2674 705 2734 hanc
729 2692 835 2737 vocem
861 2672 998 2736 fremitus
1023 2675 1191 2738 ⁷varientis
1215 2676 1423 2740 multitudinis
1538 2653 1539 2712 l

305 2759 308 2766 ’
379 2759 448 2837 fuit,
477 2759 589 2842 partim
612 2759 784 2837 adsensum,
814 2759 927 2842 partim
952 2759 1194 2842 indignationem
1203 2771 1223 2838 ¹,
1252 2761 1355 2824 dicere
1387 2764 1424 2826 id

378 2865 485 2908 ausum
499 2865 579 2908 eum.
622 2844 783 2916 Quinctius
797 2844 919 2926 quidem
934 2845 1012 2909 adeo
1034 2848 1147 2910 exemit
1161 2847 1213 2925 ira,
1237 2859 1281 2924 ut,
1306 2868 1425 2912 manus

378 2931 419 2993 ad
448 2931 559 2994 coelum
592 2931 731 3011 tendens,
759 2929 842 2994 Deos
871 2943 965 2996 testes
990 2932 1102 3015 ingrati
1127 2954 1163 2995 ac
1190 2933 1296 3016 perfidi
1322 2935 1421 2998 animi

377 3015 559 3100 Magnetum
573 3019 736 3081 invocaret.
780 3015 850 3080 Hac
864 3039 938 3080 voce
959 3019 1299 3102 perterritisomnibus,
1321 3017 1419 3100 zeno,

376 3124 416 3166 ex
431 3105 615 3187 principibus
630 3125 718 3182 unus,
741 3125 859 3186 rnagrroe
884 3116 950 3168 tum
972 3106 1011 3167 ob
1033 3105 1188 3186 eleganter
1206 3108 1419 3172 actam'vitsm

249 3191 253 3200 .
376 3191 579 3269 auctoritatis,
614 3202 679 3258 tum
716 3191 798 3272 quod
827 3211 947 3273 semper
976 3189 1185 3254 Romanorum
1213 3193 1297 3256 haud
1327 3194 1420 3257 dubie

358 3278 472 3358 ,partis
487 3276 596 3353 fuerat,
619 3279 658 3339 ab
679 3275 847 3348 Quinctio·
870 3275 1037 3359 legatisque
1059 3277 1126 3340 uss
1142 3277 1215 3340 aens
1230 3281 1333 3362 petiit,
1360 3281 1417 3344 ‘a

375 3363 387 3396 ‘
403 3364 490 3426 unius
506 3362 670 3428 amentiam
685 3363 803 3426 civitati
814 3363 1021 3444 adsignarent.
1044 3360 1108 3426 Suo
1119 3383 1271 3447 quemque
1282 3367 1416 3450 periculo

359 3447 508 3512 .‘furerc.
530 3448 946 3533 Magnetasnoulihertatcm
953 3448 1414 3534 modo,sedomuia‚quahomi·

407 3593 420 3629 t
435 3589 531 3637 ditmare
541 3587 601 3653 liup.
705 3599 715 3625 ²
728 3593 811 3652 partim
819 3593 987 3653 cambutam,
995 3595 1078 3654 partim
1083 3592 1252 3658 tndtgsuutm
1262 3594 1331 3644 Cras.
1340 3593 1413 3646 Doer.

358 3649 742 3716 ‚furtusrmoorsacm

405 3779 594 3860 spanagium
616 3783 659 3832 ae
674 3783 769 3848 fiaes]
795 3785 882 3852 saepe
912 3803 941 3837 a.
981 3788 1166 3838 semensas
1175 3755 1292 3840 heau.
1307 3788 1418 3840 reum

374 3854 400 3893 et
417 3847 473 3896 oltra
485 3845 595 3896 dauhtr
608 3849 711 3899 utrem.
743 3851 880 3917 Sedparum
911 3869 949 3900 mu
972 3855 977 3866 ’
1002 3855 1062 3901 disus
1079 3853 1134 3918 ficit
1159 3857 1272 3912 meatu,
1299 3853 1346 3904 boc
1373 3867 1418 3916 ert,

372 3909 477 3964 intereat.
910 3918 1054 3974 alternantia,
1069 3919 1130 3968 iuter
1140 3934 1165 3967 se
1178 3920 1349 3978 confundentis,
1363 3935 1417 3984 pe·
1531 3919 1533 3951 l

405 3977 547 4056 'lul'qrt’oatit
565 3981 723 4039 multitudluis,
740 3984 823 4045 parum
842 3998 878 4030 oa·
909 3986 949 4032 tim
973 3999 1089 4041 warner,
1119 3987 1202 4046 partim
1233 3985 1419 4051 brdigmtr'mu,

371 4049 517 4120 Μαι,
533 4049 615 4106 partiat
637 4045 810 4111 indignantium]
831 4046 878 4095 Va·
908 4049 1005 4112 quodid
1020 4049 1097 4098 dicere
1116 4059 1176 4098 anet
1192 4065 1282 4108 armus„
1305 4051 1354 4100 sed
1369 4050 1416 4098 ltu-

371 4119 407 4156 ne
416 4119 515 4168 sputa,
527 4109 594 4158 rari'u
611 4110 681 4160 utut
692 4113 791 4161 motibus
807 4124 877 4162 antu-
905 4115 945 4177 Jns
954 4111 1062 4178 loquendi
1072 4113 1154 4162 tonnae
1169 4115 1271 4172 sedecia,
1288 4131 1342 4178 qua
1351 4115 1417 4165 blan·

369 4171 440 4222 tntis·
471 4172 733 4226 Verbumcan'mdder
779 4192 877 4243 stump-
908 4179 956 4228 dita
979 4189 1016 4228 eat
1038 4179 1156 4228 Grcuorio
1171 4179 1308 4246 abrupistis
1327 4195 1416 4229 m
1530 4185 1531 4194 ¹

370 4245 423 4284 mm
433 4251 446 4284 a
457 4238 521 4318 [³23⁰
531 4239 600 4302 esql.
612 4253 629 4289 r.
640 4241 708 4289 ets.
754 4241 804 4291 tta
817 4245 877 4294 aad·
909 4245 946 4292 nia
966 4245 1061 4301 amanti,
1081 4245 1145 4300 uobis
1164 4259 1211 4294 nou
1228 4247 1261 4294 ita
1277 4245 1375 4309 placuit,
1387 4255 1417 4294 at

371 4307 429 4375 aret.
476 4305 516 4351 bre
534 4317 559 4354 et
580 4305 674 4353 Latrat.
691 4303 708 4352 1.
723 4320 748 4356 v·
778 4321 800 4355 r.
819 4308 875 4358 823.
908 4310 1024 4372 vulgatam
1045 4311 1180 4367 lectionesa,
1205 4313 1243 4359 cui
1264 4311 1327 4360 taret
1350 4311 1417 4360 vict.
1529 4319 1531 4364 l

370 4364 508 4414 munus
516 4367 605 4432 scruta
637 4368 875 4446 (imneriuaexduo-
908 4377 989 4433 mdes.
999 4391 1096 4440 quoque
1106 4376 1228 4443 simplicior
1243 4376 1423 4436 eademst,
1528 4367 1530 4436 l

370 4424 503 4504 bruMSS.
520 4432 582 4480 dedu
597 4441 680 4492 pastea
696 4449 875 4497 cummar-
905 4440 1065 4507 abjiceremus.
1528 4459 1530 4486 ³

370 4498 411 4541 tus
421 4493 873 4566 mummiunhaoduonomi·
