3110 5204
427 343 894 438 maxxxrvcaaxvm.
1141 390 1199 445 ras

144 527 294 591 iecerunt.
339 526 452 591 lterum
476 533 613 595 subacti:
641 533 771 595 sednon
793 534 901 596 eadem
915 535 1004 598 venia
1017 537 1107 599 victis
1126 538 1195 603 ruit.
1207 533 1282 607 Ussc.
1295 559 1353 609 557.

144 617 173 656 ⁶⁸
189 615 376 678 subcorona
389 616 508 678 veniere
523 637 642 696 omnes,
656 639 696 680 ne
711 620 818 702 saepius
833 639 941 702 pacem
961 621 1172 688 sollicitarent.
1205 623 1239 673 A.
1248 619 1279 672 ⁰·
1292 623 1347 674 ¹9⁵·

189 697 293 762 XVll.
315 699 443 764 Interim
467 700 501 764 P.
520 701 662 790 'Manlius
686 715 806 788 pretor,
833 707 968 769 exercitu
991 718 1093 770 vetere
1112 729 1132 770 a
1152 710 1193 781 Q.

144 786 298 865 Minucio,
320 789 368 848 cui
391 801 586 868 successerat,
609 803 749 874 accepto,
771 790 917 874 adjuncto
940 803 973 855 et
992 793 1052 876 Ap.
1073 793 1192 859 Claudii

144 871 279 936 Neronis
293 894 333 936 ex
346 874 486 936 ulteriore
502 873 654 959 Hispania
667 887 768 940 vetere
792 879 865 939 item
889 879 1034 957 exercitu,
1058 881 1090 942 in
1110 880 1191 944 'lbr-

145 959 303 1022 detaniam
328 961 537 1042 proficiscitur.
582 962 727 1024 Omnium
754 961 959 1046 Hispanorum
982 967 1116 1028 maxime
1142 968 1191 1029 in-

143 1046 241 1109 belles
255 1046 407 1109 habentur
420 1043 600 1110 Turdetani.
621 1048 691 1112 freti
706 1063 810 1112 tamen
836 1052 1031 1114 multitudine
1057 1073 1113 1115 sua
1135 1055 1193 1116 ob-

144 1133 228 1194 viam
243 1133 342 1194 ierunt
361 1133 475 1214 agrnini
497 1133 647 1197 Romano.
691 1134 793 1216 Eques
820 1137 961 1199 inmissus
986 1139 1118 1201 turbavit
1136 1161 1191 1202 ex·

144 1220 263 1302 templo
285 1219 382 1280 aciem
405 1239 519 1281 eorum.
543 1222 681 1302 pedestre
703 1222 845 1302 proelium
867 1223 978 1285 nullius
1004 1223 1099 1287 ferme
1124 1245 1191 1289 cer·
1204 1239 1231 1289 P.
1246 1239 1348 1293 Manlius

144 1305 271 1367 taminis
292 1304 360 1366 fuit.
383 1306 495 1367 milites
517 1319 644 1384 veteres,
667 1307 756 1389 periti
785 1309 918 1370 hostium
943 1309 1084 1390 bellique,
1110 1305 1350 1384 ,manaem

143 1390 270 1453 dubiam
285 1411 419 1474 pugnam
439 1390 587 1456 fecerunt.
631 1389 698 1454 Nec
718 1403 822 1454 temen
837 1414 875 1455 ea
888 1415 992 1476 pugna
1006 1395 1196 1462 debellatum
1204 1381 1283 1422 mm·

144 1487 204 1539 est
226 1479 330 1540 decem
353 1477 448 1540 millia
470 1476 655 1541 Celtiberam
683 1479 824 1540 mercede
849 1476 977 1542 'Pardali
1005 1483 1192 1564 conducunt,

142 1563 310 1648 alienisque
337 1564 427 1625 armis
457 1566 607 1646 parabant
632 1564 755 1627 bellum.
799 1562 914 1626 Consul
938 1567 1071 1645 interim,
1091 1569 1191 1631 rebel-

142 1649 227 1712 lione
256 1649 504 1731 Bergistanorum
533 1652 622 1729 ictns,
648 1661 766 1714 ceteras
793 1669 913 1732 quoque
938 1652 1076 1714 civitates
1106 1665 1190 1716 ratus

140 1756 203 1818 per
233 1737 422 1798 occasionem
451 1738 533 1800 idem
556 1737 698 1815 lactinae,
721 1757 807 1799 arma
828 1738 968 1799 omnibus
998 1740 1041 1800 cis
1068 1737 1189 1806 Iberum
1202 1752 1262 1802 ciro
1276 1767 1341 1806 ern.

142 1819 292 1905 Hispanis
317 1822 443 1885 ademit.
467 1843 558 1904 quam
573 1844 637 1884 rem
653 1824 729 1886 adeo
744 1843 823 1905 agre
837 1825 930 1906 passi,
952 1835 987 1887 ut
1001 1825 1089 1887 multi
1104 1848 1188 1890 mor·
1201 1829 1250 1896 ΕΜ
1261 1835 1342 1869 ‘'¹²¹³“

140 1917 208 1969 tem
223 1909 345 1971 sibimet
357 1909 438 1990 ipsi·
454 1911 695 1988 consciscerent:
721 1909 808 1972 ferox
831 1929 937 1991 genus,
959 1910 1074 1972 nullam
1093 1913 1188 1976 vitam
1201 1883 1336 2015 w

140 1993 204 2055 rati
233 1996 297 2056 sine
323 1994 414 2056 armis
445 2016 520 2057 esse.
564 1994 655 2065 Quod
679 1996 731 2056 ubi
755 1996 871 2058 consuli
898 1997 1108 2060 renunciatum
1130 2010 1189 2079 est,
1320 1981 1328 1998 ⁸

140 2091 298 2144 senatores
313 2082 450 2143 omnium
470 2082 639 2144 civitatium
663 2082 703 2143 ad
725 2101 758 2142 se
778 2082 880 2143 vocari
898 2080 1003 2163 j‘ussit,
1027 2095 1119 2164 atque
1141 2085 1189 2164 iis,

140 2163 241 2228 ‘Non
262 2165 387 2245 nostra?
409 2168 520 2248 inquit,
537 2167 553 2206 ·‘
568 2169 676 2250 magis,
692 2187 784 2248 quam
800 2179 909 2243 vestra,
932 2167 1034 2246 refert,
1056 2191 1109 2231 vos
1125 2191 1200 2233 non.

140 2252 336 2316 ‘rebellaret
357 2250 519 2333 'siquidem
541 2253 575 2314 id
603 2251 718 2334 majore
741 2251 948 2335 Hispanorum
970 2255 1063 2333 malo,
1095 2276 1187 2337 quam

139 2338 321 2402 ‘exercitus
343 2338 475 2400 Romani
498 2338 612 2417 labore,
634 2359 753 2421 semper
781 2339 881 2401 adhuc
903 2339 1018 2402 factum
1050 2351 1107 2403 est
1150 2341 1189 2406 ld

139 2425 201 2485 ‘ut
224 2426 351 2503 nebat,
379 2444 442 2486 uno
472 2425 567 2485 modo
600 2425 730 2488 arbitror
761 2425 860 2487 caveri
882 2445 982 2506 posse,
1005 2427 1031 2466 ⁸⁴
1046 2429 1073 2488 si
1095 2421 1189 2490 effee-

134 2511 150 2544 ⁴
165 2521 233 2572 tum
256 2511 323 2588 erit,
346 2530 385 2571 ne
407 2511 528 2593 possitis
550 2511 705 2572 rebellare.
741 2507 822 2572 Volo
841 2509 872 2572 id
895 2530 987 2591 quam
1009 2506 1189 2576 mollissima

139 2597 217 2658 ‘ria
239 2595 393 2679 consequi.
425 2616 476 2658 vos
499 2615 618 2678 quoque
640 2597 672 2657 in
695 2615 787 2658 aare
809 2595 938 2657 consilio
959 2616 1009 2658 me
1036 2597 1188 2678 adjuvate.

133 2684 150 2718 ⁴
166 2683 283 2744 nullum
306 2682 447 2743 libentius
477 2701 596 2763 sequar,
627 2702 719 2762 quam
743 2682 827 2762 quod
848 2693 966 2744 vosmet
989 2683 1046 2764 ipsi
1067 2685 1187 2748 adtule-

133 2769 151 2802 ⁴
164 2767 252 2830 ritis.’
296 2767 483 2830 Tacentibus
513 2769 644 2850 spatium
677 2788 709 2829 se
741 2768 780 2828 ad
812 2768 1039 2831 deliberandum
1071 2771 1188 2834 dierum

140 2874 308 2938 pancorum
331 2853 402 2916 dare
426 2854 514 2916 dixit.
536 2875 628 2936 quum
649 2855 782 2916 revocati
813 2854 946 2916 secundo
970 2873 1089 2938 quoque
1111 2877 1187 2919 con·

140 2941 214 3004 cilio
235 2941 414 3018 tacuissent,
437 2942 536 3002 ‘iuno
566 2941 616 3003 die
640 2942 734 3002 muris
761 2941 896 3002 omnium
918 2941 1035 3019 dirutis,
1062 2942 1101 3004 ad
1122 2964 1185 3022 eos,
1198 2953 1331 3009 Dianeu-

141 3028 194 3109 qui
219 3027 353 3089 nondum
374 3027 533 3109 parebant,
557 3025 721 3109 proiectus,
744 3037 779 3088 ut
801 3026 832 3087 in
854 3045 1005 3107 quamque
1028 3029 1185 3108 regionem
1197 3036 1250 3074 ΝΜ
1261 3038 1346 3078 W·

139 3123 276 3191 venerat,
297 3133 414 3190 omnes,
436 3114 488 3192 qui
511 3114 594 3174 circa
607 3113 792 3189 incolebant,
807 3114 934 3194 populos
949 3113 981 3173 in
996 3109 1185 3179 deditionem

140 3200 271 3282 accepit.
307 3197 495 3280 Segesticam
512 3210 643 3276 tantum,
666 3219 789 3280 gravem
810 3209 902 3280 atque
917 3199 1095 3280 opulentam
1110 3201 1184 3266 civi·
1241 3211 1243 3218 ’

139 3295 252 3360 tatem,
267 3288 293 3326 ‘⁶
305 3285 399 3346 vineis
414 3293 447 3346 et
460 3285 570 3367 pluteis
586 3286 679 3367 cepit.

184 3367 301 3432 XVlll.
323 3369 368 3431 lio
382 3369 531 3452 majorem
554 3371 688 3432 habebat
714 3369 923 3432 difficultatem
939 3370 982 3432 'in
1009 3373 1184 3456 subigendis

136 3457 291 3536 hostibus,
314 3477 405 3538 quam
428 3457 479 3538 qni
502 3456 592 3539 primi
625 3459 790 3519 veneruntt
816 3457 846 3517 in
871 3453 1054 3539 Hispaniam
1065 3481 1076 3537 3
1100 3463 1190 3543 quod

139 3542 181 3604 ad
195 3543 263 3604 illos
280 3543 370 3604 taedio
385 3543 505 3624 imperii
521 3541 821 3623 Karthaginiensium
836 3541 966 3626 Hispani
983 3544 1182 3626 deficiebant3

138 3629 210 3691 huic
233 3651 272 3692 ex
293 3640 443 3712 usurpata·
460 3629 602 3692 libertate
625 3631 650 3676 ⁸⁷
663 3629 695 3689 in
721 3629 896 3691 servitutem
915 3631 999 3693 velut
1024 3633 1184 3698 adserendi

267 3737 416 3798 *ribmqsir
423 3734 496 3787 Gron.
507 3737 575 3786 Creu.
708 3753 711 3758 ’
859 3735 979 3787 iirriserant
990 3737 1057 3789 lied.

171 3829 194 3867 θ
205 3827 221 3859 ¹
232 3827 373 3891 Scirorum]
392 3827 446 3876 Virl.
457 3840 508 3878 nor.
521 3829 560 3878 98.
571 3829 600 3877 ad
617 3843 646 3880 ιι.
679 3844 750 3893 quum
761 3829 875 3877 nescirent
893 3828 1002 3893 cujusque
1013 3828 1088 3896 oppidi
1100 3829 1183 3891 magis·

135 3893 179 3944 17.
204 3935 207 3944 ,
678 3906 759 3952 trrtru,
776 3909 805 3942 aa
824 3895 906 3943 ceteris
922 3893 1029 3943 omnibns
1046 3895 1107 3941 idern
1118 3909 1184 3943 man·

169 3956 230 4007 ⁶⁴³2·
247 3956 348 4022 effectam
372 3959 424 4018 erit,
451 3975 480 4008 ns
493 3959 586 4020 *ponitis
610 3974 647 4006 re·
678 3960 757 4008 datum
773 3969 842 4015 enci,
858 3973 902 4008 net
919 3970 1010 4022 tempus
1025 3958 1138 4007 baberent
1154 3961 1183 4008 ad

136 4021 229 4085 bellare]
249 4023 393 4074 Postremum
403 4025 497 4072 verbum
514 4039 561 4071 aon
580 4023 646 4081 Livii,
675 4025 850 4074 consultandum
860 4022 884 4070 in
895 4038 1016 4072 commune
1027 4038 1079 4072 coar
1090 4022 1184 4086 reliquis

136 4087 177 4135 scd
196 4103 225 4136 er
241 4091 344 4151 margine
362 4103 412 4139 esse
429 4089 513 4138 merito
532 4087 646 4138 existimat
675 4090 773 4154 populis,
786 4101 918 4152 perueniat.
951 4089 989 4136 Sic
1006 4087 1183 4151 iereAppianus

138 4151 278 4202 Gronovius.
675 4155 733 4202 libro
743 4165 952 4218 supramemorato.

168 4219 189 4254 ⁸⁸
202 4216 252 4266 Urso
272 4220 308 4266 die
334 4222 404 4268 mitris
428 4221 524 4268 masicen
550 4216 643 4279 dirutis]
708 4216 757 4252 ω·
773 4219 876 4267 Viaeiset
890 4216 982 4281 pluteis]
1004 4215 1057 4266 vit.
1074 4227 1124 4268 not.
1141 4217 1182 4269 72.

134 4277 228 4345 Nempe
246 4283 336 4332 lirrem
358 4299 406 4333 uno
426 4284 462 4332 dis
483 4285 511 4332 ed
539 4284 642 4332 civitates
673 4284 770 4332 cdxxi.
784 4283 824 4332 61.
902 4307 903 4312 κ

133 4359 216 4396 mer
226 4348 324 4412 perferri
339 4351 435 4406 meavit,
452 4349 534 4411 quibus
551 4349 641 4396 diruere
710 4345 733 4383 ω
752 4345 782 4396 ln
820 4348 946 4394 mseras
982 4348 1041 4396 velet
1073 4351 1181 4398 censendi

131 4411 344 4476 maniplares
352 4414 550 4478 ruorjuberentur.
571 4413 654 4473 igitur·
674 4409 747 4472 narrt]
779 4410 889 4459 Asserere
906 4411 990 4460 dicitur
1005 4413 1029 4460 in
1046 4413 1180 4463 servitutem

132 4475 235 4540 fistula
262 4479 381 4544 improviso
408 4481 503 4544 imperio
536 4477 643 4542 Hispani,
675 4477 780 4542 irqoiic
794 4477 961 4544 Jurepostulrr
977 4477 1050 4528 addici
1064 4478 1108 4530 tibi
1126 4489 1193 4530 tau..
