3080 5196
430 324 509 386 ΗΒ.
522 325 680 386 xxxvii.
701 327 876 389 CARXVI.
1111 338 1169 394 ast

135 477 216 543 ‘nus
231 489 298 542 tota
311 479 405 548 classe
420 495 541 566 portum
555 484 727 546 obsessuri?
744 481 815 545 Sive
830 484 911 546 enirn
925 485 1101 566 abscedant,
1122 488 1171 550 cui
1185 497 1217 548 u.
1226 495 1258 548 ο.
1267 497 1327 548 ⁵⁶2

134 563 282 628 ‘dubium
299 589 374 645 esse,
390 569 464 650 quin
475 569 579 632 hostes
594 571 757 632 extracturi
773 570 925 634 demersas
940 572 1036 634 moles
1051 575 1123 651 sint,
1139 587 1171 638 et
1183 563 1213 614 ⁵·
1224 563 1253 612 ⁶·
1265 561 1322 612 ¹³⁰·

134 651 276 714 ‘minore
292 654 469 716 molimento
491 657 624 738 aperturi
640 668 773 738 portum,
789 677 878 738 quam
894 659 1066 722 obstruatur
1079 660 1089 720 l
1116 659 1171 722 Sin

118 737 146 818 ‚‘
161 751 263 800 autem
278 739 461 802 manendum
477 741 519 802 ibi
534 742 732 804 nibilominus
746 744 797 821 sit,
819 743 892 824 quid
908 744 1055 823 adtinere,
1070 746 1170 808 claudi

133 825 144 856 ‘
159 827 301 906 portum?
325 825 406 897 Quin
421 839 538 904 contra,
556 827 636 906 illos,
651 830 803 892 tutissimo
818 841 918 911 portu,
943 831 1172 913 opulentissima

134 910 232 971 ‘urbe
247 910 389 990 fruentes,
403 915 508 976 omnia
521 913 596 976 Asia
610 915 773 998 praebente,
787 915 891 997 quieta
913 918 1014 979 aestiva
1029 931 1169 980 acturos:

131 997 142 1029 ‘
157 995 324 1076 Romanos,
334 1011 440 1082 aperto
450 1002 482 1062 in
494 1001 569 1062 mari
579 1000 1015 1084 fluctibustempestatibusque
1025 1004 1172 1086 objectos,

131 1083 142 1115 ‘
157 1084 293 1145 omnium
307 1085 423 1168 inopes,
438 1087 470 1148 in
486 1087 747 1150 assiduastatione
762 1088 897 1150 hrturos:
914 1089 994 1172 ipsos
1008 1092 1104 1172 magis
1116 1092 1172 1153 ad·

135 1170 145 1202 ‘
160 1170 269 1252 ligatos
286 1171 509 1254 inpeditosque,
524 1194 563 1234 ne
584 1173 657 1256 quid
672 1195 788 1251 eorum,
803 1194 867 1254 quse
882 1176 1002 1256 agenda
1015 1179 1087 1255 sint,
1102 1199 1173 1260 pos·

134 1256 145 1287 ‘
159 1257 220 1317 sint
235 1277 335 1338 agere,
351 1279 442 1340 quam
453 1271 488 1322 ut
502 1260 605 1322 hostes
617 1261 733 1322 clausos
746 1259 898 1322 habeant!
920 1259 1085 1341 Eudamus,
1098 1285 1173 1345 prae·

134 1342 231 1405 lectus
246 1344 373 1406 Rhodiae
389 1345 503 1424 classis,
518 1347 615 1428 magis
639 1367 707 1407 eam
730 1347 786 1406 sibi
812 1345 971 1427 displicere
990 1351 1173 1411 sententiam

132 1429 277 1507 ostendit,
293 1451 385 1512 quarn
401 1431 478 1513 ipse,
501 1433 575 1512 quid
599 1441 737 1493 censeret
760 1431 944 1510 laciendum,
971 1433 1059 1496 dixit.
1096 1434 1172 1518 Epi·

134 1527 232 1577 crates
246 1515 396 1595 Rhodius,
412 1519 422 1550 ‘
436 1517 558 1579 Omissa
569 1517 600 1579 in
611 1518 770 1600 prasentia
779 1516 914 1600 Epheso,
925 1518 1106 1582 mittendam
1116 1542 1172 1582 na-

134 1602 146 1634 ‘
159 1601 239 1682 vium
249 1613 367 1686 partem
377 1604 409 1664 in
418 1602 565 1688 Lyciam,'
577 1604 707 1682 censuit,
722 1604 731 1636 ‘
744 1615 776 1666 et
788 1602 908 1678 Patara,
920 1616 1010 1687 caput
1019 1607 1129 1686 gentis,
1140 1605 1172 1668 in

133 1682 339 1770 ‘fsocietatem
355 1689 558 1772 adjungenda
576 1691 606 1752 in
622 1689 697 1752 duas
713 1711 759 1752 res
775 1711 901 1771 magnas
916 1691 947 1752 id
961 1693 1027 1753 runi
1042 1691 1122 1754 lore:
1140 1705 1173 1754 et

135 1773 309 1854 ‘Rhodios,
334 1777 450 1860 pacatis
474 1788 583 1839 contra
605 1776 735 1838 insulam
755 1797 842 1838 seram
857 1777 955 1856 terris,
972 1779 1046 1839 totis
1060 1778 1173 1841 viribus

133 1861 332 1926 ‘incumbere
358 1862 389 1924 in
412 1863 501 1925 unius
530 1863 614 1941 belli,
634 1863 718 1944 quod
747 1863 888 1924 adversus
909 1864 1096 1926 Antiochum
1123 1865 1173 1941 sit,

132 1947 144 1980 ‘
159 1967 262 2009 curam
277 1968 387 2029 posse:
405 1960 437 2009 et
450 1969 518 2010 earn
533 1949 671 2027 classem,
687 1969 752 2030 quae
775 1949 806 2009 in
828 1946 855 2010 L
874 1949 923 2010 cia
937 1961 1174 2032 compararetur,

133 2034 332 2113 ‘intercludi,
341 2055 381 2096 nc
392 2033 584 2118 Polyxenidae
593 2032 813 2116 conjungatur!
937 2035 1070 2098 maxime
1079 2036 1175 2096 movit

134 2121 296 2182 sententia.
326 2121 440 2203 placuit
471 2131 586 2199 tamen,
620 2119 774 2202 Regillum
804 2129 872 2184 tota
900 2121 995 2184 classe
1024 2122 1108 2184 evehi
1136 2121 1174 2184 ad

128 2219 255 2290 portum
271 2205 395 2290 Ephesi,
412 2207 451 2268 ad
466 2205 659 2270 inferendum
675 2207 811 2269 hostibus
826 2217 982 2270 terrorem.
1256 2211 1258 2214 ’

175 2291 237 2354 XV
239 2291 263 2354 1.
286 2291 323 2354 C.
353 2290 456 2354 Livius
480 2313 549 2354 cum
579 2293 696 2355 duabus
726 2294 990 2374 quinqueremibus
1017 2293 1174 2372 Romalis,
1187 2309 1335 2362 tharsis

130 2390 166 2440 et
181 2391 312 2460 quatuor
327 2378 568 2460 quadriremibus
583 2377 721 2458 Rhodiis,
746 2389 778 2440 et
803 2379 919 2442 duabus
943 2381 1055 2462 apertis
1071 2377 1174 2461 Smyr·
1189 2377 1280 2456 attusia
1292 2374 1342 2439 ¹⁴7·

129 2466 218 2542 naeis,
234 2466 264 2526 in
281 2463 404 2548 Lyciam
426 2478 473 2528 est
499 2466 618 2544 missus,
644 2464 787 2528 Rhodum
805 2466 888 2550 prius
909 2465 1009 2549 jussus
1025 2466 1118 2544 adire,
1143 2477 1175 2530 et
1188 2457 1253 2494 ⁶¹⁸²*

129 2551 239 2613 omnia
258 2571 327 2612 cum
353 2551 389 2612 iis
409 2552 632 2614 communicare.
656 2551 793 2614 consilia.
837 2549 995 2630 Civitates,
1011 2572 1084 2634 quas
1099 2573 1174 2633 prae·
1282 2560 1286 2587 ¹

130 2648 285 2699 tervectus
319 2645 382 2714 est,
406 2636 541 2714 Miletus,
580 2635 745 2722 Myndus,.
764 2635 1005 2716 Halicarnassus,
1046 2637 1174 2720 Cnidus,

130 2721 227 2798 Cous,
254 2723 402 2805 imperata
435 2724 518 2784 enisa
552 2723 700 2786 lecerunt.
749 2721 893 2786 Rhodum
915 2737 950 2786 ut
972 2735 1019 2786 est
1039 2737 1175 2805 ventum,

130 2809 223 2870 simul
239 2803 281 2887 et,
297 2808 443 2892 adquam
459 2831 522 2870 rem
539 2810 648 2873 missus
664 2819 755 2888 esset,
778 2811 815 2870 iis
831 2812 983 2893 exposuit,
1007 2823 1040 2874 et
1063 2833 1173 2874 consu·

128 2895 190 2956 lnit
204 2917 265 2958 eos.
310 2894 557 2978 Adprobantibus
573 2896 700 2974 cunctis,
716 2907 749 2958 et
764 2896 803 2956 ad
815 2917 894 2975 eam,
919 2918 1011 2978 quarn
1032 2897 1174 2976 babebat,

130 2982 260 3043 classem
298 2981 444 3044 adsumtis
482 2983 578 3044 tribus
615 2982 864 3063 quadriremibus,
902 2985 1025 3065 navigat
1055 2982 1176 3046 Patara.

128 3065 235 3130 Primo
257 3068 405 3130 secundus
425 3085 533 3130 ventus
559 3068 597 3129 ad
624 3067 721 3150 ipsam
747 3069 851 3129 urbem
871 3067 987 3130 ferebat
1009 3090 1081 3145 eos3
1106 3091 1174 3152 spe·

130 3155 312 3236 rabantque,
327 3154 426 3216 subito
441 3165 555 3217 terrore
567 3151 681 3234 aliquid
697 3166 843 3216 moturos.
856 3166 1029 3237 postquam,
1045 3155 1175 3216 circum·

128 3252 245 3322 agente
269 3262 301 3302 se
324 3251 427 3318 vento,
455 3240 593 3302 fluctibus
620 3239 727 3301 dubiis
743 3239 821 3301 volvi
847 3251 980 3323 coeptum
1005 3253 1052 3302 est
1080 3261 1175 3320 mare,

126 3328 324 3410 pervicerunt
350 3326 472 3407 quidem
499 3327 599 3405 remis,
626 3337 661 3388 ut
690 3336 826 3387 tenerent
848 3337 979 3388 terram:
1002 3327 1056 3388 sed
1076 3347 1176 3408 neque

127 3413 217 3475 circa
230 3415 335 3476 urbem
352 3425 420 3476 tuta
434 3413 528 3475 statio
543 3423 619 3492 erat,
634 3433 691 3475 nec
705 3423 777 3474 ante
794 3413 927 3474 hostium
942 3423 1047 3495 portus
1063 3414 1094 3475 in
1110 3413 1175 3476 salo

129 3511 217 3562 stare
243 3510 395 3583 poterant,
421 3519 527 3582 aspero
553 3499 639 3577 mari,
661 3511 693 3562 et
715 3509 805 3560 nocte
829 3499 1005 3562 inminente.
1049 3499 1173 3563 Praeter-

126 3586 213 3648 vecti
239 3587 355 3648 moenia
377 3598 498 3668 portum
523 3589 549 3625 ⁴⁹
561 3583 772 3663 Phoenicunta,
803 3586 901 3648 minus
926 3587 1019 3648 duum
1045 3586 1174 3649 millium

107 3669 113 3676 ’
128 3673 236 3755 spatio
251 3673 321 3734 inde
337 3673 512 3751 distantem,
531 3673 655 3754 petiere,
679 3672 804 3734 navibus
829 3673 891 3733 aba
915 3673 1067 3734 maritima
1080 3674 1108 3733 vi
1125 3685 1173 3734 tu·

126 3771 220 3821 tum:
256 3759 309 3821 sed
340 3759 408 3820 altae
438 3779 527 3842 rupes
556 3759 679 3840 insuper
702 3759 902 3834 inminebant,
931 3780 1005 3841 quas
1035 3759 1176 3821 celeriter

127 3846 292 3928 oppidani,
318 3845 467 3908 adsumtis
492 3846 581 3928 regiis
607 3845 764 3924 militibus,
779 3865 855 3929 quos
873 3845 905 3907 in
919 3845 1059 3928 presidio
1079 3845 1175 3907 habe-

125 3933 219 4011 bant,
245 3943 399 4014 ceperunt.
423 3933 564 3996 adversus
588 3953 664 4014 quos
684 3931 797 4010 usus,
811 3951 994 4014 quamquam
1014 3943 1102 3994 erant
1115 3930 1175 3992 iui-

125 4039 196 4099 qua
220 4039 256 4080 ac
273 4019 407 4080 difficilia
428 4019 468 4080 ad
489 4020 588 4081 exitus
604 4019 681 4097 loca,
705 4017 809 4081 lssscos
831 4019 991 4081 suxihares
1014 4029 1046 4080 et
1068 4015 1173 4100 Smyr·

540 4117 742 4168 enumero.

163 4189 357 4262 matrim}
374 4199 475 4250 Λιὼεε
492 4199 562 4250 editio
580 4198 638 4248 Pte·
671 4198 743 4248 tbm
764 4211 825 4250 terra
844 4199 937 4264 positas,
956 4199 1022 4260 losrge
1046 4199 1076 4247 sb
1097 4197 1175 4263 Lycia

124 4263 222 4312 astron.-
248 4263 383 4314 'lbusnsaus
404 4267 486 4326 codex,
507 4277 567 4314 teste
587 4265 637 4315 tre.
671 4265 757 4322 crude
769 4263 952 4327 qarbicagitut.
985 4264 1175 4328 legitergolac.

122 4327 260 4388 Gamla,
279 4329 409 4381 Panium.
441 4331 501 4380 Sanc
513 4330 638 4380 Pbrenicus
673 4331 802 4380 Gamla
813 4329 925 4387 Phellon,
942 4329 1023 4379 urbem
1039 4341 1065 4378 ct
1083 4343 1174 4394 porrum

117 4405 217 4460 pom
236 4396 265 4442 de
287 4411 333 4458 quc
354 4396 440 4445 macto
461 4397 487 4445 fir
507 4395 525 4445 1.
540 4409 637 4446 xxxvi.
667 4396 792 4458 ambage
808 4395 1061 4460 emesenae-ura,
1079 4395 1179 4447 turim

118 4470 243 4520 extremo,
258 4459 315 4508 nihil
338 4461 387 4512 buc
405 4462 514 4527 putica,
529 4461 554 4510 in
573 4461 635 4528 Ery·
667 4461 766 4528 scytae·
777 4461 932 4513 usn-tm.

715 4548 771 4596 112
