3068 5186
383 348 447 430 aaa
815 341 1019 406 murmur

222 517 362 570 masaa
390 501 574 585 acciperent,
586 511 618 564 et
628 501 667 564 ab
677 500 784 564 eadem
796 501 937 585 superbia
945 521 1006 564 non
1015 501 1318 588 renireadcaussam
1328 497 1428 562 diaeu-

224 585 255 644 Α·
265 581 295 638 c·
309 585 361 641 ¹³7·
390 587 461 650 dam
473 599 646 670 arguerent,
662 607 723 668 qua
732 585 883 669 judicium
898 601 930 651 et
945 589 1082 651 tribunos
1096 588 1193 673 plebis
1204 599 1238 650 et
1252 585 1429 648 concionem

389 674 578 756 reliquisset3
605 686 648 751 et,
672 674 779 755 quibus
799 673 850 756 jus
865 674 903 736 de
926 695 959 736 se
974 675 1108 737 dicenda
1122 673 1282 736 sententiae
1297 683 1331 734 et
1344 671 1431 734 liber-

389 771 486 824 tatem
511 760 684 838 ademisset,
699 760 746 822 his
762 761 935 840 comitatus,
949 761 1034 824 velut
1048 772 1155 846 captos
1169 761 1308 838 trahens,
1328 758 1432 820 trium·

389 848 486 931 phum
502 847 540 908 de
554 847 669 930 populo
685 844 825 910 Romano
840 849 961 929 egisset,
986 849 1248 928 secessionemque
1274 866 1314 907 eo
1339 843 1390 904 die
1402 843 1432 905 'm
1522 906 1524 917 ,

390 933 577 1016 Capitolium
592 954 612 993 a
624 933 753 995 tribunis
769 934 865 1017 plebis
880 933 1019 996 fecisset:
1046 934 1056 968 ‘
1072 932 1203 996 Habetis
1217 953 1293 1014 ergo
1309 929 1434 994 temeri·

389 1021 401 1054 ‘
417 1019 490 1081 tatis
505 1019 584 1080 illius
599 1020 782 1081 mercedem.
797 1040 858 1100 quo
870 1020 946 1100 duce
961 1032 992 1083 et
1001 1032 1125 1084 auctore
1134 1041 1191 1082 nos
1205 1017 1387 1099 reliquistis,
1397 1016 1434 1078 ab

388 1105 402 1140 ‘
415 1127 453 1167 eo
462 1106 520 1189 ipsi
532 1106 629 1168 relicti
638 1106 721 1168 estis.
737 1117 898 1168 attentum
910 1107 1079 1169 animorum
1091 1107 1122 1168 in
1134 1106 1198 1168 dies
1210 1106 1300 1168 nobis
1313 1103 1434 1166 decres-

384 1192 402 1227 *
416 1192 470 1270 cit,
486 1203 530 1270 ut,
543 1192 582 1254 ad
597 1212 688 1274 quem
711 1195 736 1232 ⁰¹
750 1205 822 1255 ante
838 1192 957 1254 :trinosl
972 1193 1201 1276 septemdecim,
1216 1191 1390 1253 exercitum
1404 1199 1434 1251 et

390 1278 403 1312 ‘
416 1278 544 1340 classem
553 1279 727 1358 habentem,
739 1279 875 1341 tribunos
885 1279 981 1361 plebis
990 1279 1168 1361 aedilemque
1177 1278 1301 1340 mittere
1311 1277 1346 1338 in
1356 1273 1434 1338 Siei-

391 1363 403 1399 ‘
417 1364 508 1426 liam‘
523 1366 587 1450 ausi
600 1385 713 1444 sumus,
723 1364 774 1449 qui
783 1365 1006 1448 prehenderent
1017 1387 1098 1444 eum,
1111 1378 1145 1427 et
1159 1365 1292 1427 Romam
1307 1362 1435 1424 reduce-

391 1451 405 1486 ‘
419 1462 497 1529 rent,
507 1450 546 1512 ad
559 1471 627 1513 eum
640 1452 789 1533 privatum
798 1472 837 1514 ex
846 1451 920 1513 villa
929 1473 984 1513 sua
994 1451 1226 1529 extrahendum,
1241 1451 1283 1512 ad
1294 1468 1435 1512 caussam

392 1537 404 1572 ‘
418 1537 589 1616 dicendam,
601 1539 723 1600 mittere
733 1558 795 1600 non
813 1539 976 1600 audeamus
989 1537 1012 1600 l’
1026 1537 1155 1601 Tribuni
1163 1538 1274 1621 plebis,
1289 1534 1435 1618 adpellati

392 1622 432 1684 ab
447 1621 484 1684 L.
497 1619 650 1706 Scipione,
662 1624 706 1685 ita
715 1624 922 1702 decreverunt,
937 1621 990 1685 ‘Si
1004 1625 1101 1686 morbi
1112 1645 1220 1686 caussa
1228 1635 1434 1698 excusaretur,

392 1709 404 1744 ‘
417 1709 473 1770 eibi
489 1709 618 1791 placere,
627 1709 726 1792 accipi
736 1731 804 1772 eam
816 1731 965 1789 caussam,
974 1711 1114 1792 diemque
1126 1733 1144 1773 a
1155 1710 1281 1792 collegis
1293 1705 1435 1792 prodici.¹

390 1790 542 1857 Tribunus
552 1796 648 1878 plebis
661 1817 699 1858 eo
710 1807 846 1878 tempore
856 1793 907 1859 Ti.
916 1794 1113 1879 Sempronius
1124 1794 1284 1858 Gracchus
1296 1806 1375 1872 erat,
1387 1795 1433 1856 cui

392 1880 559 1944 inimicitia
573 1903 642 1944 cum
658 1880 692 1944 P.
709 1880 856 1966 Scipione·
873 1883 1112 1946 intercedebant.
1130 1885 1167 1961 is,
1181 1903 1276 1967 quum
1290 1882 1437 1946 vetuisset

391 1987 505 2030 nomen
519 1989 606 2032 suurn
616 1969 738 2031 decreto
750 1969 933 2051 collegarum
943 1970 1083 2048 adscribi,
1095 1969 1321 2050 tristioremque
1329 1988 1434 2030 omnes

149 2131 152 2136 Ι
227 2057 380 2139 caedite·
392 2055 575 2118 sententiam
585 2066 807 2139 exspectarent,
817 2056 862 2118 ita
871 2055 1019 2120 decrevit:
1031 2056 1042 2089 ‘
1054 2055 1155 2126 Quum
1168 2054 1202 2118 h.
1217 2052 1324 2136 Scipio
1338 2075 1434 2116 excu-

227 2137 351 2202 Wm
392 2141 464 2203 ‘sat
475 2143 612 2204 morbum
623 2141 935 2220 essecaussae¹lratri,
946 2143 1021 2205 satis
1031 2142 1064 2203 id
1075 2143 1132 2204 sibi
1141 2142 1250 2204 videri.
1277 2138 1434 2202 seusei-

226 2201 344 2321 ffiss,
392 2227 403 2261 ‘
417 2229 551 2311 pionem,
560 2229 735 2311 priusquam
747 2227 878 2291 Romam
889 2228 1026 2308 redisset,
1046 2229 1180 2290 accusem
1191 2249 1254 2290 nou
1265 2246 1437 2311 passunun.

392 2314 483 2377 ‘turn
507 2335 637 2398 quoque,
660 2314 685 2376 si
701 2336 734 2376 se
749 2315 893 2398 adpellet,
909 2315 1021 2377 auxilio
1037 2316 1065 2376 ei
1080 2315 1225 2395 futurum,
1240 2335 1281 2376 ne
1297 2333 1435 2376 caussam

391 2400 509 2463 ‘dicat
541 2401 593 2464 Ad
607 2401 808 2482 idssfastigium
833 2401 921 2462 rebus
943 2402 1047 2482 gestis,
1065 2401 1228 2463 honoribus
1249 2402 1356 2484 populi
1373 2398 1437 2462 Ro-

342 2495 348 2506 “
370 2529 375 2541 .
391 2488 403 2521 ‘
418 2485 1437 2570 mani,P.ScipionemDeorumhominumqueconsensupervenisse,

382 2571 403 2605 '‘
417 2585 452 2635 ut
466 2574 521 2635 sub
536 2571 653 2634 Rostris
674 2594 759 2635 reum
781 2583 873 2652 stare,
894 2585 925 2636 et
942 2575 1073 2656 praebere
1094 2595 1178 2637 aures
1192 2573 1437 2637 adolescentium

392 2657 405 2692 ⁴
420 2659 574 2738 conviciis,
587 2659 699 2741 populo
709 2657 857 2721 'Romano
867 2661 963 2742 magis
975 2661 1122 2741 delonne,
1137 2681 1224 2743 quarn
1238 2662 1305 2742 ipsi,
1321 2660 1374 2722 eit.

434 2741 517 2806 Llll.
530 2743 687 2827 ”Adjecit
699 2745 823 2807 decreto
834 2747 1091 2828 indignationem:
1102 2749 1112 2780 ‘
1122 2745 1311 2830 Subpedibus
1319 2745 1432 2808 vestris

391 2830 404 2866 ‘
417 2831 523 2909 stabit,
531 2830 656 2909 tribuni,
667 2831 800 2894 domitor
814 2831 865 2895 ille
874 2832 994 2912 Africa,
1006 2832 1133 2916 Scipio?
1151 2833 1215 2895 ideo
1229 2844 1359 2915 quatuor
1368 2853 1431 2894 no-

391 2917 403 2954 ‘
416 2917 578 2980 bilissimas
587 2915 846 2980 ducesPoenorum
858 2919 890 2981 in
899 2917 1344 3002 Hispaniaquatuorexercitue
1352 2918 1436 2980 ludit

391 3005 403 3038 ‘
418 3003 611 3086 fugavitque:
627 3004 697 3067 ideo
706 3001 878 3088 Syphacem
891 3006 984 3087 cepit,
996 3004 1200 3068 Hannibalem
1215 3005 1338 3084 devicit,
1353 3003 1435 3066 Kar·

378 3090 404 3162 „‘
418 3091 575 3173 thaginem
589 3091 767 3173 vectigalem
783 3092 868 3154 nobis
884 3092 968 3171 lecit,
990 3091 1176 3156 Antiochum
1202 3091 1332 3175 (recepit
1351 3091 1434 3153 euim

391 3175 544 3240 ‘fratrem
559 3187 731 3239 consortem
746 3175 834 3258 hujus
848 3179 951 3260 gloriae
966 3177 1001 3240 L.
1016 3177 1132 3262 Scipio)
1150 3180 1229 3240 ultra
1247 3176 1343 3240 Tauri
1359 3176 1435 3260 juga

390 3263 402 3296 ‘
418 3265 539 3344 emovit,
554 3274 589 3325 ut
604 3263 720 3326 duobus
736 3262 861 3326 Petilliis
876 3264 1099 3344 subcumberet,
1112 3287 1166 3328 vos
1181 3266 1218 3326 de
1238 3262 1270 3326 P.
1286 3264 1434 3326 Africano

389 3348 403 3383 ‘
417 3349 550 3433 palmam
560 3349 720 3432 peteretis?
734 3347 873 3412 Nullisne
884 3352 1000 3414 meritis
1011 3353 1083 3431 suis,
1094 3351 1183 3414 nullis
1191 3351 1300 3414 vestris
1309 3350 1435 3412 honori-

389 3435 402 3470 ‘
415 3435 471 3496 bus
482 3455 627 3516 umquam
636 3436 670 3502 in
681 3456 781 3497 arcem
791 3446 888 3498 tutam
899 3449 930 3500 et
939 3438 1022 3500 velut
1034 3449 1171 3501 sanctam
1180 3438 1255 3500 clari
1263 3438 1319 3499 viri
1329 3457 1436 3519 perre-

388 3521 400 3555 ‘
415 3522 516 3584 nient:
528 3522 590 3600 ubi,
601 3522 626 3582 si
637 3522 895 3602 nonvenerabilis,
906 3524 1051 3586 inviolata
1057 3527 1165 3587 saltem
1174 3533 1317 3586 senectus
1328 3544 1432 3586 eorum

388 3605 403 3640 ‘
414 3605 586 3670 considatl’
599 3606 699 3671 Movit
714 3620 746 3670 et
762 3608 928 3688 decretum,
944 3622 977 3671 et
990 3610 1111 3692 adjecta
1126 3612 1222 3674 oratio
1237 3631 1301 3673 nou
1316 3623 1435 3672 ceteros

386 3693 493 3772 modo,
520 3694 573 3756 sed
602 3695 684 3778 ipsos
712 3695 806 3757 etiam
837 3707 1046 3759 accusatores:
1074 3709 1115 3777 et,
1146 3698 1366 3760 deliberaturos
1392 3718 1438 3776 se,

386 3779 460 3864 quid
484 3781 529 3842 sui
555 3778 633 3862 juris
659 3792 691 3843 et
714 3781 804 3843 officii
832 3793 922 3860 esset,
952 3783 1104 3848 dixerunt·
1150 3782 1281 3846 Senatus
1312 3781 1438 3864 deinde,

387 3867 517 3930 concilio
538 3869 634 3950 plebis
667 3867 803 3946 dimisso,
830 3868 934 3932 haberi
959 3886 1007 3933 est
1032 3855 1158 3954 coe'ptus.
1184 3871 1228 3932 ibi
1257 3870 1363 3952 gratia
1387 3870 1439 3932 in-

386 3966 493 4035 gentes
517 3955 555 4016 ab
579 3954 715 4016 universo
737 3955 853 4035 ordine,
880 3957 1031 4040 precipue
1047 3979 1065 4019 a
1081 3957 1290 4034 consularibus
1305 3957 1439 4018 seniori-

417 4087 669 4137 ‘laanisGrcn-Crerr.
735 4087 1061 4166 ‘iericillanrmittersCrev.
1121 4088 1407 4140 ‘amuramGrou.Cm.
1459 4149 1464 4154 ¹

313 4169 316 4174 ’
373 4191 376 4204 “
418 4191 509 4244 aranu
538 4197 603 4244 «aaa
627 4191 785 4260 mimeram]
817 4194 896 4256 Maga
959 4197 982 4234 a
998 4198 1112 4261 ranan
1137 4201 1221 4250 aaa
1251 4197 1441 4265 indignum]

385 4259 486 4372 plpceret
506 4267 557 4308 rats
585 4275 666 4309 naas:
699 4260 814 4321 quomodo
842 4261 896 4310 Ms.
927 4260 1040 4325 Decreta,
1060 4265 1119 4328 quod
1139 4267 1207 4316 modo
1223 4278 1380 4314 memoratum
1399 4279 1445 4342 ᾳ.

419 4323 541 4384 ogaurinus
574 4324 653 4386 babet,
688 4335 749 4372 teste
767 4320 896 4377 'Hermia
928 4328 1011 4392 adjacit
1039 4330 1165 4381 orationem
1186 4332 1280 4397 plenam
1302 4331 1446 4395 iud'muauo-

387 4387 438 4506 subd:
445 4387 534 4504 Yeipttpr.
544 4402 585 4453 pro
595 4392 668 4442 trihus
685 4389 722 4439 lu's
739 4391 840 4451 vocibus,
854 4407 897 4442 aa·
927 4391 972 4446 nis.

591 4611 612 4644 X
