3038 5200
389 380 466 440 LIB.
486 380 631 442 XXXIV.
653 379 733 440 chr.
755 379 851 442 LXII.
1093 391 1148 452 187

129 555 194 596 rum
213 548 376 617 vagantem
392 537 473 598 circa
488 534 634 621 Cyrenas,
649 547 888 620 persequeretur,
907 537 1046 620 precario
1062 539 1101 602 ab
1116 562 1149 604 ,ρ
1162 512 1195 588 υ]
1207 541 1237 588 c.
1249 537 1305 586 tta.

130 621 187 683 iter
196 643 250 704 per
262 643 331 684 eum
343 625 440 706 ipsum
452 645 570 706 egum,
581 634 738 704 tamquam
751 623 833 685 haud
846 623 937 686 dubie
951 623 1149 707 Karthagini·
1162 605 1193 654 Α·
1203 603 1234 653 ⁰·
1244 601 1299 654 ¹⁹³·

3 737 4 740 ¹
105 721 107 726 ’
129 709 244 770 ensium
255 707 346 790 juris,
358 709 500 792 petisset!
523 707 665 772 Numidae
680 709 734 771 ‘et
749 707 787 772 de
802 711 1016 774 terminatione
1029 709 1150 796 Scipio-

105 793 173 854 ‘nis
193 796 315 858 mentiri
337 793 408 858 eos'
427 797 617 878 arguebant:
640 795 707 872 ‘et,
732 795 757 856 si
781 797 848 876 quis
872 818 974 859 veram
1000 798 1150 881 originem

105 881 113 912 ‘
125 878 200 960 juris
211 881 334 963 exigere
344 882 445 959 vellet,
457 904 548 964 quem
561 881 717 966 proprium
733 903 839 964 agrum
852 881 1150 966 Karthaginiensium

104 965 113 998 ‘
128 967 159 1028 in
174 966 278 1030 Africa
292 969 379 1031 esse?
404 967 549 1047 Advenis,
575 972 600 1008 ¹¹
617 979 766 1050 quantum
787 980 871 1032 secto
885 969 969 1030 bovis
984 982 1071 1054 tergo
1085 993 1151 1034 am-

105 1057 111 1082 ‘
129 1053 221 1136 plecti
237 1055 296 1116 loci
312 1056 479 1138 potuerint,
494 1067 616 1118 tantum
632 1055 672 1118 ad
687 1056 794 1117 urbem
805 1055 1072 1119 communiendam
1084 1079 1152 1141 pre·

128 1140 210 1203 cario
227 1140 344 1204 datum.
360 1142 508 1224 quidquid
522 1139 649 1226 Byrsam
670 1140 775 1204 sedern
798 1162 883 1204 suam
907 1144 1103 1221 excesserint,
1124 1146 1153 1206 vi

128 1237 221 1308 atque
240 1225 351 1309 injuria
365 1239 486 1310 partum
504 1229 625 1290 habere.
670 1230 695 1266 ¹³
708 1225 814 1308 Neque
830 1249 899 1289 eum
909 1239 935 1306 ¹¹,
951 1229 1065 1312 dequo
1081 1252 1154 1312 aga-

104 1315 110 1340 ‘
128 1323 190 1391 tur,
205 1315 336 1396 probare
352 1335 404 1376 cos
421 1335 521 1396 posse,
537 1334 599 1376 non
615 1313 708 1375 modo
724 1334 852 1397 semper,
867 1335 906 1377 ex
922 1335 982 1397 quo
998 1317 1155 1400 coeperint,

103 1395 184 1461 ‘sed
212 1421 251 1462 ne
277 1399 329 1462 diu
356 1400 478 1484 quidem
505 1422 557 1462 eos
583 1400 761 1482 possedisse.
814 1399 870 1462 Per
897 1403 1155 1484 opportunitates,

103 1484 114 1515 ‘
129 1505 212 1547 nunc
228 1486 307 1564 illos,
322 1507 402 1547 nune
417 1507 503 1568 reges
518 1485 728 1564 Numidarum,
744 1507 903 1570 usurpasse
914 1485 965 1568 jus
980 1511 987 1549 :
1018 1511 1155 1572 semper·

103 1571 190 1652 ‘que
205 1593 299 1655 penes
314 1594 382 1635 eum
398 1574 619 1655 possessionem
642 1571 744 1650 luisse,
771 1572 822 1654 qui
842 1573 909 1655 plus
929 1574 1021 1636 armis
1035 1576 1153 1658 potuis-

103 1658 187 1720 ‘set
233 1657 327 1740 Cujus
342 1659 526 1722 conditionis
542 1680 589 1720 res
608 1658 709 1736 luerit,
728 1659 903 1742 priusquam
919 1661 1021 1724 hostes
1037 1660 1153 1724 Roma·

104 1744 176 1806 ‘nis
204 1743 487 1826 Karthaginienses,
509 1746 610 1808 socius
634 1756 726 1826 atque
747 1746 862 1808 auricus
878 1767 931 1808 rex
948 1744 1152 1810 Numidarum

105 1830 114 1864 ‘
130 1842 221 1908 esset,
246 1829 311 1914 ejus
325 1833 460 1894 sinerent
470 1852 558 1894 esse:
592 1851 649 1892 nec
664 1853 697 1892 se
711 1831 951 1914 interponerent,
968 1855 1027 1916 qno
1043 1835 1153 1914 miuus,

106 1918 181 1998 ‘qui
197 1929 332 2000 possent,
357 1917 514 1981 tenerent.'
560 1917 749 2000 Responderi
765 1918 874 2000 legatis
891 1920 1045 2001 utriusque
1061 1922 1154 2002 partis

106 2005 232 2086 placuit,
255 2005 398 2066 missuros
413 2026 445 2067 se
460 2005 492 2067 in
508 2005 655 2082 Africam,
681 2005 731 2086 qui
755 2004 834 2066 inter
857 2006 1003 2087 populum
1022 2005 1156 2068 Kartha·

105 2091 274 2172 giniensem
300 2103 332 2154 et
355 2112 457 2174 regern
480 2092 512 2153 in
533 2113 565 2152 re
590 2092 730 2174 prasenti
757 2091 974 2173 disceptarent.
1019 2091 1108 2154 Missi
1124 2092 1157 2154 P.

107 2173 214 2260 Scipio
228 2177 402 2256 Africanus,
424 2187 455 2239 et
471 2177 508 2239 C.
525 2177 684 2239 Comelius
700 2175 867 2259 Cethegus,
890 2189 922 2240 et
939 2175 985 2239 ht.
1002 2177 1156 2241 Minucius
1168 2195 1247 2264 Serpa„
1258 2201 1322 2264 let·-

105 2262 224 2342 Rufus3
250 2264 355 2326 audita
369 2265 567 2346 inspectaque
582 2285 626 2340 re,
649 2283 795 2345 suspensa
809 2263 924 2342 omnia,
947 2277 1053 2328 neutro
1069 2265 1156 2328 incli·
1168 2275 1206 2312 ¹¹²¹
1217 2265 1240 2314 tn
1251 2267 1316 2346 &ffl-

104 2351 188 2413 natis
203 2350 372 2427 sententiis,
395 2350 551 2432 reliquere.
595 2348 631 2415 ld
646 2361 748 2412 utmm
763 2369 818 2412 sua
832 2361 941 2433 sponte
956 2351 1095 2430 fecerint,
1118 2373 1156 2416 an
1169 2345 1218 2380 ‘⁸⁰¹
1233 2347 1321 2382 Μ·

105 2437 181 2518 quia
204 2436 382 2498 mandatum
407 2436 452 2498 ita
475 2435 574 2514 fuerit,
597 2457 659 2498 non
675 2446 739 2498 tum
754 2448 871 2499 certum
886 2449 943 2514 est,
966 2458 1056 2519 quarn
1071 2440 1155 2502 vide·

103 2535 155 2586 tur
171 2523 302 2604 tempori
324 2533 430 2605 aptum
453 2522 555 2600 luisse,
583 2525 606 2561 ¹⁴
619 2523 739 2604 iutegro
759 2523 924 2586 certamine
946 2545 998 2586 eos
1018 2525 1156 2610 relinqui·

3 2681 12 2690 ,
105 2605 201 2686 Nam,
216 2610 254 2669 ni'
264 2609 308 2670 ita
323 2621 412 2687 esset,
428 2629 505 2670 unus
520 2607 635 2692 Scipio,
650 2607 696 2672 vel
712 2609 824 2672 notitia
835 2609 889 2687 rei,
899 2609 945 2672 vel
960 2612 1154 2692 auctoritate,

115 2704 148 2756 ta
159 2695 199 2757 de
215 2695 348 2777 utrisque
362 2695 498 2775 meritus,
519 2695 605 2758 linire
619 2711 696 2759 nutu
711 2695 965 2779 disceptationem
980 2700 1139 2781 potuisset.

545 2859 558 2886 ¹²
573 2857 630 2904 enim
641 2853 716 2904 Gran.

141 2975 615 3040 ¹²*Quantwrrroetrton'rtergo11am·
683 2977 703 3012 ¹⁸
720 2973 796 3040 Nepte
814 2993 863 3026 eum
885 2979 913 3026 dr
926 2993 967 3041 que
984 2979 1079 3043 agetur]
1098 2979 1158 3028 Enna

108 3041 359 3090 dudumillafahelln
372 3041 446 3090 doctis
463 3041 554 3105 expleas
573 3055 616 3090 est.
649 3056 736 3102 agrum.
770 3041 993 3104 Vulgohiclegirur,
1008 3047 1158 3106 nequamus:

108 3106 173 3156 Poeni
192 3119 328 3156 vocaverant
346 3107 447 3171 primum
463 3105 539 3154 locum
559 3125 572 3154 a
592 3124 617 3156 se
649 3107 717 3154 mrle.
751 3105 809 3153 lium
821 3107 992 3155 hubetThuan.
1004 3109 1085 3167 codex,
1098 3123 1158 3157 terte

107 3173 277 3220 communitum
300 3169 378 3232 Boou,
411 3171 434 3217 id
460 3183 503 3227 aar,
533 3187 619 3222 arcem,
650 3171 701 3218 Jac.
711 3170 841 3218 GronovIo:
859 3183 882 3220 et
894 3173 1008 3220 consentit
1018 3173 1160 3223 Vietannus.

109 3238 198 3294 Graeci,
215 3237 276 3300 apud
298 3250 354 3297 quea
371 3235 478 3284 littereas
489 3247 512 3283 et
529 3251 542 3282 r
559 3251 619 3284 nun·
652 3235 697 3283 Sed
706 3247 731 3284 et
741 3237 764 3283 in
774 3237 802 3283 iis
813 3251 864 3298 qure
874 3249 1002 3298 sequuntur
1011 3237 1161 3286 ratroGram·

107 3319 179 3367 qunm
208 3302 379 3357 continuantur,
403 3301 511 3347 dixerunt
534 3301 621 3364 βύρσα.
653 3300 742 3348 maricae
751 3301 859 3364 postulat,
868 3312 894 3348 ut
906 3301 1026 3362 legaturrr
1039 3305 1162 3362 pessedisse,

106 3386 162 3431 quse
183 3383 228 3414 vox
250 3381 319 3428 quum
338 3365 442 3424 designet
463 3365 554 3422 carlum,
567 3365 620 3411 Inda
638 3379 699 3422 ‚nen
710 3381 750 3414 aar.

106 3439 279 3548 pqppagrtaert
294 3429 368 3495 lepida
378 3427 505 3478 illafabella
518 3431 548 3478 de
558 3441 621 3478 ueto
651 3429 707 3544 meu
732 3433 747 3460 ⁵
771 3428 862 3494 Integre
882 3429 1009 3494 ementire]
1034 3431 1161 3495 lnjudleatt

152 3509 255 3559 atomo
693 3527 700 3543 .
