3068 5186
405 323 480 426 ura.
499 321 657 398 xxxvu.
679 321 759 386 car.
780 323 856 384 mr.
1110 331 1169 390 aaa

126 479 139 512 ‘
153 473 291 562 Scipioni
307 480 422 544 consuli
438 491 535 543 vestro
550 482 680 561 obcurri,
700 493 735 544 ut
755 501 823 544 eum
839 483 870 544 in
886 481 1064 566 trijaciendo
1079 503 1166 548 exer·
1180 503 1317 556 unam.

122 564 134 598 ‘
151 565 213 627 citu
224 564 406 647 adjuvarem.
419 579 580 650 postquam
590 569 621 630 in
630 568 737 630 Asiam
746 569 1001 636 exercitusrester
1010 573 1165 636 esttrans'-
1179 571 1209 622 Aa
1220 572 1249 622 0·
1262 572 1315 622 189.
1332 619 1334 625 -

121 652 279 734 ‘gressus
295 675 461 736 numquam
472 654 623 716 aconsule
636 655 784 718 abscessi:
809 677 899 720 nemo
911 658 996 720 miles
1008 658 1165 722 Romanus
1251 673 1253 679 '

122 739 246 822 ‘magis
258 741 395 802 assiduus
409 743 439 802 in
455 741 562 804 castris
577 741 682 804 vestris
703 742 772 821 fuit,
799 764 889 824 quarn
916 765 973 827 ego
996 745 1164 830 fratresque

122 827 133 860 ‘
149 828 219 888 mei.
235 828 318 888 nulla
332 827 496 910 expeditio,
514 827 629 892 nullum
645 840 785 910 equestre
801 831 941 912 proelium
956 831 1020 894 sine
1035 854 1084 896 me
1100 834 1165 896 fac-

121 913 133 946 ‘
150 925 215 976 tum
231 926 287 976 est.
332 912 368 976 In
383 915 448 976 acie
463 915 505 975 ibi
520 917 602 992 steti,
617 936 685 978 eam
701 927 820 999 partem
836 939 903 981 sum
918 929 1045 998 tutatus,
1060 921 1091 982 iu
1107 942 1166 1003 qua

122 1001 134 1032 ‘
150 1020 200 1062 me
214 1001 319 1063 consul
335 1022 400 1064 esse
415 1001 518 1064 voluit.
562 1000 633 1064 Non
650 1023 716 1065 sum
733 1004 956 1084 hocdicturus,
971 1004 1075 1069 Patres
1091 1027 1165 1070 con-

121 1088 133 1122 ‘
150 1088 264 1172 scripti,
276 1088 342 1170 quis
355 1089 413 1150 hoc
425 1088 506 1151 bello
516 1090 631 1152 meritis
641 1111 715 1172 erga
722 1110 775 1152 vos
785 1112 905 1154 mecum
916 1093 1086 1174 comparari
1095 1105 1166 1177 pot-

122 1175 134 1208 ‘
151 1173 219 1235 est?
265 1173 334 1258 Ego
348 1175 423 1237 nulli
439 1177 574 1238 omnium
591 1198 688 1258 neque
711 1177 903 1260 populorum,
929 1198 1026 1259 neque
1050 1177 1167 1262 regum,

120 1261 132 1294 ‘
149 1281 225 1341 quos
241 1263 272 1323 in
287 1283 400 1345 magno
415 1264 531 1325 honore
553 1264 683 1340 habetis,
705 1284 768 1324 non
786 1265 955 1326 ausimme
978 1286 1168 1349 comparare.

121 1350 132 1380 ‘
150 1346 258 1410 Hostis
269 1347 433 1412 Masinissa
442 1360 513 1412 ante
522 1349 627 1428 vobis,¹
638 1369 729 1431 quarn
738 1351 848 1428 socius,
860 1350 932 1413 suit:
949 1370 1007 1413 uec
1019 1352 1165 1417 incolumi

119 1434 131 1468 ‘
149 1454 244 1516 regno
256 1456 326 1498 curn
339 1436 456 1498 auxiliis
468 1436 539 1514 suis,
550 1435 603 1498 sed
614 1436 752 1514 extorris,
765 1437 918 1517 expulsus,
931 1438 1049 1500 amissis
1065 1440 1166 1502 omni'-
1243 1493 1249 1508 .

121 1522 133 1555 ‘
150 1522 205 1582 bus
213 1523 319 1605 capilo,
325 1543 393 1584 cum
400 1524 639 1604 turmaequitum
646 1523 676 1584 in
686 1537 787 1584 castra
793 1523 931 1606 confugit
940 1535 1049 1586 vestra.
1061 1535 1164 1588 tamen

33 1683 39 1692 Ι
120 1609 132 1642 ‘
149 1629 229 1686 eurn,
240 1629 242 1635 ·
252 1609 323 1690 quia
341 1610 372 1669 in
387 1608 491 1670 Africa
506 1609 645 1670 adversus
661 1605 832 1693 Syphacem
848 1621 880 1672 et
894 1607 1165 1692 Karthaginienses

120 1698 132 1731 ‘
148 1694 276 1760 fideliter
286 1706 376 1776 atque
393 1696 512 1777 inpigre
527 1691 682 1758 uobiscum
693 1696 789 1773 stetit,
804 1717 866 1758 non
878 1695 909 1758 in
921 1697 1054 1779 patrium
1066 1698 1165 1762 solum

121 1783 133 1817 ‘
148 1801 275 1864 regnum
284 1781 467 1860 restituistis,
478 1783 541 1860 sed,
553 1781 673 1866 adjecta
681 1783 911 1866 opulentissima
920 1795 1006 1866 parte
1017 1781 1166 1868 Syphacis

121 1869 240 1950 ‘regni,
256 1879 473 1952 prepotentem
488 1871 566 1932 inter
580 1869 691 1932 Africae
706 1890 794 1951 reges
809 1869 934 1932 fecistis.
957 1870 1026 1940 Quo
1041 1871 1166 1934 tandem

123 1958 134 1991 ‘
149 1956 242 2040 igitur
257 1976 312 2018 nos
326 1956 450 2038 praemio
464 1967 556 2037 utque
570 1957 686 2018 honoro
707 1954 793 2038 digni
808 1957 888 2038 apud
905 1977 959 2019 vos
981 1977 1094 2035 sumus,
1115 1959 1166 2039 qui

122 2046 134 2079 ‘
150 2061 312 2124 numquam
322 2044 436 2121 hostes,
448 2063 567 2125 semper
576 2043 650 2104 socii
662 2043 790 2106 fuimus?
807 2042 907 2120 Pater,
920 2063 989 2124 ego,
1000 2042 1167 2124 fratresque

123 2130 208 2192 ‘mei
225 2151 286 2192 uon
302 2130 334 2191 in
348 2127 424 2192 Asia
437 2139 568 2207 tantum,
591 2129 752 2192 sedetiam
768 2130 874 2213 procul
889 2129 928 2190 ab
943 2129 1035 2192 domo
1056 2130 1087 2190 in
1109 2129 1168 2191 Pe·

121 2220 134 2252 ‘
149 2217 326 2300 loponueso,
338 2217 369 2276 in
380 2214 512 2294 Boeotia,
525 2217 556 2277 in
565 2212 849 2300 AEtoliaPhilippi,
860 2215 1018 2293 Antiochi,
1029 2213 1167 2278 AEtolico

121 2305 133 2338 ‘
149 2303 241 2380 bello,
253 2315 335 2366 terra
345 2303 479 2385 marique
489 2324 545 2386 pro
556 2303 641 2364 vobis
656 2323 741 2364 arma
752 2303 886 2364 tulimus.
918 2301 1000 2374 Quid
1010 2323 1083 2384 ergo
1095 2324 1167 2385 pos·

123 2389 249 2452 ‘tulas?
277 2389 490 2472 dicataliquis.
526 2387 605 2471 Ego,
615 2387 719 2452 Patres
728 2389 902 2472 conscripti,
913 2389 1055 2470 quoniam
1068 2388 1168 2451 dicere

121 2479 133 2512 ‘
151 2475 255 2557 utique
269 2476 439 2538 volentibus
454 2473 539 2538 vobis
554 2474 720 2558 parendum
737 2488 795 2554 est,
809 2475 834 2536 si
848 2496 901 2536 vos
920 2496 958 2536 ea
972 2485 1073 2536 menta
1088 2475 1169 2538 ultra

122 2561 243 2624 ‘Tauri
254 2561 333 2645 juga
343 2563 466 2624 emostis
476 2560 698 2638 Antiochum,¹³
714 2572 748 2623 ut
762 2562 819 2644 ipsi
836 2561 978 2624 teneretis
994 2581 1045 2622 eas
1060 2571 1167 2640 terras,

123 2653 133 2684 ‘
149 2650 249 2712 nullos
264 2649 397 2726 adcolas,
421 2643 477 2710 uec
492 2647 637 2711 finitimos
652 2648 785 2726 habere,
801 2668 891 2729 quarn
906 2669 971 2726 vos,
986 2647 1068 2709 malo
1077 2669 1086 2724 3
1111 2667 1167 2710 nec

125 2739 136 2771 ‘
150 2736 213 2798 ulla
228 2735 287 2797 alia
302 2755 333 2796 re
348 2735 441 2797 tutius
456 2735 651 2816 stabiliusque
666 2755 793 2816 regnum
809 2754 910 2796 meum
919 2733 1052 2796 futurum
1066 2754 1167 2816 spero.

124 2821 214 2886 ‘Sed
230 2822 254 2884 si
273 2820 358 2884 vobis
383 2821 530 2884 decedere
556 2821 639 2900 inde,
665 2835 757 2903 atque
783 2822 932 2883 exercitus
959 2821 1108 2884 deducere
1136 2821 1166 2882 in

125 2909 255 2972 ‘animo
269 2920 317 2971 est
327 2929 337 2986 3
361 2907 513 2971 neminem
528 2908 699 2990 digniorem
718 2909 783 2970 esse
803 2928 843 2968 ex
863 2907 954 2970 sociis
973 2907 1089 2984 vestris,
1116 2908 1166 2986 qui

124 2998 135 3031 ‘
150 2996 231 3060 bello
246 3017 266 3058 a
278 2995 363 3070 vobis
377 3005 466 3078 parta
481 2992 648 3078 possideat,
663 3015 753 3076 quam
770 3013 831 3072 me,
851 2993 953 3055 dicere
974 2992 1081 3056 ausim.
1124 2989 1168 3054 At

123 3084 135 3117 ‘
150 3083 231 3146 enim
247 3081 442 3164 magnificum
458 3093 506 3144 est
520 3081 648 3146 liberare
663 3081 801 3143 civitates
813 3099 922 3141 servas.
945 3077 994 3140 Ita
1007 3079 1128 3160 opinor,
1142 3078 1166 3139 si
1233 3133 1244 3152 ,

124 3171 136 3204 ‘
150 3169 347 3246 nihilhostile
356 3167 496 3230 adversus
505 3188 558 3230 vos
567 3167 719 3228 fecerunt:
744 3165 791 3229 sin
801 3177 903 3228 autem
914 3163 1061 3226 Antiochi
1073 3166 1168 3246 partis

124 3259 135 3292 ‘
150 3257 178 3296 ⁸⁸
193 3256 330 3335 fuerunt3
339 3266 354 3294 ¹¹
378 3267 492 3336 quanto
504 3264 551 3316 eat
560 3265 662 3330 vestra
669 3252 832 3335 prudentia
840 3261 875 3329 ,et
884 3251 1026 3334 equitate
1036 3250 1168 3332 dignius,

124 3345 136 3380 ‘
151 3343 241 3406 sociis
254 3343 332 3406 bene
346 3341 473 3418 meritis,
489 3359 581 3424 quam
595 3339 744 3418 hostibus,
758 3337 811 3400 vos
827 3336 983 3400 consulere
993 3335 1023 3400 l'
1151 3376 1155 3384 -

166 3427 248 3496 LlV.
272 3426 366 3492 Grata
377 3427 476 3490 oratio
491 3429 569 3510 regis
584 3426 722 3488 Patribus
737 3425 813 3487 fuit:
838 3438 871 3487 et
886 3423 975 3486 facile
990 3423 1167 3508 adparebat,

123 3517 266 3582 munifice
295 3517 400 3578 omnia
425 3525 457 3578 et
487 3534 636 3598 propenso
666 3513 768 3576 animo
794 3511 937 3574 facturos.
982 3509 1167 3594 Interposita

123 3603 348 3689 Smyrnaeorum
371 3603 469 3665 brevis
492 3601 606 3682 legatio
630 3612 687 3678 est,
713 3600 785 3683 quia
810 3619 872 3680 non
896 3597 1022 3659 aderant
1044 3597 1168 3679 quidam

123 3691 326 3756 Rhodiorum.
371 3687 566 3752 Conlaudatis
592 3687 712 3770 egregie
736 3683 907 3767 Smynraeis,
930 3682 1049 3766 ”quod
1065 3685 1169 3746 omnia

124 3779 235 3841 ultima
259 3777 334 3860 pati,
364 3796 453 3857 quam
478 3797 510 3836 sa
535 3774 598 3855 regi
628 3772 758 3850 tradere,
785 3772 974 3848 maluissent,
1001 3769 1168 3832 introducti

123 3863 239 3928 Rhodii
269 3876 348 3925 sunt.
375 3883 501 3944 quorum
529 3862 669 3944 princeps
684 3857 869 3941 legationis,
898 3855 1168 3940 expositis-initiis

127 3951 294 4018 amicititiae
315 3953 384 4012 ium
400 3949 513 4031 populo
528 3947 680 4027 Romano,
703 3945 878 4027 meritisque
891 3943 1081 4024 Rhodiorum
1097 3939 1167 4006 l‘hi-

195 4099 202 4134 ¹
211 4099 325 4149 Mantua
334 4097 462 4148 meirade
470 4107 520 4147 onte
529 4099 603 4148 Gron.
615 4099 683 4150 Crev.
781 4103 798 4130 ¹¹
809 4093 941 4144 Antiochum
950 4093 1031 4142 mie
1040 4089 1105 4142 tad.

554 4164 667 4230 ”fuerim
677 4163 750 4212 Grou.

160 4303 182 4338 ⁵⁸
199 4297 314 4361 Famae]
340 4299 492 4348 Grooorlenae
514 4297 634 4356 editiones,
664 4312 719 4348 rnen
736 4296 797 4344 nulla
815 4305 859 4345 ert.
891 4293 948 4342 Ideo
966 4292 1119 4342 macerinus
1139 4305 1168 4339 ex

125 4367 223 4428 suerint.
238 4364 316 4418 -Quod
329 4365 403 4414 rolmu
412 4363 507 4476 plasma
516 4365 569 4426 quia
581 4378 632 4412 rer.
664 4359 938 4425 vermtioribusfirenmt.

118 4421 183 4482 ⁸bum
194 4431 333 4493 subjunctivi
346 4429 407 4480 modi
435 4429 571 4492 icaliquam
588 4431 632 4490 sig·
697 4429 717 4464 ⁵⁹
734 4426 798 4482 erod
824 4427 896 4474 omnio
922 4423 1002 4472 altimo
1026 4421 1086 4488 patr]
1116 4420 1168 4470 Vrd.

126 4499 219 4554 nificare
230 4498 344 4559 rideretur
354 4496 528 4557 dubitationem,
537 4511 589 4559 quse
598 4507 632 4546 te·
653 4494 813 4554 turitunii&
820 4503 844 4542 et
857 4502 939 4543 uxr.
951 4490 989 4542 ⁴2.
