<?xml version="1.0" encoding="UTF-8"?>
<!DOCTYPE html PUBLIC "-//W3C//DTD XHTML 1.0 Transitional//EN"
    "http://www.w3.org/TR/xhtml1/DTD/xhtml1-transitional.dtd">
<html xmlns="http://www.w3.org/1999/xhtml" xml:lang="en" lang="en">
 <head>
  <title>
</title>
<meta http-equiv="Content-Type" content="text/html;charset=utf-8" />
  <meta name='ocr-system' content='tesseract 3.04.00' />
  <meta name='ocr-capabilities' content='ocr_page ocr_carea ocr_par ocr_line ocrx_word'/>
</head>
<body>
  <div class='ocr_page' id='page_1' title='image "./tliviipatavinih00grongoog_0265.png"; bbox 0 0 3136 5196; ppageno 0'>
   <div class='ocr_carea' id='block_1_1' title="bbox 356 319 1287 428">
    <p class='ocr_par' dir='ltr' id='par_1_1' title="bbox 356 319 1287 428">
     <span class='ocr_line' id='line_1_1' title="bbox 356 319 1287 428; baseline 0.014 -11"><span class='ocrx_word' id='word_1_1' title='bbox 356 358 363 370; x_wconf 89' lang='lat'><em>·</em></span> <span class='ocrx_word' id='word_1_2' title='bbox 452 357 529 420; x_wconf 81' lang='lat' dir='ltr'><strong>ora.</strong></span> <span class='ocrx_word' id='word_1_3' title='bbox 542 357 686 422; x_wconf 78' lang='lat' dir='ltr'><strong>xxxvi.</strong></span> <span class='ocrx_word' id='word_1_4' title='bbox 707 359 786 424; x_wconf 81' lang='lat' dir='ltr'><strong>orn</strong></span> <span class='ocrx_word' id='word_1_5' title='bbox 803 361 887 422; x_wconf 85' lang='lat' dir='ltr'><strong>xxr.</strong></span> <span class='ocrx_word' id='word_1_6' title='bbox 1134 371 1194 428; x_wconf 75' lang='lat' dir='ltr'><strong>aas</strong></span> <span class='ocrx_word' id='word_1_7' title='bbox 1281 319 1287 334; x_wconf 54' lang='lat'>⁸</span> 
     </span>
    </p>
   </div>
   <div class='ocr_carea' id='block_1_2' title="bbox 70 505 1358 3646">
    <p class='ocr_par' dir='ltr' id='par_1_2' title="bbox 149 505 1349 601">
     <span class='ocr_line' id='line_1_2' title="bbox 149 505 1349 601; baseline 0.019 -32"><span class='ocrx_word' id='word_1_8' title='bbox 149 505 293 589; x_wconf 90' lang='lat' dir='ltr'><strong>rnilitum,</strong></span> <span class='ocrx_word' id='word_1_9' title='bbox 316 529 402 592; x_wconf 90' lang='lat' dir='ltr'><strong>quos,</strong></span> <span class='ocrx_word' id='word_1_10' title='bbox 429 509 554 599; x_wconf 86' lang='lat' dir='ltr'><strong>Polybio</strong></span> <span class='ocrx_word' id='word_1_11' title='bbox 579 527 714 595; x_wconf 86' lang='lat' dir='ltr'><strong>auctore,</strong></span> <span class='ocrx_word' id='word_1_12' title='bbox 741 515 895 599; x_wconf 75' lang='lat' dir='ltr'><strong>trajecisse</strong></span> <span class='ocrx_word' id='word_1_13' title='bbox 918 533 1019 580; x_wconf 86' lang='lat' dir='ltr'><strong>secum</strong></span> <span class='ocrx_word' id='word_1_14' title='bbox 1043 535 1145 601; x_wconf 83' lang='lat' dir='ltr'><strong>regem</strong></span> <span class='ocrx_word' id='word_1_15' title='bbox 1161 521 1192 584; x_wconf 91' lang='lat' dir='ltr'><strong>in</strong></span> <span class='ocrx_word' id='word_1_16' title='bbox 1206 535 1240 586; x_wconf 76' lang='lat' dir='ltr'><strong>u,</strong></span> <span class='ocrx_word' id='word_1_17' title='bbox 1251 535 1280 591; x_wconf 87' lang='lat' dir='ltr'><strong>c.</strong></span> <span class='ocrx_word' id='word_1_18' title='bbox 1289 541 1349 594; x_wconf 71' lang='grc' dir='ltr'><strong>Ι561.</strong></span> 
     </span>
    </p>

    <p class='ocr_par' dir='ltr' id='par_1_3' title="bbox 148 591 1346 686">
     <span class='ocr_line' id='line_1_3' title="bbox 148 591 1346 686; baseline 0.01 -28"><span class='ocrx_word' id='word_1_19' title='bbox 148 591 298 667; x_wconf 80' lang='lat' dir='ltr'><strong>Graeciam</strong></span> <span class='ocrx_word' id='word_1_20' title='bbox 317 597 509 682; x_wconf 63' lang='lat' dir='ltr'><strong>‘scripsimus</strong></span> <span class='ocrx_word' id='word_1_21' title='bbox 531 603 659 686; x_wconf 75' lang='lat' dir='ltr'><strong>exiguus</strong></span> <span class='ocrx_word' id='word_1_22' title='bbox 683 623 836 666; x_wconf 88' lang='lat' dir='ltr'><strong>numerus.</strong></span> <span class='ocrx_word' id='word_1_23' title='bbox 862 604 936 686; x_wconf 92' lang='lat' dir='ltr'><strong>quid</strong></span> <span class='ocrx_word' id='word_1_24' title='bbox 953 605 978 667; x_wconf 91' lang='lat' dir='ltr'><strong>si</strong></span> <span class='ocrx_word' id='word_1_25' title='bbox 994 605 1112 668; x_wconf 77' lang='lat' dir='ltr'><strong>Antiati</strong></span> <span class='ocrx_word' id='word_1_26' title='bbox 1127 605 1192 670; x_wconf 89' lang='lat' dir='ltr'><strong>Va·</strong></span> <span class='ocrx_word' id='word_1_27' title='bbox 1205 603 1237 651; x_wconf 81' lang='lat' dir='ltr'><strong>A.</strong></span> <span class='ocrx_word' id='word_1_28' title='bbox 1248 605 1278 656; x_wconf 77' lang='lat' dir='ltr'><strong>C·</strong></span> <span class='ocrx_word' id='word_1_29' title='bbox 1293 608 1346 660; x_wconf 81' lang='lat'><strong>¹⁹¹·</strong></span> 
     </span>
    </p>

    <p class='ocr_par' dir='ltr' id='par_1_4' title="bbox 148 683 1282 776">
     <span class='ocr_line' id='line_1_4' title="bbox 148 683 1282 776; baseline 0.013 -32"><span class='ocrx_word' id='word_1_30' title='bbox 148 683 225 745; x_wconf 91' lang='lat' dir='ltr'><strong>lerio</strong></span> <span class='ocrx_word' id='word_1_31' title='bbox 251 685 421 765; x_wconf 74' lang='lat' dir='ltr'>credamus,</span> <span class='ocrx_word' id='word_1_32' title='bbox 444 691 604 771; x_wconf 75' lang='lat' dir='ltr'><strong>sexaginta</strong></span> <span class='ocrx_word' id='word_1_33' title='bbox 627 691 725 753; x_wconf 86' lang='lat' dir='ltr'><strong>millio</strong></span> <span class='ocrx_word' id='word_1_34' title='bbox 740 691 870 754; x_wconf 89' lang='lat' dir='ltr'><strong>militum</strong></span> <span class='ocrx_word' id='word_1_35' title='bbox 886 691 977 754; x_wconf 75' lang='lat' dir='ltr'><strong>baisse</strong></span> <span class='ocrx_word' id='word_1_36' title='bbox 992 693 1024 754; x_wconf 90' lang='lat' dir='ltr'><strong>in</strong></span> <span class='ocrx_word' id='word_1_37' title='bbox 1039 693 1123 776; x_wconf 83' lang='lat' dir='ltr'><strong>regio</strong></span> <span class='ocrx_word' id='word_1_38' title='bbox 1136 699 1192 757; x_wconf 86' lang='lat' dir='ltr'><strong>ex·</strong></span> <span class='ocrx_word' id='word_1_39' title='bbox 1279 703 1282 710; x_wconf 86' lang='lat'>&#39;</span> 
     </span>
    </p>

    <p class='ocr_par' dir='ltr' id='par_1_5' title="bbox 150 771 1193 864">
     <span class='ocr_line' id='line_1_5' title="bbox 150 771 1193 864; baseline 0.012 -32"><span class='ocrx_word' id='word_1_40' title='bbox 150 771 247 834; x_wconf 83' lang='lat' dir='ltr'><strong>accitu</strong></span> <span class='ocrx_word' id='word_1_41' title='bbox 280 773 436 854; x_wconf 76' lang='lat' dir='ltr'><strong>scribenti,</strong></span> <span class='ocrx_word' id='word_1_42' title='bbox 469 777 671 860; x_wconf 84' lang='lat' dir='ltr'><strong>quadraginta</strong></span> <span class='ocrx_word' id='word_1_43' title='bbox 703 778 775 842; x_wconf 89' lang='lat' dir='ltr'><strong>inde</strong></span> <span class='ocrx_word' id='word_1_44' title='bbox 802 778 899 842; x_wconf 90' lang='lat' dir='ltr'><strong>millia</strong></span> <span class='ocrx_word' id='word_1_45' title='bbox 919 779 1077 859; x_wconf 89' lang='lat' dir='ltr'><strong>cecidisse,</strong></span> <span class='ocrx_word' id='word_1_46' title='bbox 1102 802 1193 864; x_wconf 87' lang='lat' dir='ltr'><strong>supra</strong></span> 
     </span>
    </p>

    <p class='ocr_par' dir='ltr' id='par_1_6' title="bbox 150 859 1191 950">
     <span class='ocr_line' id='line_1_6' title="bbox 150 859 1191 950; baseline 0.012 -31"><span class='ocrx_word' id='word_1_47' title='bbox 150 859 284 940; x_wconf 87' lang='lat' dir='ltr'><strong>quinque</strong></span> <span class='ocrx_word' id='word_1_48' title='bbox 307 861 405 924; x_wconf 88' lang='lat' dir='ltr'><strong>millia</strong></span> <span class='ocrx_word' id='word_1_49' title='bbox 426 875 515 947; x_wconf 87' lang='lat' dir='ltr'><strong>capta</strong></span> <span class='ocrx_word' id='word_1_50' title='bbox 540 885 609 928; x_wconf 90' lang='lat' dir='ltr'><strong>eum</strong></span> <span class='ocrx_word' id='word_1_51' title='bbox 624 865 719 947; x_wconf 81' lang='lat' dir='ltr'><strong>signis</strong></span> <span class='ocrx_word' id='word_1_52' title='bbox 734 867 915 928; x_wconf 85' lang='lat' dir='ltr'><strong>militaribus</strong></span> <span class='ocrx_word' id='word_1_53' title='bbox 929 866 1067 930; x_wconf 89' lang='lat' dir='ltr'><strong>ducentis</strong></span> <span class='ocrx_word' id='word_1_54' title='bbox 1083 869 1191 950; x_wconf 77' lang='lat' dir='ltr'><strong>trigin-</strong></span> 
     </span>
    </p>

    <p class='ocr_par' dir='ltr' id='par_1_7' title="bbox 141 945 1192 1037">
     <span class='ocr_line' id='line_1_7' title="bbox 141 945 1192 1037; baseline 0.012 -32"><span class='ocrx_word' id='word_1_55' title='bbox 141 945 204 1007; x_wconf 66' lang='lat' dir='ltr'><strong>ta?</strong></span> <span class='ocrx_word' id='word_1_56' title='bbox 236 945 444 1012; x_wconf 84' lang='lat' dir='ltr'><strong>Romanorum</strong></span> <span class='ocrx_word' id='word_1_57' title='bbox 482 962 604 1014; x_wconf 84' lang='lat' dir='ltr'><strong>acutum</strong></span> <span class='ocrx_word' id='word_1_58' title='bbox 637 952 857 1036; x_wconf 80' lang='lat' dir='ltr'><strong>quinquaginta</strong></span> <span class='ocrx_word' id='word_1_59' title='bbox 882 953 915 1014; x_wconf 92' lang='lat' dir='ltr'><strong>in</strong></span> <span class='ocrx_word' id='word_1_60' title='bbox 937 954 1005 1037; x_wconf 90' lang='lat' dir='ltr'><strong>ipso</strong></span> <span class='ocrx_word' id='word_1_61' title='bbox 1027 957 1192 1019; x_wconf 83' lang='lat' dir='ltr'><strong>certamine</strong></span> 
     </span>
    </p>

    <p class='ocr_par' dir='ltr' id='par_1_8' title="bbox 148 1036 1192 1127">
     <span class='ocr_line' id='line_1_8' title="bbox 148 1036 1192 1127; baseline 0.012 -34"><span class='ocrx_word' id='word_1_62' title='bbox 148 1053 269 1116; x_wconf 78' lang='lat' dir='ltr'><strong>pugnae,</strong></span> <span class='ocrx_word' id='word_1_63' title='bbox 285 1037 323 1098; x_wconf 90' lang='lat' dir='ltr'><strong>ab</strong></span> <span class='ocrx_word' id='word_1_64' title='bbox 338 1037 459 1100; x_wconf 88' lang='lat' dir='ltr'><strong>incursu</strong></span> <span class='ocrx_word' id='word_1_65' title='bbox 474 1036 648 1104; x_wconf 84' lang='lat' dir='ltr'><strong>AEtolorum</strong></span> <span class='ocrx_word' id='word_1_66' title='bbox 674 1061 707 1112; x_wconf 84' lang='lat' dir='ltr'><strong>se</strong></span> <span class='ocrx_word' id='word_1_67' title='bbox 727 1053 849 1106; x_wconf 84' lang='lat' dir='ltr'><strong>tuentes</strong></span> <span class='ocrx_word' id='word_1_68' title='bbox 873 1061 934 1103; x_wconf 93' lang='lat' dir='ltr'><strong>non</strong></span> <span class='ocrx_word' id='word_1_69' title='bbox 960 1042 1029 1125; x_wconf 88' lang='lat' dir='ltr'><strong>plus</strong></span> <span class='ocrx_word' id='word_1_70' title='bbox 1043 1042 1192 1127; x_wconf 88' lang='lat' dir='ltr'><strong>quinqua·</strong></span> 
     </span>
    </p>

    <p class='ocr_par' dir='ltr' id='par_1_9' title="bbox 146 1120 503 1200">
     <span class='ocr_line' id='line_1_9' title="bbox 146 1120 503 1200; baseline 0.02 -19"><span class='ocrx_word' id='word_1_71' title='bbox 146 1120 236 1200; x_wconf 71' lang='lat' dir='ltr'><strong>ginta</strong></span> <span class='ocrx_word' id='word_1_72' title='bbox 250 1123 401 1186; x_wconf 84' lang='lat' dir='ltr'><strong>interfecti</strong></span> <span class='ocrx_word' id='word_1_73' title='bbox 421 1138 503 1188; x_wconf 86' lang='lat' dir='ltr'><strong>sunt.</strong></span> 
     </span>
    </p>

    <p class='ocr_par' dir='ltr' id='par_1_10' title="bbox 191 1200 1358 1294">
     <span class='ocr_line' id='line_1_10' title="bbox 191 1200 1358 1294; baseline 0.013 -24"><span class='ocrx_word' id='word_1_74' title='bbox 191 1200 264 1270; x_wconf 89' lang='lat' dir='ltr'><strong>XX.</strong></span> <span class='ocrx_word' id='word_1_75' title='bbox 288 1207 420 1274; x_wconf 76' lang='lat' dir='ltr'><strong>Consule</strong></span> <span class='ocrx_word' id='word_1_76' title='bbox 443 1233 497 1294; x_wconf 92' lang='lat' dir='ltr'><strong>per</strong></span> <span class='ocrx_word' id='word_1_77' title='bbox 522 1211 686 1277; x_wconf 81' lang='lat' dir='ltr'><strong>Phocidem</strong></span> <span class='ocrx_word' id='word_1_78' title='bbox 713 1224 745 1276; x_wconf 86' lang='lat' dir='ltr'><strong>et</strong></span> <span class='ocrx_word' id='word_1_79' title='bbox 764 1213 919 1278; x_wconf 89' lang='lat' dir='ltr'><strong>Boeotiam</strong></span> <span class='ocrx_word' id='word_1_80' title='bbox 946 1217 1113 1280; x_wconf 86' lang='lat' dir='ltr'><strong>exereitum</strong></span> <span class='ocrx_word' id='word_1_81' title='bbox 1135 1217 1190 1281; x_wconf 78' lang='lat' dir='ltr'><strong>du·</strong></span> <span class='ocrx_word' id='word_1_82' title='bbox 1205 1233 1259 1284; x_wconf 76' lang='lat' dir='ltr'><strong>Coe</strong></span> <span class='ocrx_word' id='word_1_83' title='bbox 1274 1235 1358 1284; x_wconf 73' lang='lat' dir='ltr'><strong>Anio</strong></span> 
     </span>
    </p>

    <p class='ocr_par' dir='ltr' id='par_1_11' title="bbox 70 1299 1358 1476">
     <span class='ocr_line' id='line_1_11' title="bbox 149 1299 1358 1378; baseline 0.007 -22"><span class='ocrx_word' id='word_1_84' title='bbox 149 1306 251 1373; x_wconf 88' lang='lat' dir='ltr'><strong>cente,</strong></span> <span class='ocrx_word' id='word_1_85' title='bbox 281 1299 410 1361; x_wconf 80' lang='lat' dir='ltr'><strong>conscire</strong></span> <span class='ocrx_word' id='word_1_86' title='bbox 441 1299 620 1364; x_wconf 88' lang='lat' dir='ltr'><strong>defectionis</strong></span> <span class='ocrx_word' id='word_1_87' title='bbox 648 1302 787 1364; x_wconf 87' lang='lat' dir='ltr'><strong>civitates</strong></span> <span class='ocrx_word' id='word_1_88' title='bbox 815 1321 885 1364; x_wconf 90' lang='lat' dir='ltr'><strong>cum</strong></span> <span class='ocrx_word' id='word_1_89' title='bbox 917 1303 1095 1366; x_wconf 86' lang='lat' dir='ltr'><strong>velamentis</strong></span> <span class='ocrx_word' id='word_1_90' title='bbox 1122 1318 1192 1368; x_wconf 90' lang='lat' dir='ltr'><strong>ante</strong></span> <span class='ocrx_word' id='word_1_91' title='bbox 1205 1299 1273 1378; x_wconf 72' lang='lat' dir='ltr'><strong>cupro</strong></span> <span class='ocrx_word' id='word_1_92' title='bbox 1282 1315 1358 1365; x_wconf 60' lang='lat' dir='ltr'><strong>lm·</strong></span> 
     </span>
     <span class='ocr_line' id='line_1_12' title="bbox 70 1377 1290 1476; baseline 0.011 -34"><span class='ocrx_word' id='word_1_93' title='bbox 70 1425 76 1431; x_wconf 91' lang='lat'>-</span> <span class='ocrx_word' id='word_1_94' title='bbox 148 1395 254 1465; x_wconf 85' lang='lat' dir='ltr'><strong>portas</strong></span> <span class='ocrx_word' id='word_1_95' title='bbox 269 1385 401 1464; x_wconf 87' lang='lat' dir='ltr'><strong>stabant,</strong></span> <span class='ocrx_word' id='word_1_96' title='bbox 424 1399 510 1449; x_wconf 90' lang='lat' dir='ltr'><strong>metu</strong></span> <span class='ocrx_word' id='word_1_97' title='bbox 525 1409 564 1449; x_wconf 90' lang='lat' dir='ltr'><strong>ne</strong></span> <span class='ocrx_word' id='word_1_98' title='bbox 586 1387 737 1451; x_wconf 72' lang='lat' dir='ltr'><strong>hostiliter</strong></span> <span class='ocrx_word' id='word_1_99' title='bbox 759 1389 967 1472; x_wconf 88' lang='lat' dir='ltr'><strong>diriperentur.</strong></span> <span class='ocrx_word' id='word_1_100' title='bbox 990 1403 1123 1454; x_wconf 89' lang='lat' dir='ltr'><strong>ceterum</strong></span> <span class='ocrx_word' id='word_1_101' title='bbox 1139 1377 1290 1476; x_wconf 55' lang='lat' dir='ltr'><strong>perquiras.</strong></span> 
     </span>
    </p>

    <p class='ocr_par' dir='ltr' id='par_1_12' title="bbox 148 1471 1345 1558">
     <span class='ocr_line' id='line_1_13' title="bbox 148 1471 1345 1558; baseline 0.011 -27"><span class='ocrx_word' id='word_1_102' title='bbox 148 1491 256 1532; x_wconf 89' lang='lat' dir='ltr'><strong>omnes</strong></span> <span class='ocrx_word' id='word_1_103' title='bbox 272 1471 336 1534; x_wconf 89' lang='lat' dir='ltr'><strong>dies</strong></span> <span class='ocrx_word' id='word_1_104' title='bbox 353 1474 434 1535; x_wconf 93' lang='lat' dir='ltr'><strong>haud</strong></span> <span class='ocrx_word' id='word_1_105' title='bbox 443 1495 539 1553; x_wconf 87' lang='lat' dir='ltr'><strong>secus,</strong></span> <span class='ocrx_word' id='word_1_106' title='bbox 556 1495 646 1556; x_wconf 87' lang='lat' dir='ltr'><strong>quem</strong></span> <span class='ocrx_word' id='word_1_107' title='bbox 659 1475 690 1538; x_wconf 91' lang='lat' dir='ltr'><strong>in</strong></span> <span class='ocrx_word' id='word_1_108' title='bbox 701 1487 812 1558; x_wconf 86' lang='lat' dir='ltr'><strong>pacato</strong></span> <span class='ocrx_word' id='word_1_109' title='bbox 825 1496 909 1558; x_wconf 84' lang='lat' dir='ltr'><strong>agro,</strong></span> <span class='ocrx_word' id='word_1_110' title='bbox 921 1477 987 1538; x_wconf 88' lang='lat' dir='ltr'><strong>sine</strong></span> <span class='ocrx_word' id='word_1_111' title='bbox 1001 1477 1192 1542; x_wconf 76' lang='lat' dir='ltr'><strong>violationes</strong></span> <span class='ocrx_word' id='word_1_112' title='bbox 1337 1479 1345 1490; x_wconf 89' lang='lat'>&#39;</span> 
     </span>
    </p>

    <p class='ocr_par' dir='ltr' id='par_1_13' title="bbox 148 1557 1191 1645">
     <span class='ocr_line' id='line_1_14' title="bbox 148 1557 1191 1645; baseline 0.01 -27"><span class='ocrx_word' id='word_1_113' title='bbox 148 1557 247 1620; x_wconf 84' lang='lat' dir='ltr'><strong>rdlius.</strong></span> <span class='ocrx_word' id='word_1_114' title='bbox 263 1557 305 1621; x_wconf 87' lang='lat' dir='ltr'><strong>rei</strong></span> <span class='ocrx_word' id='word_1_115' title='bbox 329 1561 478 1642; x_wconf 73' lang='lat' dir='ltr'><strong>⁷⁴agmen</strong></span> <span class='ocrx_word' id='word_1_116' title='bbox 500 1563 669 1645; x_wconf 72' lang='lat' dir='ltr'><strong>processit,</strong></span> <span class='ocrx_word' id='word_1_117' title='bbox 701 1562 798 1624; x_wconf 89' lang='lat' dir='ltr'><strong>donec</strong></span> <span class='ocrx_word' id='word_1_118' title='bbox 825 1563 857 1624; x_wconf 92' lang='lat' dir='ltr'><strong>in</strong></span> <span class='ocrx_word' id='word_1_119' title='bbox 883 1582 990 1645; x_wconf 83' lang='lat' dir='ltr'><strong>agrurn</strong></span> <span class='ocrx_word' id='word_1_120' title='bbox 1011 1562 1191 1628; x_wconf 71' lang='lat' dir='ltr'><strong>Coroneum</strong></span> 
     </span>
    </p>

    <p class='ocr_par' dir='ltr' id='par_1_14' title="bbox 148 1645 1191 1733">
     <span class='ocr_line' id='line_1_15' title="bbox 148 1645 1191 1733; baseline 0.01 -28"><span class='ocrx_word' id='word_1_121' title='bbox 148 1657 271 1708; x_wconf 85' lang='lat' dir='ltr'><strong>ventum</strong></span> <span class='ocrx_word' id='word_1_122' title='bbox 287 1657 343 1710; x_wconf 80' lang='lat' dir='ltr'><strong>est.</strong></span> <span class='ocrx_word' id='word_1_123' title='bbox 365 1645 412 1711; x_wconf 85' lang='lat' dir='ltr'><strong>lbi</strong></span> <span class='ocrx_word' id='word_1_124' title='bbox 424 1661 526 1712; x_wconf 83' lang='lat' dir='ltr'><strong>statua</strong></span> <span class='ocrx_word' id='word_1_125' title='bbox 540 1649 618 1730; x_wconf 87' lang='lat' dir='ltr'><strong>regis</strong></span> <span class='ocrx_word' id='word_1_126' title='bbox 632 1648 792 1728; x_wconf 88' lang='lat' dir='ltr'><strong>Antiochi,</strong></span> <span class='ocrx_word' id='word_1_127' title='bbox 803 1650 902 1733; x_wconf 86' lang='lat' dir='ltr'><strong>positu</strong></span> <span class='ocrx_word' id='word_1_128' title='bbox 913 1651 945 1712; x_wconf 91' lang='lat' dir='ltr'><strong>in</strong></span> <span class='ocrx_word' id='word_1_129' title='bbox 957 1651 1074 1733; x_wconf 89' lang='lat' dir='ltr'><strong>templo</strong></span> <span class='ocrx_word' id='word_1_130' title='bbox 1088 1655 1115 1699; x_wconf 81' lang='lat'><strong>⁷⁵</strong></span> <span class='ocrx_word' id='word_1_131' title='bbox 1127 1651 1191 1715; x_wconf 76' lang='lat' dir='ltr'><strong>Mt·</strong></span> 
     </span>
    </p>

    <p class='ocr_par' dir='ltr' id='par_1_15' title="bbox 149 1731 1192 1821">
     <span class='ocr_line' id='line_1_16' title="bbox 149 1731 1192 1821; baseline 0.01 -29"><span class='ocrx_word' id='word_1_132' title='bbox 149 1749 247 1796; x_wconf 76' lang='lat' dir='ltr'><strong>nerva</strong></span> <span class='ocrx_word' id='word_1_133' title='bbox 271 1731 385 1814; x_wconf 73' lang='lat' dir='ltr'><strong>Itoniae,</strong></span> <span class='ocrx_word' id='word_1_134' title='bbox 413 1736 489 1798; x_wconf 88' lang='lat' dir='ltr'><strong>iram</strong></span> <span class='ocrx_word' id='word_1_135' title='bbox 513 1737 673 1800; x_wconf 81' lang='lat' dir='ltr'><strong>accendit:</strong></span> <span class='ocrx_word' id='word_1_136' title='bbox 697 1737 936 1821; x_wconf 76' lang='lat' dir='ltr'><strong>permissumque</strong></span> <span class='ocrx_word' id='word_1_137' title='bbox 962 1738 1132 1818; x_wconf 82' lang='lat' dir='ltr'><strong>militiast,</strong></span> <span class='ocrx_word' id='word_1_138' title='bbox 1156 1751 1192 1802; x_wconf 92' lang='lat' dir='ltr'><strong>ut</strong></span> 
     </span>
    </p>

    <p class='ocr_par' dir='ltr' id='par_1_16' title="bbox 149 1817 1192 1908">
     <span class='ocr_line' id='line_1_17' title="bbox 149 1817 1192 1908; baseline 0.01 -28"><span class='ocrx_word' id='word_1_139' title='bbox 149 1817 378 1902; x_wconf 88' lang='lat' dir='ltr'><strong>circumjectum</strong></span> <span class='ocrx_word' id='word_1_140' title='bbox 404 1825 518 1906; x_wconf 76' lang='lat' dir='ltr'><strong>templo</strong></span> <span class='ocrx_word' id='word_1_141' title='bbox 545 1843 651 1906; x_wconf 81' lang='lat' dir='ltr'><strong>agrum</strong></span> <span class='ocrx_word' id='word_1_142' title='bbox 678 1823 882 1906; x_wconf 84' lang='lat' dir='ltr'><strong>popularetur.</strong></span> <span class='ocrx_word' id='word_1_143' title='bbox 905 1823 1014 1886; x_wconf 90' lang='lat' dir='ltr'><strong>deinde</strong></span> <span class='ocrx_word' id='word_1_144' title='bbox 1044 1826 1192 1908; x_wconf 84' lang='lat' dir='ltr'><strong>cogitatio</strong></span> 
     </span>
    </p>

    <p class='ocr_par' dir='ltr' id='par_1_17' title="bbox 149 1908 1192 1995">
     <span class='ocr_line' id='line_1_18' title="bbox 149 1908 1192 1995; baseline 0.007 -27"><span class='ocrx_word' id='word_1_145' title='bbox 149 1908 285 1970; x_wconf 85' lang='lat' dir='ltr'><strong>animum</strong></span> <span class='ocrx_word' id='word_1_146' title='bbox 310 1911 413 1990; x_wconf 87' lang='lat' dir='ltr'><strong>subiit,</strong></span> <span class='ocrx_word' id='word_1_147' title='bbox 441 1931 535 1992; x_wconf 91' lang='lat' dir='ltr'><strong>quum</strong></span> <span class='ocrx_word' id='word_1_148' title='bbox 557 1911 713 1972; x_wconf 90' lang='lat' dir='ltr'><strong>communi</strong></span> <span class='ocrx_word' id='word_1_149' title='bbox 737 1911 861 1974; x_wconf 89' lang='lat' dir='ltr'><strong>decreto</strong></span> <span class='ocrx_word' id='word_1_150' title='bbox 883 1909 1062 1974; x_wconf 89' lang='lat' dir='ltr'><strong>Boeotorum</strong></span> <span class='ocrx_word' id='word_1_151' title='bbox 1090 1915 1192 1995; x_wconf 84' lang='lat' dir='ltr'><strong>posita</strong></span> 
     </span>
    </p>

    <p class='ocr_par' dir='ltr' id='par_1_18' title="bbox 151 1997 1190 2081">
     <span class='ocr_line' id='line_1_19' title="bbox 151 1997 1190 2081; baseline 0.008 -27"><span class='ocrx_word' id='word_1_152' title='bbox 151 2007 231 2058; x_wconf 86' lang='lat' dir='ltr'><strong>esset</strong></span> <span class='ocrx_word' id='word_1_153' title='bbox 256 2007 367 2077; x_wconf 88' lang='lat' dir='ltr'><strong>statua,</strong></span> <span class='ocrx_word' id='word_1_154' title='bbox 393 1998 554 2080; x_wconf 83' lang='lat' dir='ltr'><strong>indignum</strong></span> <span class='ocrx_word' id='word_1_155' title='bbox 579 2017 655 2076; x_wconf 87' lang='lat' dir='ltr'><strong>esse,</strong></span> <span class='ocrx_word' id='word_1_156' title='bbox 680 1999 712 2058; x_wconf 91' lang='lat' dir='ltr'><strong>in</strong></span> <span class='ocrx_word' id='word_1_157' title='bbox 736 2018 830 2062; x_wconf 90' lang='lat' dir='ltr'><strong>unum</strong></span> <span class='ocrx_word' id='word_1_158' title='bbox 852 1997 1059 2060; x_wconf 87' lang='lat' dir='ltr'><strong>Coronensem</strong></span> <span class='ocrx_word' id='word_1_159' title='bbox 1084 2020 1190 2081; x_wconf 80' lang='lat' dir='ltr'><strong>agrum</strong></span> 
     </span>
    </p>

    <p class='ocr_par' dir='ltr' id='par_1_19' title="bbox 147 2082 1191 2168">
     <span class='ocr_line' id='line_1_20' title="bbox 147 2082 1191 2168; baseline 0.007 -26"><span class='ocrx_word' id='word_1_160' title='bbox 147 2082 260 2145; x_wconf 74' lang='lat' dir='ltr'><strong>sevire.</strong></span> <span class='ocrx_word' id='word_1_161' title='bbox 305 2082 463 2148; x_wconf 87' lang='lat' dir='ltr'><strong>Revocato</strong></span> <span class='ocrx_word' id='word_1_162' title='bbox 490 2085 644 2168; x_wconf 86' lang='lat' dir='ltr'><strong>extemplo</strong></span> <span class='ocrx_word' id='word_1_163' title='bbox 667 2084 778 2162; x_wconf 90' lang='lat' dir='ltr'><strong>milite,</strong></span> <span class='ocrx_word' id='word_1_164' title='bbox 802 2085 871 2146; x_wconf 87' lang='lat' dir='ltr'><strong>finis</strong></span> <span class='ocrx_word' id='word_1_165' title='bbox 893 2084 1058 2167; x_wconf 90' lang='lat' dir='ltr'><strong>populandi</strong></span> <span class='ocrx_word' id='word_1_166' title='bbox 1074 2084 1191 2148; x_wconf 83' lang='lat' dir='ltr'><strong>faetus:</strong></span> 
     </span>
    </p>

    <p class='ocr_par' dir='ltr' id='par_1_20' title="bbox 148 2169 1193 2257">
     <span class='ocr_line' id='line_1_21' title="bbox 148 2169 1193 2257; baseline 0.007 -29"><span class='ocrx_word' id='word_1_167' title='bbox 148 2169 290 2250; x_wconf 84' lang='lat' dir='ltr'><strong>castigati</strong></span> <span class='ocrx_word' id='word_1_168' title='bbox 305 2181 425 2234; x_wconf 84' lang='lat' dir='ltr'><strong>tantum</strong></span> <span class='ocrx_word' id='word_1_169' title='bbox 440 2173 538 2234; x_wconf 90' lang='lat' dir='ltr'><strong>verbis</strong></span> <span class='ocrx_word' id='word_1_170' title='bbox 553 2170 655 2234; x_wconf 88' lang='lat' dir='ltr'><strong>Boeoti</strong></span> <span class='ocrx_word' id='word_1_171' title='bbox 679 2172 721 2234; x_wconf 90' lang='lat' dir='ltr'><strong>ob</strong></span> <span class='ocrx_word' id='word_1_172' title='bbox 744 2172 898 2252; x_wconf 81' lang='lat' dir='ltr'><strong>ingratum</strong></span> <span class='ocrx_word' id='word_1_173' title='bbox 914 2173 946 2234; x_wconf 90' lang='lat' dir='ltr'><strong>in</strong></span> <span class='ocrx_word' id='word_1_174' title='bbox 962 2172 1055 2234; x_wconf 89' lang='lat' dir='ltr'><strong>tantis</strong></span> <span class='ocrx_word' id='word_1_175' title='bbox 1072 2183 1193 2257; x_wconf 87' lang='lat' dir='ltr'><strong>tamque</strong></span> 
     </span>
    </p>

    <p class='ocr_par' dir='ltr' id='par_1_21' title="bbox 146 2257 1192 2342">
     <span class='ocr_line' id='line_1_22' title="bbox 146 2257 1192 2342; baseline 0.007 -28"><span class='ocrx_word' id='word_1_176' title='bbox 146 2257 319 2319; x_wconf 84' lang='lat' dir='ltr'><strong>recentibus</strong></span> <span class='ocrx_word' id='word_1_177' title='bbox 343 2257 495 2320; x_wconf 88' lang='lat' dir='ltr'><strong>beneficiis</strong></span> <span class='ocrx_word' id='word_1_178' title='bbox 521 2259 655 2320; x_wconf 90' lang='lat' dir='ltr'><strong>animum</strong></span> <span class='ocrx_word' id='word_1_179' title='bbox 680 2279 752 2340; x_wconf 87' lang='lat' dir='ltr'><strong>erga</strong></span> <span class='ocrx_word' id='word_1_180' title='bbox 779 2257 945 2321; x_wconf 85' lang='lat' dir='ltr'><strong>Romanos.</strong></span> <span class='ocrx_word' id='word_1_181' title='bbox 990 2257 1192 2342; x_wconf 82' lang='lat' dir='ltr'><strong>interipsum</strong></span> 
     </span>
    </p>

    <p class='ocr_par' dir='ltr' id='par_1_22' title="bbox 147 2342 1193 2430">
     <span class='ocr_line' id='line_1_23' title="bbox 147 2342 1193 2430; baseline 0.003 -25"><span class='ocrx_word' id='word_1_182' title='bbox 147 2363 256 2424; x_wconf 82' lang='lat' dir='ltr'><strong>pugnae</strong></span> <span class='ocrx_word' id='word_1_183' title='bbox 271 2356 391 2430; x_wconf 89' lang='lat' dir='ltr'><strong>tempus</strong></span> <span class='ocrx_word' id='word_1_184' title='bbox 416 2345 522 2407; x_wconf 84' lang='lat' dir='ltr'><strong>decern</strong></span> <span class='ocrx_word' id='word_1_185' title='bbox 547 2365 637 2406; x_wconf 89' lang='lat' dir='ltr'><strong>naves</strong></span> <span class='ocrx_word' id='word_1_186' title='bbox 658 2346 746 2428; x_wconf 79' lang='lat' dir='ltr'><strong>regiae</strong></span> <span class='ocrx_word' id='word_1_187' title='bbox 762 2365 832 2407; x_wconf 91' lang='lat' dir='ltr'><strong>cum</strong></span> <span class='ocrx_word' id='word_1_188' title='bbox 846 2345 991 2428; x_wconf 83' lang='lat' dir='ltr'><strong>praesecto</strong></span> <span class='ocrx_word' id='word_1_189' title='bbox 1007 2342 1126 2408; x_wconf 88' lang='lat' dir='ltr'><strong>Isidoro</strong></span> <span class='ocrx_word' id='word_1_190' title='bbox 1152 2347 1193 2408; x_wconf 91' lang='lat' dir='ltr'><strong>ad</strong></span> 
     </span>
    </p>

    <p class='ocr_par' dir='ltr' id='par_1_23' title="bbox 147 2425 1282 2513">
     <span class='ocr_line' id='line_1_24' title="bbox 147 2425 1282 2513; baseline 0.004 -23"><span class='ocrx_word' id='word_1_191' title='bbox 147 2425 321 2492; x_wconf 84' lang='lat' dir='ltr'><strong>Thronium</strong></span> <span class='ocrx_word' id='word_1_192' title='bbox 352 2429 383 2495; x_wconf 89' lang='lat' dir='ltr'><strong>in</strong></span> <span class='ocrx_word' id='word_1_193' title='bbox 407 2432 475 2494; x_wconf 89' lang='lat' dir='ltr'><strong>sinu</strong></span> <span class='ocrx_word' id='word_1_194' title='bbox 504 2431 641 2495; x_wconf 85' lang='lat' dir='ltr'><strong>Maliaco</strong></span> <span class='ocrx_word' id='word_1_195' title='bbox 671 2433 804 2496; x_wconf 84' lang='lat' dir='ltr'><strong>stabant.</strong></span> <span class='ocrx_word' id='word_1_196' title='bbox 831 2453 870 2494; x_wconf 86' lang='lat' dir='ltr'><strong>eo</strong></span> <span class='ocrx_word' id='word_1_197' title='bbox 895 2433 994 2513; x_wconf 80' lang='lat' dir='ltr'><strong>gravis</strong></span> <span class='ocrx_word' id='word_1_198' title='bbox 1019 2432 1191 2496; x_wconf 80' lang='lat' dir='ltr'><strong>vulneribus</strong></span> <span class='ocrx_word' id='word_1_199' title='bbox 1279 2426 1282 2436; x_wconf 85' lang='grc'><strong>’</strong></span> 
     </span>
    </p>

    <p class='ocr_par' dir='ltr' id='par_1_24' title="bbox 145 2516 1191 2602">
     <span class='ocr_line' id='line_1_25' title="bbox 145 2516 1191 2602; baseline 0.004 -24"><span class='ocrx_word' id='word_1_200' title='bbox 145 2516 325 2580; x_wconf 81' lang='lat' dir='ltr'><strong>Alexander</strong></span> <span class='ocrx_word' id='word_1_201' title='bbox 348 2517 502 2598; x_wconf 84' lang='lat' dir='ltr'><strong>Acarnan,</strong></span> <span class='ocrx_word' id='word_1_202' title='bbox 525 2520 653 2582; x_wconf 90' lang='lat' dir='ltr'><strong>nuncius</strong></span> <span class='ocrx_word' id='word_1_203' title='bbox 677 2519 810 2582; x_wconf 75' lang='lat' dir='ltr'><strong>adversae</strong></span> <span class='ocrx_word' id='word_1_204' title='bbox 834 2537 955 2601; x_wconf 70' lang='lat' dir='ltr'><strong>pugna,</strong></span> <span class='ocrx_word' id='word_1_205' title='bbox 976 2537 1068 2602; x_wconf 89' lang='lat' dir='ltr'><strong>quum</strong></span> <span class='ocrx_word' id='word_1_206' title='bbox 1091 2519 1191 2602; x_wconf 88' lang='lat' dir='ltr'><strong>perfu-</strong></span> 
     </span>
    </p>

    <p class='ocr_par' dir='ltr' id='par_1_25' title="bbox 145 2601 1191 2690">
     <span class='ocr_line' id='line_1_26' title="bbox 145 2601 1191 2690; baseline 0.005 -25"><span class='ocrx_word' id='word_1_207' title='bbox 145 2603 252 2685; x_wconf 79' lang='lat' dir='ltr'><strong>gisset,</strong></span> <span class='ocrx_word' id='word_1_208' title='bbox 275 2606 399 2687; x_wconf 74' lang='lat' dir='ltr'><strong>trepidae</strong></span> <span class='ocrx_word' id='word_1_209' title='bbox 422 2607 495 2668; x_wconf 90' lang='lat' dir='ltr'><strong>inde</strong></span> <span class='ocrx_word' id='word_1_210' title='bbox 520 2606 634 2668; x_wconf 81' lang='lat' dir='ltr'><strong>recenti</strong></span> <span class='ocrx_word' id='word_1_211' title='bbox 659 2617 773 2668; x_wconf 87' lang='lat' dir='ltr'><strong>terrore</strong></span> <span class='ocrx_word' id='word_1_212' title='bbox 797 2625 888 2666; x_wconf 86' lang='lat' dir='ltr'><strong>naves</strong></span> <span class='ocrx_word' id='word_1_213' title='bbox 909 2604 1053 2668; x_wconf 76' lang='lat' dir='ltr'><strong>Cenaeum</strong></span> <span class='ocrx_word' id='word_1_214' title='bbox 1069 2601 1191 2690; x_wconf 77' lang='lat' dir='ltr'><strong>Euboea</strong></span> 
     </span>
    </p>

    <p class='ocr_par' dir='ltr' id='par_1_26' title="bbox 148 2691 1192 2776">
     <span class='ocr_line' id='line_1_27' title="bbox 148 2691 1192 2776; baseline 0.003 -23"><span class='ocrx_word' id='word_1_215' title='bbox 148 2691 312 2774; x_wconf 65' lang='lat' dir='ltr'><strong>petierunt.</strong></span> <span class='ocrx_word' id='word_1_216' title='bbox 336 2693 378 2754; x_wconf 93' lang='lat' dir='ltr'><strong>ibi</strong></span> <span class='ocrx_word' id='word_1_217' title='bbox 401 2707 538 2756; x_wconf 87' lang='lat' dir='ltr'><strong>mortuus</strong></span> <span class='ocrx_word' id='word_1_218' title='bbox 567 2692 762 2776; x_wconf 87' lang='lat' dir='ltr'><strong>sepultusque</strong></span> <span class='ocrx_word' id='word_1_219' title='bbox 787 2691 972 2755; x_wconf 86' lang='lat' dir='ltr'><strong>Alexander.</strong></span> <span class='ocrx_word' id='word_1_220' title='bbox 1015 2691 1103 2774; x_wconf 84' lang='lat' dir='ltr'><strong>Tres,</strong></span> <span class='ocrx_word' id='word_1_221' title='bbox 1126 2715 1192 2776; x_wconf 85' lang='lat' dir='ltr'><strong>quae</strong></span> 
     </span>
    </p>

    <p class='ocr_par' dir='ltr' id='par_1_27' title="bbox 148 2775 1192 2861">
     <span class='ocr_line' id='line_1_28' title="bbox 148 2775 1192 2861; baseline 0.006 -23"><span class='ocrx_word' id='word_1_222' title='bbox 148 2798 187 2838; x_wconf 88' lang='lat' dir='ltr'><strong>ex</strong></span> <span class='ocrx_word' id='word_1_223' title='bbox 201 2775 277 2838; x_wconf 89' lang='lat' dir='ltr'><strong>Asia</strong></span> <span class='ocrx_word' id='word_1_224' title='bbox 290 2779 434 2860; x_wconf 82' lang='lat' dir='ltr'><strong>profectoe</strong></span> <span class='ocrx_word' id='word_1_225' title='bbox 449 2780 590 2844; x_wconf 89' lang='lat' dir='ltr'><strong>eumdem</strong></span> <span class='ocrx_word' id='word_1_226' title='bbox 615 2790 738 2861; x_wconf 91' lang='lat' dir='ltr'><strong>portum</strong></span> <span class='ocrx_word' id='word_1_227' title='bbox 762 2790 934 2859; x_wconf 86' lang='lat' dir='ltr'><strong>tenuerant,</strong></span> <span class='ocrx_word' id='word_1_228' title='bbox 957 2801 1060 2859; x_wconf 89' lang='lat' dir='ltr'><strong>naves,</strong></span> <span class='ocrx_word' id='word_1_229' title='bbox 1086 2782 1192 2844; x_wconf 86' lang='lat' dir='ltr'><strong>audita</strong></span> 
     </span>
    </p>

    <p class='ocr_par' dir='ltr' id='par_1_28' title="bbox 148 2863 1190 2949">
     <span class='ocr_line' id='line_1_29' title="bbox 148 2863 1190 2949; baseline 0.005 -24"><span class='ocrx_word' id='word_1_230' title='bbox 148 2865 297 2926; x_wconf 85' lang='lat' dir='ltr'><strong>exercitus</strong></span> <span class='ocrx_word' id='word_1_231' title='bbox 327 2865 426 2945; x_wconf 86' lang='lat' dir='ltr'><strong>clade,</strong></span> <span class='ocrx_word' id='word_1_232' title='bbox 455 2863 609 2949; x_wconf 86' lang='lat' dir='ltr'><strong>Ephesum</strong></span> <span class='ocrx_word' id='word_1_233' title='bbox 641 2867 805 2930; x_wconf 88' lang='lat' dir='ltr'><strong>redierunt.</strong></span> <span class='ocrx_word' id='word_1_234' title='bbox 855 2863 986 2929; x_wconf 86' lang='lat' dir='ltr'><strong>Isidorus</strong></span> <span class='ocrx_word' id='word_1_235' title='bbox 1019 2869 1058 2930; x_wconf 92' lang='lat' dir='ltr'><strong>ab</strong></span> <span class='ocrx_word' id='word_1_236' title='bbox 1080 2867 1190 2930; x_wconf 79' lang='lat' dir='ltr'><strong>Cenaeo</strong></span> 
     </span>
    </p>

    <p class='ocr_par' dir='ltr' id='par_1_29' title="bbox 144 2949 1190 3036">
     <span class='ocr_line' id='line_1_30' title="bbox 144 2949 1190 3036; baseline 0.004 -24"><span class='ocrx_word' id='word_1_237' title='bbox 144 2949 386 3030; x_wconf 82' lang='lat' dir='ltr'><strong>Demetriadem,</strong></span> <span class='ocrx_word' id='word_1_238' title='bbox 400 2954 425 3014; x_wconf 90' lang='lat' dir='ltr'><strong>si</strong></span> <span class='ocrx_word' id='word_1_239' title='bbox 441 2952 519 3017; x_wconf 89' lang='lat' dir='ltr'><strong>forte</strong></span> <span class='ocrx_word' id='word_1_240' title='bbox 534 2975 571 3016; x_wconf 92' lang='lat' dir='ltr'><strong>eo</strong></span> <span class='ocrx_word' id='word_1_241' title='bbox 586 2952 717 3017; x_wconf 83' lang='lat' dir='ltr'><strong>deferret</strong></span> <span class='ocrx_word' id='word_1_242' title='bbox 732 2953 806 3036; x_wconf 78' lang='lat' dir='ltr'><strong>fuga</strong></span> <span class='ocrx_word' id='word_1_243' title='bbox 820 2974 935 3036; x_wconf 82' lang='lat' dir='ltr'><strong>regem,</strong></span> <span class='ocrx_word' id='word_1_244' title='bbox 957 2951 1089 3034; x_wconf 86' lang='lat' dir='ltr'><strong>trajecit.</strong></span> <span class='ocrx_word' id='word_1_245' title='bbox 1133 2954 1190 3016; x_wconf 88' lang='lat' dir='ltr'><strong>Per</strong></span> 
     </span>
    </p>

    <p class='ocr_par' dir='ltr' id='par_1_30' title="bbox 146 3039 1188 3123">
     <span class='ocr_line' id='line_1_31' title="bbox 146 3039 1188 3123; baseline 0.004 -23"><span class='ocrx_word' id='word_1_246' title='bbox 146 3039 270 3101; x_wconf 87' lang='lat' dir='ltr'><strong>eosdem</strong></span> <span class='ocrx_word' id='word_1_247' title='bbox 286 3040 351 3102; x_wconf 89' lang='lat' dir='ltr'><strong>dies</strong></span> <span class='ocrx_word' id='word_1_248' title='bbox 365 3039 404 3103; x_wconf 90' lang='lat' dir='ltr'><strong>A.</strong></span> <span class='ocrx_word' id='word_1_249' title='bbox 418 3039 544 3120; x_wconf 87' lang='lat' dir='ltr'><strong>Atilius,</strong></span> <span class='ocrx_word' id='word_1_250' title='bbox 568 3041 725 3123; x_wconf 78' lang='lat' dir='ltr'><strong>praefectus</strong></span> <span class='ocrx_word' id='word_1_251' title='bbox 747 3039 893 3103; x_wconf 75' lang='lat' dir='ltr'><strong>Romanae</strong></span> <span class='ocrx_word' id='word_1_252' title='bbox 919 3041 1034 3118; x_wconf 87' lang='lat' dir='ltr'><strong>classis,</strong></span> <span class='ocrx_word' id='word_1_253' title='bbox 1060 3059 1188 3122; x_wconf 84' lang='lat' dir='ltr'><strong>magnos</strong></span> 
     </span>
    </p>

    <p class='ocr_par' dir='ltr' id='par_1_31' title="bbox 146 3125 1187 3209">
     <span class='ocr_line' id='line_1_32' title="bbox 146 3125 1187 3209; baseline 0.003 -22"><span class='ocrx_word' id='word_1_254' title='bbox 146 3127 247 3208; x_wconf 84' lang='lat' dir='ltr'><strong>regios</strong></span> <span class='ocrx_word' id='word_1_255' title='bbox 272 3139 472 3207; x_wconf 86' lang='lat' dir='ltr'><strong>commeatus,</strong></span> <span class='ocrx_word' id='word_1_256' title='bbox 491 3127 558 3208; x_wconf 86' lang='lat' dir='ltr'><strong>jam</strong></span> <span class='ocrx_word' id='word_1_257' title='bbox 586 3127 708 3206; x_wconf 87' lang='lat' dir='ltr'><strong>fretum,</strong></span> <span class='ocrx_word' id='word_1_258' title='bbox 732 3128 815 3209; x_wconf 93' lang='lat' dir='ltr'><strong>quod</strong></span> <span class='ocrx_word' id='word_1_259' title='bbox 841 3127 881 3190; x_wconf 89' lang='lat' dir='ltr'><strong>ad</strong></span> <span class='ocrx_word' id='word_1_260' title='bbox 896 3125 1035 3188; x_wconf 89' lang='lat' dir='ltr'><strong>Andrum</strong></span> <span class='ocrx_word' id='word_1_261' title='bbox 1059 3129 1187 3190; x_wconf 89' lang='lat' dir='ltr'><strong>insulam</strong></span> 
     </span>
    </p>

    <p class='ocr_par' dir='ltr' id='par_1_32' title="bbox 145 3214 1184 3298">
     <span class='ocr_line' id='line_1_33' title="bbox 145 3214 1184 3298; baseline 0.004 -24"><span class='ocrx_word' id='word_1_262' title='bbox 145 3225 204 3292; x_wconf 89' lang='lat' dir='ltr'><strong>est,</strong></span> <span class='ocrx_word' id='word_1_263' title='bbox 228 3226 450 3298; x_wconf 78' lang='lat' dir='ltr'><strong>praetervectos,</strong></span> <span class='ocrx_word' id='word_1_264' title='bbox 473 3215 613 3298; x_wconf 85' lang='lat' dir='ltr'><strong>excepit:</strong></span> <span class='ocrx_word' id='word_1_265' title='bbox 645 3214 720 3276; x_wconf 87' lang='lat' dir='ltr'><strong>alias</strong></span> <span class='ocrx_word' id='word_1_266' title='bbox 746 3214 862 3292; x_wconf 89' lang='lat' dir='ltr'><strong>mersit,</strong></span> <span class='ocrx_word' id='word_1_267' title='bbox 884 3215 959 3276; x_wconf 87' lang='lat' dir='ltr'><strong>alias</strong></span> <span class='ocrx_word' id='word_1_268' title='bbox 980 3215 1061 3297; x_wconf 88' lang='lat' dir='ltr'><strong>oepit</strong></span> <span class='ocrx_word' id='word_1_269' title='bbox 1085 3235 1184 3278; x_wconf 82' lang='lat' dir='ltr'><strong>naues.</strong></span> 
     </span>
    </p>

    <p class='ocr_par' dir='ltr' id='par_1_33' title="bbox 143 3300 1187 3383">
     <span class='ocr_line' id='line_1_34' title="bbox 143 3300 1187 3383; baseline 0.001 -19"><span class='ocrx_word' id='word_1_270' title='bbox 143 3302 171 3346; x_wconf 81' lang='lat'><strong>⁷⁶</strong></span> <span class='ocrx_word' id='word_1_271' title='bbox 185 3321 251 3382; x_wconf 75' lang='lat' dir='ltr'><strong>qua</strong></span> <span class='ocrx_word' id='word_1_272' title='bbox 265 3303 432 3364; x_wconf 82' lang='lat' dir='ltr'><strong>novissimae</strong></span> <span class='ocrx_word' id='word_1_273' title='bbox 446 3302 577 3383; x_wconf 83' lang='lat' dir='ltr'><strong>agrninis</strong></span> <span class='ocrx_word' id='word_1_274' title='bbox 592 3312 690 3379; x_wconf 86' lang='lat' dir='ltr'><strong>eraut,</strong></span> <span class='ocrx_word' id='word_1_275' title='bbox 714 3321 833 3363; x_wconf 89' lang='lat' dir='ltr'><strong>cursum</strong></span> <span class='ocrx_word' id='word_1_276' title='bbox 857 3301 888 3362; x_wconf 91' lang='lat' dir='ltr'><strong>in</strong></span> <span class='ocrx_word' id='word_1_277' title='bbox 902 3300 1008 3362; x_wconf 85' lang='lat' dir='ltr'><strong>Asiam</strong></span> <span class='ocrx_word' id='word_1_278' title='bbox 1023 3313 1187 3365; x_wconf 86' lang='lat' dir='ltr'><strong>verterunt.</strong></span> 
     </span>
    </p>

    <p class='ocr_par' dir='ltr' id='par_1_34' title="bbox 143 3386 1186 3472">
     <span class='ocr_line' id='line_1_35' title="bbox 143 3386 1186 3472; baseline 0.002 -24"><span class='ocrx_word' id='word_1_279' title='bbox 143 3387 256 3450; x_wconf 91' lang='lat' dir='ltr'><strong>Atilius</strong></span> <span class='ocrx_word' id='word_1_280' title='bbox 272 3387 427 3467; x_wconf 82' lang='lat' dir='ltr'><strong>Piraeeum,</strong></span> <span class='ocrx_word' id='word_1_281' title='bbox 442 3389 523 3452; x_wconf 86' lang='lat' dir='ltr'><strong>uode</strong></span> <span class='ocrx_word' id='word_1_282' title='bbox 538 3388 692 3472; x_wconf 86' lang='lat' dir='ltr'><strong>profectus</strong></span> <span class='ocrx_word' id='word_1_283' title='bbox 717 3400 793 3467; x_wconf 89' lang='lat' dir='ltr'><strong>erat,</strong></span> <span class='ocrx_word' id='word_1_284' title='bbox 820 3407 889 3451; x_wconf 89' lang='lat' dir='ltr'><strong>cum</strong></span> <span class='ocrx_word' id='word_1_285' title='bbox 915 3388 1036 3470; x_wconf 82' lang='lat' dir='ltr'><strong>agmine</strong></span> <span class='ocrx_word' id='word_1_286' title='bbox 1051 3386 1186 3471; x_wconf 80' lang='lat' dir='ltr'><strong>captiua·</strong></span> 
     </span>
    </p>

    <p class='ocr_par' dir='ltr' id='par_1_35' title="bbox 144 3474 1185 3559">
     <span class='ocr_line' id='line_1_36' title="bbox 144 3474 1185 3559; baseline 0.002 -23"><span class='ocrx_word' id='word_1_287' title='bbox 144 3495 212 3537; x_wconf 87' lang='lat' dir='ltr'><strong>rum</strong></span> <span class='ocrx_word' id='word_1_288' title='bbox 227 3477 347 3539; x_wconf 90' lang='lat' dir='ltr'><strong>navium</strong></span> <span class='ocrx_word' id='word_1_289' title='bbox 363 3488 510 3556; x_wconf 87' lang='lat' dir='ltr'><strong>revectus,</strong></span> <span class='ocrx_word' id='word_1_290' title='bbox 525 3495 670 3559; x_wconf 82' lang='lat' dir='ltr'><strong>magnam</strong></span> <span class='ocrx_word' id='word_1_291' title='bbox 685 3475 745 3538; x_wconf 87' lang='lat' dir='ltr'><strong>vim</strong></span> <span class='ocrx_word' id='word_1_292' title='bbox 769 3475 912 3538; x_wconf 87' lang='lat' dir='ltr'><strong>frumenti</strong></span> <span class='ocrx_word' id='word_1_293' title='bbox 937 3489 969 3539; x_wconf 90' lang='lat' dir='ltr'><strong>et</strong></span> <span class='ocrx_word' id='word_1_294' title='bbox 990 3474 1185 3539; x_wconf 82' lang='lat' dir='ltr'><strong>Atheniensi-</strong></span> 
     </span>
    </p>

    <p class='ocr_par' dir='ltr' id='par_1_36' title="bbox 144 3563 859 3646">
     <span class='ocr_line' id='line_1_37' title="bbox 144 3563 859 3646; baseline 0.001 -22"><span class='ocrx_word' id='word_1_295' title='bbox 144 3563 201 3624; x_wconf 87' lang='lat' dir='ltr'><strong>bus</strong></span> <span class='ocrx_word' id='word_1_296' title='bbox 217 3574 249 3625; x_wconf 86' lang='lat' dir='ltr'><strong>ct</strong></span> <span class='ocrx_word' id='word_1_297' title='bbox 262 3563 329 3626; x_wconf 88' lang='lat' dir='ltr'><strong>aliis</strong></span> <span class='ocrx_word' id='word_1_298' title='bbox 345 3563 481 3646; x_wconf 85' lang='lat' dir='ltr'><strong>ejusdem</strong></span> <span class='ocrx_word' id='word_1_299' title='bbox 497 3565 628 3646; x_wconf 86' lang='lat' dir='ltr'><strong>regionis</strong></span> <span class='ocrx_word' id='word_1_300' title='bbox 645 3563 735 3625; x_wconf 91' lang='lat' dir='ltr'><strong>sociis</strong></span> <span class='ocrx_word' id='word_1_301' title='bbox 749 3563 859 3626; x_wconf 88' lang='lat' dir='ltr'><strong>divisit.</strong></span> 
     </span>
    </p>
   </div>
   <div class='ocr_carea' id='block_1_3' title="bbox 138 3647 1327 4511">
    <p class='ocr_par' dir='ltr' id='par_1_37' title="bbox 138 3647 1327 4511">
     <span class='ocr_line' id='line_1_38' title="bbox 186 3647 1327 3739; baseline -0.003 -25"><span class='ocrx_word' id='word_1_302' title='bbox 186 3649 275 3714; x_wconf 86' lang='lat' dir='ltr'><strong>xxl.</strong></span> <span class='ocrx_word' id='word_1_303' title='bbox 296 3651 480 3732; x_wconf 83' lang='lat' dir='ltr'><strong>Antiochus,</strong></span> <span class='ocrx_word' id='word_1_304' title='bbox 495 3653 550 3714; x_wconf 89' lang='lat' dir='ltr'><strong>sub</strong></span> <span class='ocrx_word' id='word_1_305' title='bbox 565 3651 728 3714; x_wconf 88' lang='lat' dir='ltr'><strong>adventum</strong></span> <span class='ocrx_word' id='word_1_306' title='bbox 748 3649 881 3713; x_wconf 90' lang='lat' dir='ltr'><strong>consulis</strong></span> <span class='ocrx_word' id='word_1_307' title='bbox 893 3657 929 3712; x_wconf 77' lang='lat' dir='ltr'><strong>‘a&#39;</strong></span> <span class='ocrx_word' id='word_1_308' title='bbox 946 3647 1094 3712; x_wconf 84' lang='lat' dir='ltr'><strong>Chalcide</strong></span> <span class='ocrx_word' id='word_1_309' title='bbox 1116 3671 1187 3734; x_wconf 91' lang='lat' dir='ltr'><strong>pro-</strong></span> <span class='ocrx_word' id='word_1_310' title='bbox 1199 3657 1327 3739; x_wconf 58' lang='lat' dir='ltr'><strong>Antiquae</strong></span> 
     </span>
     <span class='ocr_line' id='line_1_39' title="bbox 562 3727 1312 3824; baseline -0.007 -14"><span class='ocrx_word' id='word_1_311' title='bbox 562 3759 765 3824; x_wconf 59' lang='lat' dir='ltr'><strong>neaeman.</strong></span> <span class='ocrx_word' id='word_1_312' title='bbox 1199 3741 1223 3774; x_wconf 90' lang='lat'><strong>¹¹¹</strong></span> <span class='ocrx_word' id='word_1_313' title='bbox 1234 3727 1312 3808; x_wconf 59' lang='lat' dir='ltr'><strong>,iiim</strong></span> 
     </span>
     <span class='ocr_line' id='line_1_40' title="bbox 177 3803 1291 3918; baseline -0.003 -18"><span class='ocrx_word' id='word_1_314' title='bbox 177 3853 199 3891; x_wconf 84' lang='lat'><strong>⁷⁴</strong></span> <span class='ocrx_word' id='word_1_315' title='bbox 210 3853 305 3918; x_wconf 73' lang='lat' dir='ltr'><strong>Agrum]</strong></span> <span class='ocrx_word' id='word_1_316' title='bbox 336 3853 373 3902; x_wconf 79' lang='lat' dir='ltr'><strong>Sic</strong></span> <span class='ocrx_word' id='word_1_317' title='bbox 393 3849 478 3903; x_wconf 77' lang='lat' dir='ltr'><strong>habent</strong></span> <span class='ocrx_word' id='word_1_318' title='bbox 496 3859 544 3901; x_wconf 85' lang='lat' dir='ltr'><strong>tres</strong></span> <span class='ocrx_word' id='word_1_319' title='bbox 563 3853 650 3916; x_wconf 81' lang='lat' dir='ltr'><strong>scripti,</strong></span> <span class='ocrx_word' id='word_1_320' title='bbox 679 3851 761 3899; x_wconf 83' lang='lat' dir='ltr'><strong>Itone:</strong></span> <span class='ocrx_word' id='word_1_321' title='bbox 781 3851 842 3898; x_wconf 85' lang='lat' dir='ltr'><strong>unde</strong></span> <span class='ocrx_word' id='word_1_322' title='bbox 855 3848 1072 3915; x_wconf 65' lang='lat' dir='ltr'><strong>Boeotimeroplum</strong></span> <span class='ocrx_word' id='word_1_323' title='bbox 1083 3864 1186 3914; x_wconf 83' lang='lat' dir='ltr'><strong>sumpse·</strong></span> <span class='ocrx_word' id='word_1_324' title='bbox 1199 3803 1291 3858; x_wconf 31' lang='lat' dir='ltr'><strong>mimz</strong></span> 
     </span>
     <span class='ocr_line' id='line_1_41' title="bbox 144 3916 1185 3977; baseline -0.004 -9"><span class='ocrx_word' id='word_1_325' title='bbox 144 3920 263 3969; x_wconf 81' lang='lat' dir='ltr'><strong>unuslae.</strong></span> <span class='ocrx_word' id='word_1_326' title='bbox 273 3918 397 3977; x_wconf 84' lang='lat' dir='ltr'><strong>Gronouio,</strong></span> <span class='ocrx_word' id='word_1_327' title='bbox 411 3920 470 3968; x_wconf 80' lang='lat' dir='ltr'><strong>alter</strong></span> <span class='ocrx_word' id='word_1_328' title='bbox 486 3917 590 3968; x_wconf 80' lang='lat' dir='ltr'><strong>Heeruio</strong></span> <span class='ocrx_word' id='word_1_329' title='bbox 611 3921 647 3966; x_wconf 90' lang='lat' dir='ltr'><strong>io·</strong></span> <span class='ocrx_word' id='word_1_330' title='bbox 679 3928 734 3965; x_wconf 84' lang='lat' dir='ltr'><strong>runt</strong></span> <span class='ocrx_word' id='word_1_331' title='bbox 746 3916 916 3964; x_wconf 69' lang='lat' dir='ltr'><strong>Minenaeouu</strong></span> <span class='ocrx_word' id='word_1_332' title='bbox 933 3917 979 3966; x_wconf 87' lang='lat' dir='ltr'><strong>hoc</strong></span> <span class='ocrx_word' id='word_1_333' title='bbox 998 3917 1132 3977; x_wconf 60' lang='lat' dir='ltr'><strong>meoniae</strong></span> <span class='ocrx_word' id='word_1_334' title='bbox 1145 3933 1185 3964; x_wconf 90' lang='lat' dir='ltr'><strong>co·</strong></span> 
     </span>
     <span class='ocr_line' id='line_1_42' title="bbox 143 3981 1186 4050; baseline -0.003 -17"><span class='ocrx_word' id='word_1_335' title='bbox 143 3999 246 4050; x_wconf 78' lang='lat' dir='ltr'><strong>spectus,</strong></span> <span class='ocrx_word' id='word_1_336' title='bbox 265 3987 346 4034; x_wconf 86' lang='lat' dir='ltr'><strong>tertius</strong></span> <span class='ocrx_word' id='word_1_337' title='bbox 367 3995 444 4034; x_wconf 83' lang='lat' dir='ltr'><strong>noster</strong></span> <span class='ocrx_word' id='word_1_338' title='bbox 464 3983 529 4034; x_wconf 79' lang='lat' dir='ltr'><strong>vics.</strong></span> <span class='ocrx_word' id='word_1_339' title='bbox 562 3983 649 4032; x_wconf 85' lang='lat' dir='ltr'><strong>Melius</strong></span> <span class='ocrx_word' id='word_1_340' title='bbox 679 3981 763 4040; x_wconf 75' lang='lat' dir='ltr'><strong>lendes,</strong></span> <span class='ocrx_word' id='word_1_341' title='bbox 784 3983 909 4047; x_wconf 80' lang='lat' dir='ltr'><strong>templique</strong></span> <span class='ocrx_word' id='word_1_342' title='bbox 931 3983 954 4030; x_wconf 88' lang='lat' dir='ltr'><strong>ei</strong></span> <span class='ocrx_word' id='word_1_343' title='bbox 974 3983 1033 4045; x_wconf 78' lang='lat' dir='ltr'><strong>apud</strong></span> <span class='ocrx_word' id='word_1_344' title='bbox 1053 3982 1186 4030; x_wconf 81' lang='lat' dir='ltr'><strong>Coroneam</strong></span> 
     </span>
     <span class='ocr_line' id='line_1_43' title="bbox 143 4046 1185 4116; baseline -0.006 -17"><span class='ocrx_word' id='word_1_345' title='bbox 143 4053 346 4114; x_wconf 60' lang='lat' dir='ltr'><strong>quammtrulgo,</strong></span> <span class='ocrx_word' id='word_1_346' title='bbox 357 4053 451 4116; x_wconf 73' lang='lat' dir='ltr'><strong>egerim.</strong></span> <span class='ocrx_word' id='word_1_347' title='bbox 682 4049 821 4098; x_wconf 82' lang='lat' dir='ltr'><strong>ersuuendi.</strong></span> <span class='ocrx_word' id='word_1_348' title='bbox 854 4046 1185 4108; x_wconf 79' lang='lat' dir='ltr'><strong>lnhoctemplumBoeotide</strong></span> 
     </span>
     <span class='ocr_line' id='line_1_44' title="bbox 177 4111 1186 4180; baseline -0.006 -16"><span class='ocrx_word' id='word_1_349' title='bbox 177 4117 200 4155; x_wconf 76' lang='lat'><strong>⁷⁵</strong></span> <span class='ocrx_word' id='word_1_350' title='bbox 219 4117 325 4168; x_wconf 64' lang='lat' dir='ltr'><strong>Menoe</strong></span> <span class='ocrx_word' id='word_1_351' title='bbox 352 4114 439 4180; x_wconf 71' lang='lat' dir='ltr'><strong>leone]</strong></span> <span class='ocrx_word' id='word_1_352' title='bbox 479 4115 586 4164; x_wconf 74' lang='lat' dir='ltr'><strong>Minerva</strong></span> <span class='ocrx_word' id='word_1_353' title='bbox 618 4114 650 4163; x_wconf 83' lang='lat' dir='ltr'><strong>sie</strong></span> <span class='ocrx_word' id='word_1_354' title='bbox 681 4114 749 4163; x_wconf 79' lang='lat' dir='ltr'><strong>rebus</strong></span> <span class='ocrx_word' id='word_1_355' title='bbox 772 4113 929 4162; x_wconf 77' lang='lat' dir='ltr'><strong>cmnmunibus</strong></span> <span class='ocrx_word' id='word_1_356' title='bbox 960 4111 1104 4159; x_wconf 79' lang='lat' dir='ltr'><strong>deliberaturi</strong></span> <span class='ocrx_word' id='word_1_357' title='bbox 1131 4127 1186 4159; x_wconf 89' lang='lat' dir='ltr'><strong>oon-</strong></span> 
     </span>
     <span class='ocr_line' id='line_1_45' title="bbox 142 4177 1186 4244; baseline -0.006 -12"><span class='ocrx_word' id='word_1_358' title='bbox 142 4183 302 4244; x_wconf 67' lang='lat' dir='ltr'><strong>eognoroiuata</strong></span> <span class='ocrx_word' id='word_1_359' title='bbox 319 4195 364 4242; x_wconf 85' lang='lat' dir='ltr'><strong>est,</strong></span> <span class='ocrx_word' id='word_1_360' title='bbox 382 4195 475 4232; x_wconf 83' lang='lat' dir='ltr'><strong>auctore</strong></span> <span class='ocrx_word' id='word_1_361' title='bbox 499 4181 607 4229; x_wconf 78' lang='lat' dir='ltr'><strong>Pausania</strong></span> <span class='ocrx_word' id='word_1_362' title='bbox 627 4181 650 4229; x_wconf 85' lang='lat' dir='ltr'><strong>&#39;ur</strong></span> <span class='ocrx_word' id='word_1_363' title='bbox 683 4179 812 4230; x_wconf 74' lang='lat' dir='ltr'><strong>veniebant.</strong></span> <span class='ocrx_word' id='word_1_364' title='bbox 853 4182 932 4241; x_wconf 86' lang='lat' dir='ltr'><strong>Atque</strong></span> <span class='ocrx_word' id='word_1_365' title='bbox 956 4177 984 4224; x_wconf 89' lang='lat' dir='ltr'><strong>ob</strong></span> <span class='ocrx_word' id='word_1_366' title='bbox 1010 4191 1061 4224; x_wconf 87' lang='lat' dir='ltr'><strong>earn</strong></span> <span class='ocrx_word' id='word_1_367' title='bbox 1082 4177 1186 4226; x_wconf 63' lang='lat' dir='ltr'><strong>vnctus</strong></span> 
     </span>
     <span class='ocr_line' id='line_1_46' title="bbox 143 4242 1220 4311; baseline -0.006 -14"><span class='ocrx_word' id='word_1_368' title='bbox 143 4249 263 4306; x_wconf 82' lang='lat' dir='ltr'><strong>Boeotieis,</strong></span> <span class='ocrx_word' id='word_1_369' title='bbox 279 4249 308 4296; x_wconf 87' lang='lat' dir='ltr'><strong>ab</strong></span> <span class='ocrx_word' id='word_1_370' title='bbox 326 4250 394 4298; x_wconf 87' lang='lat' dir='ltr'><strong>ltono</strong></span> <span class='ocrx_word' id='word_1_371' title='bbox 411 4243 651 4311; x_wconf 78' lang='lat' dir='ltr'><strong>Amphictyonlslilio,</strong></span> <span class='ocrx_word' id='word_1_372' title='bbox 683 4261 774 4294; x_wconf 78' lang='lat' dir='ltr'><strong>cauam</strong></span> <span class='ocrx_word' id='word_1_373' title='bbox 786 4247 816 4294; x_wconf 93' lang='lat' dir='ltr'><strong>ibi</strong></span> <span class='ocrx_word' id='word_1_374' title='bbox 826 4256 900 4294; x_wconf 77' lang='lat' dir='ltr'><strong>statua</strong></span> <span class='ocrx_word' id='word_1_375' title='bbox 910 4243 1028 4290; x_wconf 80' lang='lat' dir='ltr'><strong>Antiocho</strong></span> <span class='ocrx_word' id='word_1_376' title='bbox 1045 4242 1186 4306; x_wconf 83' lang='lat' dir='ltr'><strong>poeitaeret.</strong></span> <span class='ocrx_word' id='word_1_377' title='bbox 1217 4250 1220 4256; x_wconf 87' lang='lat'>&#39;</span> 
     </span>
     <span class='ocr_line' id='line_1_47' title="bbox 142 4305 1187 4380; baseline -0.01 -15"><span class='ocrx_word' id='word_1_378' title='bbox 142 4315 389 4380; x_wconf 62' lang='lat' dir='ltr'><strong>pessimisque</strong></span> <span class='ocrx_word' id='word_1_379' title='bbox 405 4313 493 4362; x_wconf 79' lang='lat' dir='ltr'><strong>Boeotia</strong></span> <span class='ocrx_word' id='word_1_380' title='bbox 508 4327 593 4362; x_wconf 88' lang='lat' dir='ltr'><strong>nomen</strong></span> <span class='ocrx_word' id='word_1_381' title='bbox 612 4329 649 4360; x_wconf 80' lang='lat' dir='ltr'><strong>ec-</strong></span> <span class='ocrx_word' id='word_1_382' title='bbox 715 4309 737 4348; x_wconf 75' lang='lat'><strong>7⁶</strong></span> <span class='ocrx_word' id='word_1_383' title='bbox 755 4309 810 4363; x_wconf 70' lang='lat' dir='ltr'><strong>Qua</strong></span> <span class='ocrx_word' id='word_1_384' title='bbox 830 4311 946 4360; x_wconf 73' lang='lat' dir='ltr'><strong>minime</strong></span> <span class='ocrx_word' id='word_1_385' title='bbox 972 4305 1076 4372; x_wconf 76' lang='lat' dir='ltr'><strong>agminis]</strong></span> <span class='ocrx_word' id='word_1_386' title='bbox 1111 4307 1187 4369; x_wconf 73' lang='lat' dir='ltr'><strong>Magis</strong></span> 
     </span>
     <span class='ocr_line' id='line_1_48' title="bbox 141 4371 1185 4445; baseline -0.004 -17"><span class='ocrx_word' id='word_1_387' title='bbox 141 4382 213 4445; x_wconf 84' lang='lat' dir='ltr'><strong>cepit.</strong></span> <span class='ocrx_word' id='word_1_388' title='bbox 246 4381 270 4429; x_wconf 88' lang='lat' dir='ltr'><strong>Si</strong></span> <span class='ocrx_word' id='word_1_389' title='bbox 292 4379 400 4430; x_wconf 82' lang='lat' dir='ltr'><strong>Straboni</strong></span> <span class='ocrx_word' id='word_1_390' title='bbox 424 4379 547 4436; x_wconf 85' lang='lat' dir='ltr'><strong>credimur,</strong></span> <span class='ocrx_word' id='word_1_391' title='bbox 569 4377 588 4428; x_wconf 90' lang='lat' dir='ltr'><strong>l.</strong></span> <span class='ocrx_word' id='word_1_392' title='bbox 611 4390 649 4428; x_wconf 83' lang='lat' dir='ltr'><strong>rx.</strong></span> <span class='ocrx_word' id='word_1_393' title='bbox 682 4377 759 4442; x_wconf 77' lang='lat' dir='ltr'><strong>placet</strong></span> <span class='ocrx_word' id='word_1_394' title='bbox 771 4377 793 4423; x_wconf 93' lang='lat' dir='ltr'><strong>id</strong></span> <span class='ocrx_word' id='word_1_395' title='bbox 806 4377 865 4439; x_wconf 92' lang='lat' dir='ltr'><strong>quod</strong></span> <span class='ocrx_word' id='word_1_396' title='bbox 885 4374 969 4436; x_wconf 74' lang='lat' dir='ltr'><strong>algerii</strong></span> <span class='ocrx_word' id='word_1_397' title='bbox 986 4373 1047 4424; x_wconf 84' lang='lat' dir='ltr'><strong>liber</strong></span> <span class='ocrx_word' id='word_1_398' title='bbox 1061 4385 1085 4424; x_wconf 84' lang='lat' dir='ltr'><strong>et</strong></span> <span class='ocrx_word' id='word_1_399' title='bbox 1098 4371 1185 4424; x_wconf 77' lang='lat' dir='ltr'><strong>Victor.</strong></span> 
     </span>
     <span class='ocr_line' id='line_1_49' title="bbox 138 4443 1133 4511; baseline -0.007 -14"><span class='ocrx_word' id='word_1_400' title='bbox 138 4443 511 4511; x_wconf 53' lang='lat' dir='ltr'><strong>pseudomonachum</strong></span> <span class='ocrx_word' id='word_1_401' title='bbox 532 4443 647 4507; x_wconf 85' lang='lat' dir='ltr'><strong>ternplum</strong></span> <span class='ocrx_word' id='word_1_402' title='bbox 679 4443 778 4502; x_wconf 82' lang='lat' dir='ltr'><strong>habent,</strong></span> <span class='ocrx_word' id='word_1_403' title='bbox 792 4443 907 4493; x_wconf 63' lang='lat' dir='ltr'><strong>norim</strong></span> <span class='ocrx_word' id='word_1_404' title='bbox 1127 4455 1133 4464; x_wconf 77' lang='lat'><em>‘</em></span> 
     </span>
    </p>
   </div>
   <div class='ocr_carea' id='block_1_4' title="bbox 137 4509 647 4582">
    <p class='ocr_par' dir='ltr' id='par_1_38' title="bbox 137 4509 647 4582">
     <span class='ocr_line' id='line_1_50' title="bbox 137 4509 647 4582; baseline -0.002 -19"><span class='ocrx_word' id='word_1_405' title='bbox 137 4511 184 4564; x_wconf 79' lang='lat' dir='ltr'><strong>init</strong></span> <span class='ocrx_word' id='word_1_406' title='bbox 195 4515 310 4574; x_wconf 72' lang='lat' dir='ltr'><strong>Minervae</strong></span> <span class='ocrx_word' id='word_1_407' title='bbox 321 4513 401 4582; x_wconf 63' lang='lat' dir='ltr'><strong>itone</strong></span> <span class='ocrx_word' id='word_1_408' title='bbox 412 4511 437 4562; x_wconf 86' lang='lat' dir='ltr'><strong>ia</strong></span> <span class='ocrx_word' id='word_1_409' title='bbox 447 4511 504 4562; x_wconf 87' lang='lat' dir='ltr'><strong>urbe</strong></span> <span class='ocrx_word' id='word_1_410' title='bbox 517 4509 647 4562; x_wconf 69' lang='lat' dir='ltr'><strong>Thessala</strong></span> 
     </span>
    </p>
   </div>
   <div class='ocr_carea' id='block_1_5' title="bbox 0 0 1572 5196">
    <p class='ocr_par' dir='ltr' id='par_1_39' title="bbox 0 0 1572 5196">
     <span class='ocr_line' id='line_1_51' title="bbox 0 0 1572 5196; baseline 0 2"><span class='ocrx_word' id='word_1_411' title='bbox 0 0 1572 5196; x_wconf 95' lang='lat' dir='ltr'><strong> </strong></span> 
     </span>
    </p>
   </div>
  </div>
 </body>
</html>
