3110 5204
398 385 477 444 tm.
499 383 646 445 XXXIV.
668 387 751 446 CAP.
771 386 883 447 XLIX.
966 421 970 428 ·
1113 387 1169 453 175

112 541 242 606 taurinis
261 540 365 605 sttrdio
389 551 423 604 et
448 561 503 626 spe
528 542 671 626 potiundi
692 542 799 606 castris
814 541 962 621 hostium,
978 541 1115 626 perstitit
1130 545 1169 609 ad
1183 551 1215 604 U.
1226 549 1257 604 c.
1269 549 1326 604 558.

112 629 240 692 vallum.
284 627 400 690 Forum
414 629 568 712 paucitate
593 639 759 709 contemni,
783 624 866 692 Gelli
892 629 1022 692 universi
1043 651 1082 692 err
1101 651 1169 693 cas·
1182 617 1254 669 M·
1267 615 1323 668 ¹⁹⁴·

114 715 175 780 tris
200 725 395 798 eruperunt⁸r
429 715 487 776 nui
513 715 587 778 inde
609 715 752 796 Romani,
779 737 845 798 quse
874 717 1003 800 imperio
1033 717 1168 781 consulis

114 803 292 879 noluerant,
311 823 367 863 suo
391 821 501 885 pavore
527 823 563 865 ac
584 813 698 865 terrore
723 815 822 865 castra
845 815 996 886 repetunt.
1020 805 1065 866 ita
1084 804 1170 867 caria

115 889 190 950 hinc
214 901 307 970 atque
330 888 414 950 illinc
440 907 521 950 nunc
541 888 625 970 fuga,
644 910 726 951 nunc
741 890 884 952 victoria⁸
898 889 967 953 hit.
1009 887 1168 954 Gallorum

116 987 225 1038 tamen
240 974 281 1038 ad
295 975 438 1037 undecim
453 975 560 1054 millia,
583 975 792 1038 Romanorum
815 977 948 1059 quinque
971 977 1077 1057 millia,
1099 989 1171 1042 sunt

117 1062 233 1125 occisa.
276 1057 359 1124 Galli
375 1082 517 1145 recepere
531 1063 564 1124 in
578 1063 689 1127 intima
702 1063 809 1125 linium
825 1084 901 1126 sese.

162 1145 306 1210 XLVIII.
333 1146 448 1211 Consul
471 1147 660 1212 Placentiam
686 1150 824 1230 legiones
849 1149 947 1212 duxit.
991 1147 1170 1235 Scipionem

119 1233 184 1313 alii,
211 1233 376 1317 conjuncto
401 1237 536 1298 exercitu
567 1256 637 1298 cum
668 1237 796 1316 collega,
826 1256 881 1318 per
903 1235 1049 1299 Boiorum
1074 1235 1170 1320 Ligu·

118 1339 248 1403 rumque
262 1341 352 1403 agros
367 1322 565 1404 populantem
590 1323 659 1400 isse,
684 1323 786 1404 quoad
810 1323 952 1403 progredi
973 1322 1053 1384 sr'lvae
1081 1324 1170 1405 palu·
1209 1317 1211 1326 ’

118 1407 235 1492 desque
251 1429 346 1491 passa
366 1408 438 1486 sint
462 1409 618 1471 scribunt:
642 1409 703 1486 alii,
718 1408 803 1469 nulla
817 1408 1008 1469 memorabili
1023 1422 1172 1490 regesta,

117 1494 315 1556 comitiorum
338 1515 445 1556 caussa
470 1494 593 1556 rediisse
613 1493 756 1555 Romam.
799 1491 917 1555 Eodem
941 1494 1001 1554 hoc
1026 1515 1107 1556 anno
1130 1492 1174 1558 T..

118 1578 284 1650 Quinctius
309 1579 426 1658 Elatia,
452 1599 511 1665 quo
536 1581 568 1642 in
590 1580 717 1642 hiberna
740 1579 902 1641 reduxerat
929 1580 1043 1662 copias,
1068 1591 1169 1642 totum

116 1667 231 1729 hlemis
260 1678 381 1750 tempus
410 1666 479 1749 jure
510 1665 643 1729 dicundo
673 1665 849 1744 consumsit,
877 1667 1092 1747 mutandisque
1120 1666 1169 1745 iis,

115 1773 189 1833 quse
215 1768 268 1816 aut
291 1755 385 1836 ipsius
411 1752 554 1836 Philippi,
579 1762 633 1814 atrt
657 1752 869 1834 prefectorum
896 1750 961 1833 ejus
985 1751 1113 1816 licentia
1137 1753 1168 1814 in

116 1839 295 1900 civitatibus
313 1839 398 1902 facta
422 1850 520 1916 erant,
545 1857 649 1920 quum,
676 1857 735 1900 suae
759 1837 902 1899 factionis
917 1838 1076 1899 hominum
1091 1838 1169 1900 vires

118 1925 275 2006 atrgendo,
294 1924 346 2006 jus
369 1945 405 1986 ac
424 1925 597 1986 libertatem
618 1924 747 1985 aliomm
768 1923 962 2006 deprimeret.
1005 1921 1095 1986 Veris
1110 1924 1169 1987 ini·
1183 1944 1308 1996 Quatenus

117 2011 166 2072 tio
187 2007 381 2090 Corinthum,
404 2021 556 2073 conventu
583 2009 696 2087 edicto,
716 2011 810 2072 venit.
838 2010 881 2071 ibi
905 2011 1044 2072 omnium·
1062 2010 1169 2074 civita-
1182 2011 1298 2090 &psum

118 2097 199 2158 tium
215 2097 385 2179 legationes
405 2098 437 2158 in
461 2096 617 2159 concionis
638 2097 763 2159 modum
785 2095 982 2158 circumfusas
1009 2109 1058 2159 est
1082 2077 1315 2205 adio-:2223

120 2194 232 2261 cutrrs3
255 2203 341 2245 orsus
365 2185 404 2246 ab
427 2183 506 2244 inita
520 2183 652 2265 primum
668 2181 815 2244 Romanis
839 2183 975 2244 amicitia
990 2204 1068 2244 curn
1084 2181 1170 2246 Gre-
1185 2159 1302 2256 mnodum

122 2289 229 2330 corum
253 2281 359 2352 gente,
386 2281 418 2332 et
443 2269 673 2351 imperatorum,
700 2268 750 2349 qui
777 2279 848 2330 ante
873 2289 906 2330 se
931 2269 962 2329 in
986 2267 1173 2333 Macedonia
1183 2273 1278 2336 legatos

121 2355 263 2433 luissent,
293 2357 414 2436 suisque
443 2356 533 2428 rebus
558 2355 663 2438 gestis.
706 2354 822 2416 Omnia
851 2372 920 2416 cum
951 2354 1172 2438 adprobatione

118 2442 242 2523 ingenti
258 2451 330 2503 nmt
344 2441 467 2519 auditae
500 2453 699 2525 preterquam
718 2461 811 2523 quum
832 2441 873 2502 ad
896 2441 1085 2505 mentionem
1106 2439 1172 2506 Na·

124 2528 206 2589 bidis
221 2539 347 2590 ventum
363 2539 453 2590 esset.
469 2529 499 2590 id
514 2528 641 2590 minime
656 2528 838 2589 conveniens
860 2527 1000 2590 liberanti
1023 2526 1173 2592 Greciam

120 2613 292 2691 videbatur,
311 2625 474 2698 tyrannum
489 2615 655 2695 reliquisse,
679 2633 743 2675 non
768 2633 828 2675 suae
851 2614 948 2675 solum
973 2616 1079 2698 patriae
1102 2637 1173 2698 gra·

122 2719 204 2777 nem,
228 2701 284 2762 sed
307 2700 447 2762 omnibus
472 2701 555 2763 circa
577 2701 749 2763 ciuitatibus
775 2701 983 2780 metuendum,
1007 2703 1173 2766 haerentem

120 2787 286 2849 visceribus
300 2787 496 2849 nobilissimae
510 2787 651 2849 civitatis.
671 2826 673 2833 =

144 2871 282 2934 xum.
306 2869 372 2935 Nec
397 2874 519 2955 ignarus
539 2871 629 2956 hujus
655 2874 778 2936 habitus
804 2875 975 2937 animorum
1001 2873 1194 2953 Quinctius,-

122 2957 181 3020 ‘Si
192 2960 257 3021 sine
269 2961 389 3022 excidio
398 2957 625 3023 lacedemonia
636 2960 700 3022 lieri
712 2961 883 3044 potuisset,'
895 2961 1059 3040 fatebatur,
1069 2962 1176 3044 ‘pacis

122 3045 220 3120 ‘cum
235 3057 365 3130 tyranno
383 3047 570 3110 mentionem
593 3047 815 3110 admittendam
841 3048 962 3110 auribus
981 3069 1045 3110 non
1068 3048 1177 3109 fuisse.

123 3133 240 3210 ‘nunc‚
262 3151 356 3214 quum
380 3134 477 3211 aliter,
501 3153 591 3216 quam
611 3135 699 3195 mina
712 3137 737 3180 ⁷¹
749 3134 947 3215 gravissimau
962 3134 1106 3212 civitatis,
1118 3135 1178 3196 ob-

123 3217 238 3301 ‘primi
253 3241 316 3281 non
330 3231 446 3303 posset,
462 3219 557 3282 satius
571 3221 669 3281 visum
688 3241 764 3290 esse,
787 3232 950 3304 tyrannum
970 3221 1175 3301 debilitatum,

123 3305 187 3366 ‘ac
200 3306 275 3368 totis
290 3325 386 3390 prope
399 3307 513 3368 viribus
536 3307 574 3368 ad
596 3306 770 3368 nocendum
794 3306 937 3387 culquam
960 3307 1103 3386 ademtis,
1127 3327 1176 3370 ree

122 3392 134 3426 ‘
146 3391 262 3476 linqui3
286 3413 377 3474 quam
403 3392 561 3455 intermori
586 3392 874 3471 vehementioribus,
898 3413 989 3474 quarn
1016 3413 1082 3476 quae
1109 3395 1174 3480 pati

125 3479 263 3560 ‘posset
279 3479 421 3541 remediis
437 3479 592 3541 civitatem
607 3479 716 3558 sinere,
725 3479 791 3540 ⁷¹in
803 3479 871 3562 ipsa
880 3479 1014 3544 vindicta
1025 3481 1176 3545 libertatis

124 3567 136 3598 ‘
145 3564 339 3646 perituram!
383 3564 607 3628 Praeteritomm
626 3565 910 3629 commemorationi
925 3565 1064 3649 subjecit,
1080 3567 1091 3602 ‘
1100 3566 1175 3630 Pro-

124 3649 243 3714 ‘llcisci
260 3652 318 3714 sibi
332 3652 365 3713 in
379 3651 512 3731 Italiam,
527 3662 619 3734 atque
633 3671 756 3714 omnem
772 3655 938 3716 exercitum
955 3655 1128 3738 deportare,
1143 3655 1175 3718 ln

125 3738 252 3800 ‘mimo
266 3759 342 3801 esse.
385 3737 593 3801 Demetriadis
608 3737 824 3822 Chalcidisque
842 3741 981 3823 praesidia
994 3743 1075 3804 intra
1090 3743 1174 3804 deci-

124 3824 233 3886 ‘mum
247 3825 327 3888 diem
340 3826 496 3888 audituros
507 3825 654 3888 deducta:
671 3825 926 3890 Acrocorinthum
936 3829 1009 3911 ipsis
1019 3829 1175 3911 extemplo

124 3910 319 3976 ‘ridentibus
344 3933 473 3976 vacuam
491 3913 612 3976 Aeneis
637 3913 841 3977 traditurum:
865 3926 902 3977 ut
922 3933 1027 3978 omnes
1052 3914 1176 3993 scirent,

123 4029 378 4150 c'lmrnmoquntGrori.
389 4035 460 4090 Creu.
546 4035 858 4104 *nuneoictmiuaoncjirgo
871 4037 953 4087 Eas.
1025 4040 1184 4103 ”gravium

144 4115 193 4149 rev.
259 4117 278 4151 r.

156 4205 180 4262 ⁷,¹
206 4206 346 4257 &ovim
383 4207 491 4270 auerte]
530 4208 636 4274 Inclyta,
667 4209 722 4258 bere
736 4211 883 4274 gruoirrr‘rncr
905 4209 974 4276 ldquc
990 4209 1081 4259 admisit
1099 4206 1175 4260 clert-

124 4271 233 4320 mese
253 4273 358 4322 cirltnia
401 4273 441 4322 Sic
462 4287 530 4338 supra
550 4275 635 4324 c.·17.
669 4289 717 4322 cur.
751 4275 840 4326 mma
850 4275 1055 4326 Victorlnosllber.

90 4365 98 4376 -
124 4335 262 4400 ἃμῑίωπι,
294 4353 387 4403 grum
416 4347 484 4401 otan
512 4341 636 4401 epulantem
700 4341 724 4377 ⁷²
740 4337 797 4388 *Iu
813 4343 860 4402 ipro
878 4343 975 4393 uindicta
992 4338 1095 4392 litaturis
1111 4344 1193 4404 ptri-⁴

121 4402 241 4454 mm.
274 4403 386 4453 Cererem
405 4405 447 4452 hio
466 4403 524 4452 oltra
541 4404 634 4466 legeba-
667 4404 753 4472 rurum]
775 4405 905 4454 Perirunrn
926 4408 949 4455 in
968 4407 995 4458 lis
1015 4407 1069 4472 lps'n
1086 4407 1176 4474 conati·
