3026 5164
361 361 421 418 ns
494 333 502 356 ⁸
770 352 855 412 urm
875 351 977 412 urvn

193 491 229 606 X·
237 493 337 609 815ξὲ
402 507 484 572 LIII.
503 507 593 578 Dum
617 529 654 570 ea
673 509 704 571 ln
731 507 937 590 Peloponneso
966 507 998 589 (a
1017 478 1128 590 ¹quibus
1152 505 1278 569 dirertit
1292 505 1401 584 oratio)

193 623 308 672 Demetrii
330 613 334 624 '
359 609 514 680 geruntur,
554 596 666 658 reditus
700 597 732 658 in
763 594 980 658 Macedoniam
1003 593 1152 657 Demetrii
1175 595 1404 675 legatorumque

192 688 315 738 nuituis
359 685 448 748 aliter
471 685 597 746 aliomm
621 682 775 744 adfecerat
799 684 926 744 animos.
948 683 1054 764 vulgus
1078 680 1301 758 Macedonum,
1331 699 1405 760 quos
1510 695 1511 736 ἐ

193 753 306 832 'Im
359 771 430 834 belli
456 772 495 832 ab
518 769 665 831 Romanis
692 770 867 833 inminentis
895 783 994 831 metus
1019 781 1175 846 terruerat,
1201 766 1405 842 Demetrium,
1509 783 1511 832 ἐ

193 834 263 869 Μ’
359 870 394 921 ut
409 857 493 940 pacis
508 868 675 935 auctorem,
690 877 760 918 cum
775 857 890 938 ingenti
916 857 1017 919 favore
1038 855 1291 939 conspiciebant:
1317 853 1402 914 simul

282 961 284 966 ’
359 955 392 1006 et
405 965 459 1027 spe
479 943 560 1005 haud
583 942 675 1006 dubia
697 964 823 1024 reguum
850 943 877 1004 ei
900 954 972 1025 post
994 954 1124 1004 mortem
1145 943 1241 1025 patris
1267 941 1403 1002 destina·

359 1032 443 1093 bant.
475 1029 593 1108 ιΝαῐιι,
607 1030 685 1091 etsi⁶
703 1030 825 1092 minorb
841 1041 940 1108 atate,
955 1031 1054 1112 qunm‘
1062 1029 1196 1107 Perseus,
1213 1039 1308 1105 esset,
1325 1027 1405 1088 huuc

359 1121 370 1151 ‘
384 1116 593 1199 tamenjusta⁶
603 1117 853 1194 matrefamiliae⁰;
865 1118 969 1178 ⁷illum
980 1117 1088 1200 pellice
1098 1129 1198 1179 ortum
1208 1135 1293 1176 esse:
1308 1114 1407 1190 illurn,

359 1206 370 1238 ‘
384 1215 419 1266 ut
429 1223 468 1267 ex
477 1205 601 1286 vulgato
613 1224 739 1286 corpore
750 1204 897 1286 genitum,
910 1204 1023 1266 nullam
1035 1204 1109 1267 certi
1119 1203 1213 1285 patris
1224 1214 1337 1263 notam
1351 1202 1406 1262 ha-

358 1293 369 1325 ‘
384 1292 475 1371 bere3
487 1292 728 1379 huncsinsignem
742 1291 872 1374 Philippi
882 1291 1111 1354 slmilitudinem
1122 1310 1181 1373 prae
1192 1311 1225 1350 se
1236 1290 1331 1350 ferre.
1356 1288 1405 1349 Ad

359 1378 370 1410 ‘
385 1380 454 1456 hoc,
475 1377 630 1440 Romanos
645 1377 834 1440 Demetrium
855 1378 886 1438 iu
899 1390 1027 1460 paterno
1043 1378 1120 1439 solio
1135 1378 1311 1453 locamros3
1339 1373 1409 1435 Per·

194 1465 322 1513 lnrersuu
359 1466 426 1526 ‘sei
443 1466 556 1527 nullam
572 1464 653 1548 apud
668 1485 720 1526 eos
741 1465 871 1546 gratiam
897 1463 985 1526 csse'
1022 1463 1096 1526 Haec
1120 1465 1210 1544 vulgo
1235 1463 1408 1544 loqueban-

193 1531 313 1642 {gom
358 1563 430 1634 tur.¹
451 1553 554 1634 itaque
590 1563 621 1613 et
658 1549 767 1614 Persea
787 1559 871 1614 'cura
901 1554 1042 1633 angebat,
1075 1573 1114 1613 ne
1148 1570 1256 1633 parum
1292 1571 1351 1632 pro
1376 1571 1408 1611 se

312 1628 318 1642 '
358 1659 419 1702 una
457 1653 530 1701 aetas
568 1639 690 1716 valeret,
727 1659 820 1720 quum
848 1639 987 1700 omnibus
1018 1639 1084 1700 aliis
1114 1639 1200 1700 rebus
1227 1638 1326 1699 frater
1356 1658 1434 1718 su-l

195 1759 299 1824 Philippo
358 1726 459 1809 perior
474 1737 575 1788 esset:
598 1738 630 1787 et
653 1724 808 1808 Philippus
831 1726 906 1808 Ipse,
927 1726 977 1787 vix
1000 1727 1044 1787 sui
1064 1725 1182 1787 arbitrii
1207 1725 1286 1803 fore,
1313 1723 1427 1808 quem

194 1826 331 1889 quoqusin-
358 1813 509 1874 heredem
538 1812 622 1893 regni
651 1812 843 1892 relinqueret,
873 1811 1012 1890 credens,
1040 1807 1101 1874 sibi
1134 1823 1258 1894 quoque¹
1283 1813 1406 1891 gratio-

194 1891 316 1968 l¹⁸¹¹⁸,¹'‘·
360 1919 424 1961 rem
446 1920 521 1978 esse,
546 1919 636 1980 quam
661 1899 762 1977 vellet,
792 1900 939 1962 minorem
966 1898 1059 1961 lilium
1086 1899 1240 1962 censebat.
1296 1897 1405 1960 Offen-

194 1967 297 2005 neurus
360 1986 488 2049 debatur
524 1986 675 2050 interdum
709 2007 855 2047 concursu
891 1984 1096 2048 Macedonum
1130 1987 1168 2048 ad
1197 1977 1279 2062 euin,
1302 1999 1336 2047 et
1359 1985 1404 2046 sl·

359 2086 456 2134 teram
467 2071 534 2166 jam
556 2093 587 2133 se
613 2073 680 2133 vivo
705 2073 819 2154 regiam
846 2094 911 2136 esse
933 2073 1156 2155 indignabatur.
1200 2071 1243 2134 Et
1265 2073 1332 2154 ipse
1349 2071 1400 2154 ju·

359 2160 441 2221 venis
456 2160 537 2220 haud
564 2159 653 2230 dubie
679 2159 811 2220 inflatior
837 2159 975 2237 redierat,
990 2161 1127 2222 subnisus
1143 2179 1216 2240 erga
1231 2180 1265 2220 se
1276 2158 1400 2240 judiciis

353 2261 493 2337 penetus,
516 2246 726 2328 concessisque
746 2246 814 2323 sibi,
835 2267 900 2328 quae
914 2248 993 2330 patri
1009 2259 1120 2329 negata
1135 2261 1258 2310 essent:
1291 2259 1323 2308 et
1336 2267 1405 2308 om·

360 2334 407 2395 nis
422 2333 539 2395 mentio
563 2331 782 2411 Romanorum,
808 2347 952 2414 quantam
978 2335 1158 2416 dignitatem
1180 2335 1207 2396 ei
1224 2333 1307 2416 apud
1321 2347 1405 2395 cete·

361 2441 410 2482 ros
425 2417 624 2496 Macedonas,
639 2431 757 2481 tantam
777 2420 934 2498 invidiam,
956 2441 1018 2482 non
1043 2421 1124 2502 apud
1149 2421 1275 2482 fratrem
1299 2419 1403 2496 modo,

362 2505 523 2567 sedetiam
544 2507 624 2588 apud
649 2504 781 2584 Patrem,
803 2507 1006 2569 conciliabat:
1032 2509 1137 2588 utique
1161 2520 1323 2590 postquam
1352 2507 1403 2569 alii

362 2591 454 2673 legati
484 2591 615 2654 Romani
641 2603 797 2670 venerunt,
827 2607 859 2655 et
887 2596 1052 2675 cogebatur
1082 2594 1228 2656 decedere
1256 2591 1402 2672 Ilrracis,

362 2678 557 2759 presidioque
572 2678 732 2756 deducere,
746 2691 779 2740 et
792 2679 862 2757 alia,
877 2691 930 2743 aut
948 2701 986 2742 ex
1011 2683 1135 2744 decreto
1157 2683 1284 2764 priorum
1312 2681 1398 2762 lega·

360 2775 471 2842 torum,
487 2775 540 2825 aut
555 2785 682 2848 exnova
697 2766 913 2828 constitutione
929 2780 1062 2843 senatus,
1088 2769 1193 2830 facere.
1226 2765 1310 2828 ⁸Sed
1325 2787 1395 2828 om-

361 2851 413 2913 nia
426 2871 556 2913 rnoerens
572 2851 694 2932 quidem
710 2865 742 2914 et
756 2873 891 2933 gemens,
910 2853 959 2932 (eo
981 2855 1090 2935 magis,
1112 2855 1192 2936 quod
1214 2854 1309 2915 lilium
1334 2855 1398 2915 Ire-

361 2939 549 3018 quentiorem
563 2958 659 3020 prope
678 2958 747 2999 cum
772 2939 841 3018 illis,
864 2959 954 3020 quam
980 2933 1095 3018 secum,
1122 2941 1274 3018 cernebat)
1298 2943 1400 3002 'obe-

362 3023 477 3085 dienter
492 3036 593 3085 tamen
608 3025 748 3086 adversus
770 3024 925 3088 Romanos
948 3027 1089 3105 faciebat,
1117 3047 1156 3088 ne
1172 3047 1263 3108 quam
1279 3047 1404 3088 moven-

362 3111 392 3172 di
408 3111 563 3193 extemplo
578 3111 648 3172 belli
664 3132 801 3173 caussam
817 3114 974 3195 praeberet.
1017 3114 1206 3176 Avertendos
1222 3115 1317 3175 etiam
1338 3113 1403 3174 ani-

508 3217 612 3266 lsrrs'uore
623 3219 696 3268 Gron.
908 3221 1093 3284 ‘matrefamilias
1103 3220 1176 3271 Gron.
1188 3221 1259 3269 Crer.

396 3308 497 3357 lutino
506 3307 580 3371 utute]
604 3309 641 3358 Sit
660 3310 786 3373 loquuntur
806 3310 866 3360 LttI·
899 3315 1040 3375 uxoreejus,
1057 3325 1163 3375 tanquam
1180 3311 1405 3373 legit'rmumutrius-

363 3375 396 3432 ni,
407 3389 452 3422 non
463 3375 543 3422 nurture
558 3383 630 3434 oetots,
653 3379 765 3438 quomodo
782 3377 867 3425 babent
900 3393 944 3439 que
955 3379 1035 3435 finum,
1054 3380 1155 3438 agnitum
1167 3391 1193 3424 et
1210 3379 1286 3441 palam
1304 3378 1404 3424 habitum

364 3441 518 3487 Gronovianae
534 3440 654 3488 editiones.
688 3441 721 3488 Et
739 3457 777 3489 ess
797 3444 866 3489 reicl.
899 3460 957 3500 esse,
975 3445 1104 3506 acproinde
1121 3444 1279 3506 prolegitimo
1295 3459 1404 3503 scaages-

363 3505 414 3553 lunt
426 3505 570 3553 Onooieuses
582 3504 678 3552 Hsamii
693 3507 758 3555 codd.
776 3518 801 3556 et
811 3523 864 3556 uos-
896 3511 966 3557 sisse:
993 3511 1034 3557 red
1059 3521 1135 3556 ortum
1160 3511 1211 3573 ejus
1237 3510 1319 3556 multis
1336 3508 1404 3558 fuiss

363 3569 704 3630 ruvienetnndreuednip.
897 3585 1037 3638 suspectum,
1067 3575 1177 3636 variisque
1205 3577 1326 3638 jactatum
1356 3589 1405 3624 ms
1507 3555 1508 3582 i

396 3633 600 3698 ⁶Motrelirmilios]
616 3635 698 3697 Scripsi
709 3647 733 3685 et
743 3649 799 3686 vett.
810 3639 866 3686 editi
897 3642 1048 3699 sermonibus,
1064 3639 1142 3686 allisa
1158 3639 1264 3704 Philepo
1281 3655 1336 3690 eum
1354 3655 1404 3687 sus-
1507 3643 1508 3646 ’

364 3699 530 3762 matrsjiuuilr'oe.
564 3700 594 3747 Et
612 3713 711 3762 constat,
732 3705 799 3750 modo
817 3705 868 3762 hoc,
899 3706 1180 3770 ceptum-essesxpallics
1201 3706 1341 3765 dioentibm,
1358 3707 1408 3754 abis
1507 3733 1508 3750 t

366 3767 433 3813 modo
457 3763 512 3812 illud
540 3765 645 3813 maluisse
671 3780 767 3815 veteres.
794 3768 866 3818 Gno·
899 3771 965 3834 plane
996 3773 1109 3818 subditum
1144 3787 1186 3834 per
1218 3773 1332 3832 fraudem,
1364 3787 1407 3821 nec

366 3843 475 3878 novius.
508 3829 638 3878 assentitur
649 3831 710 3880 Vict.
724 3835 803 3881 codex.
901 3837 1021 3898 quicquum
1035 3837 1189 3900 pertinentem
1205 3839 1234 3884 sd
1251 3839 1347 3901 stirpem
1369 3852 1407 3886 re-
1506 3823 1508 3846 ÷

397 3894 488 3942 illlum
505 3896 582 3954 pellice
600 3907 671 3944 ortum
687 3900 737 3960 esse]
767 3897 866 3952 QuInet
897 3904 964 3962 giam.

366 3955 502 4008 Plutarchus
518 3961 540 4008 ln
559 3959 653 4009 AEmilio
672 3965 736 4010 testis
756 3976 791 4012 est
807 3971 867 4013 banc
931 3967 996 4014 ⁸Ssri
1013 3969 1085 4014 omvrs'o
1106 3983 1194 4015 mmet
1213 3970 1301 4030 quidm
1322 3979 1343 4016 et
1366 3985 1410 4032 ge-

363 4025 393 4072 de
419 4027 500 4074 Perseo
515 4026 584 4074 suriam
603 4027 741 4102 opinionem,
762 4047 815 4078 eum
837 4045 867 4080 ns
898 4033 967 4096 ruera]
982 4034 1056 4080 Totus
1075 4033 1111 4081 tric
1126 4033 1189 4081 locus
1209 4035 1233 4080 iu
1255 4033 1411 4094 Grouorisuis

364 4093 466 4149 retritum
478 4092 568 4154 quidm
582 4091 685 4157 Pbrlippo
696 4110 753 4152 esse,
762 4097 801 4143 sed
812 4097 867 4144 sub·
899 4093 1037 4162 editioriibus
1050 4100 1130 4146 misere
1140 4099 1280 4148 deformatus
1291 4113 1343 4146 erat
1355 4115 1410 4164 pra-

364 4156 438 4205 ditum
455 4157 484 4204 ab
501 4157 599 4220 Philippi
615 4174 700 4206 uxore:
725 4173 865 4224 urstremque
898 4165 1127 4227 vuinterpmnouone.
1162 4165 1220 4214 Eam
1233 4167 1412 4214 erretustiori·

364 4221 416 4282 ejus
432 4223 533 4270 nominat
554 4224 729 4283 Gnathaeniam,
750 4228 866 4275 sartricem
898 4228 1125 4278 busernendsrimus.

364 4285 499 4345 Argolicam.
518 4289 550 4335 Et
561 4288 723 4352 Perseusspud
734 4291 865 4356 Liviumip-
930 4299 941 4330 ⁹
960 4295 1087 4343 Oberlisrrtsr
1106 4329 1128 4342 ..
1148 4298 1250 4344 aduersus
1289 4293 1415 4360 Ιίαιηω]

328 4357 331 4364 ’
365 4363 416 4397 sum
428 4352 621 4402 xu.ll.sicdsse
637 4354 753 4416 loquutur:
771 4361 865 4404 mersu·
898 4359 1054 4409 Obedieutern
1075 4375 1099 4408 se
1120 4363 1224 4426 pnebeas
1247 4361 1413 4410 &muamus

341 4417 436 4464 'ditum
462 4425 484 4463 et
514 4419 591 4476 psillos
618 4423 718 4482 genitum
749 4423 866 4498 appellant.
899 4425 1006 4490 Imperiis.

367 4475 402 4529 Es
412 4477 448 4530 bis
457 4477 569 4543 colligitur
581 4482 712 4535 Persuasus
725 4481 829 4552 Philippo
840 4495 866 4537 st
1050 4480 1055 4488 ⁴
1079 4481 1083 4488 ⁶
