3080 5196
407 397 466 454 an
829 383 1035 482 nrrjnrvn

245 575 320 627 ωε,
332 574 388 626 561.
456 548 511 613 IX.
533 545 697 627 Antiocho,
720 546 760 609 ad
784 545 896 610 Pheras
918 546 985 630 jarn
1010 557 1112 607 castra
1137 537 1290 622 babenti,
1305 537 1360 602 ubi
1386 557 1464 601 cou-

248 645 279 694 Α·
289 641 321 701 Cr
333 641 385 689 191.
408 637 574 722 junxerant
589 638 617 698 ei
632 659 664 698 se
679 632 776 698 AEtoli
792 647 825 698 et
838 633 1045 718 Amynander,
1067 629 1162 714 legati
1178 629 1216 690 ab
1231 628 1355 690 Larissa
1368 647 1462 689 vene·

244 709 374 822 {¹323
413 737 494 803 runt,
527 735 702 807 quaercntes,
735 721 817 803 quod
846 723 886 783 ob
916 719 1031 783 factum
1061 718 1213 781 dictumve
1240 711 1463 776 Thessalorum

245 838 286 890 lta.
369 803 381 818 ⁰
412 812 492 875 bello
507 812 668 875 lacesseret
689 809 764 872 eos?
793 808 882 870 simul
898 819 1033 885 orantes,
1046 818 1093 886 ut,
1108 814 1226 868 remoto
1242 801 1396 878 exercitu,
1410 821 1464 883 per

410 897 540 981 legatos,
569 897 594 960 si
625 896 698 978 quid
724 897 752 958 ei
781 896 944 974 videretur,
973 913 1075 956 secum
1102 892 1297 972 disceptaret.
1341 887 1460 950 Eodem

410 997 548 1068 tempore
572 985 753 1074 quingentos
779 995 925 1062 armatos,
956 981 1032 1043 duce
1058 977 1265 1076 Hippolocho,
1288 974 1406 1038 Pheras
1431 975 1461 1036 in

409 1071 582 1156 praesidium
608 1071 773 1134 miserunt:
806 1070 849 1149 hi,
867 1069 988 1131 exclusi
1012 1067 1108 1144 aditu,
1127 1083 1193 1146 Jarn
1220 1063 1328 1125 omnia
1353 1062 1461 1124 itinera

409 1159 617 1223 obsidentibus
629 1159 729 1242 regiis,
746 1155 921 1219 Scotussam
937 1175 969 1217 se
984 1161 1175 1234 receperunt.
1218 1147 1461 1232 Legatislnris·

409 1239 546 1309 saeorum·
561 1268 614 1309 rex
638 1247 804 1308 clementer
829 1240 995 1323 respondit,
1023 1237 1116 1300 ‘Non
1141 1237 1214 1299 belli
1240 1236 1385 1314 faciendi,
1407 1235 1463 1298 sed

409 1333 421 1367 ‘
435 1334 554 1396 tuenda
564 1345 601 1395 ¹et
612 1329 799 1396 stabiliendae
808 1327 957 1390 libertatis
964 1325 1181 1388 'lbessnlorum
1192 1344 1312 1401 caussa,
1318 1344 1353 1385 se
1361 1321 1461 1384 'liras-

408 1421 540 1482 ‘saliam
569 1414 720 1480 intrasse.'
775 1411 896 1477 Similia
925 1413 972 1475 his
1003 1412 1052 1493 qni
1082 1432 1152 1474 eum
1181 1409 1312 1472 Pheraeis
1348 1421 1461 1492 ageret,

407 1507 527 1569 missus.
551 1504 599 1567 cui
624 1503 708 1565 nullo
732 1501 805 1564 dato
831 1519 986 1583 responso,
1009 1497 1123 1580 Pberaei
1154 1497 1238 1580 ipsiu
1261 1497 1401 1580 legatum
1422 1496 1460 1558 ad

406 1613 523 1674 regern,
545 1585 713 1674 principem
728 1588 860 1651 civitatis
875 1585 1066 1664 Pausaniam,
1090 1585 1245 1648 miserunt.
1289 1583 1356 1655 Qut
1369 1604 1459 1666 qurnn

408 1679 492 1740 haud
506 1677 664 1740 dissimilia
678 1677 737 1756 his,
758 1687 794 1739 ut
817 1675 849 1737 in
871 1695 978 1736 caussa
993 1673 1069 1757 pari,
1092 1692 1158 1754 quae
1172 1692 1228 1754 pro
1243 1671 1457 1734 Chalcidensi·

408 1765 464 1827 bus
486 1764 518 1826 in
543 1764 706 1846 conloquio
732 1763 771 1824 ad
800 1759 904 1844 Euripi
935 1762 1045 1823 fretum
1077 1760 1161 1822 dicta
1187 1770 1286 1837 erant,
1317 1758 1454 1841 quaedam

408 1851 500 1913 etiam
516 1849 659 1930 ferocius,
671 1849 804 1932 egisset3
829 1870 881 1911 rex
889 1848 990 1912 ctiam
1007 1858 1097 1929 atque
1113 1846 1206 1910 etiam
1217 1846 1395 1908 'deliberare
1406 1866 1455 1907 eos

403 1935 515 2020 jussos,
537 1957 576 1999 ne
602 1936 637 2012 id
649 1937 766 1999 consilii
787 1946 942 2019 caperent,
964 1933 1062 2017 cujus,
1083 1933 1156 1995 dum
1171 1933 1203 1994 in
1218 1933 1355 1995 brturum
1368 1933 1457 1994 nimis

408 2025 490 2087 cauti
512 2035 545 2087 et
566 2023 684 2108 providi
708 2034 818 2103 ament,
839 2024 994 2108 extemplo
1015 2021 1189 2105 poeniteret,
1209 2020 1338 2083 dimisit.
1381 2017 1457 2080 Haec

407 2111 586 2177 renunciata
608 2108 720 2173 Pheras
747 2110 864 2193 legatio‘
884 2129 977 2192 quum
1004 2121 1095 2188 esset,
1120 2129 1159 2170 ne
1181 2107 1318 2190 paullum
1335 2105 1458 2189 quidem

343 2227 347 2234 ¹
409 2198 594 2278 dubitarunt,
617 2195 691 2279 quin
713 2219 770 2281 pro
791 2197 852 2259 fide
870 2218 943 2280 erga
956 2196 1123 2275 Romanos,
1145 2194 1293 2278 quidquid
1308 2194 1372 2257 fors
1387 2192 1456 2255 belli

406 2285 535 2364 tulisset,
562 2296 747 2367 paterentur.
791 2282 899 2367 Itaque
923 2294 956 2346 et
984 2285 1016 2345 hi
1038 2303 1157 2346 summa
1179 2302 1238 2366 ope
1253 2283 1406 2366 parabant
1426 2301 1457 2342 se

406 2372 447 2433 ad
461 2373 566 2434 urbem
582 2371 826 2434 defendendam:
851 2382 884 2433 et
897 2391 953 2433 rex
967 2371 1005 2432 ab
1020 2371 1104 2432 omni
1120 2382 1207 2452 parte
1227 2369 1318 2432 simul
1340 2369 1457 2452 obpug-

406 2478 479 2519 nare
509 2458 623 2520 moenia
652 2470 699 2521 est
725 2459 882 2541 adgressus
894 2480 905 2536 ;
938 2460 964 2498 ³⁸
977 2469 1019 2536 et,
1040 2467 1076 2520 ut
1098 2459 1153 2540 qui
1168 2457 1242 2519 satis
1259 2456 1456 2540 intelligeret,

410 2543 522 2624 (neque
550 2544 632 2606 enirn
662 2545 787 2606 dubium
818 2543 895 2624 erat)
929 2545 961 2606 in
988 2557 1097 2606 eventu
1121 2543 1185 2626 ejus
1213 2544 1295 2604 urbis
1323 2541 1459 2626 positum

362 2683 364 2688 ,
407 2651 483 2707 esse,
508 2650 599 2712 quam
625 2632 754 2714 primam
785 2632 944 2714 adgressus
962 2641 1059 2710 esset,
1082 2641 1135 2693 aut
1160 2631 1256 2714 sperni
1282 2629 1401 2691 deinde
1423 2630 1459 2690 ab

405 2717 545 2779 universa
558 2729 650 2799 gente
662 2717 888 2798 Thessalorum,
911 2729 964 2780 aut
989 2718 1089 2781 timeri
1110 2739 1153 2797 se,
1175 2737 1292 2780 omnem
1317 2716 1458 2797 undique

406 2814 551 2866 terrorem
578 2804 706 2866 obsessis
733 2803 848 2888 injecit.
892 2803 1025 2867 Primum
1050 2805 1188 2888 inpetum
1213 2803 1456 2886 obpugnationis

407 2890 481 2953 satis
506 2901 680 2954 constanter
706 2893 931 2956 sustinuerunt:
963 2892 1034 2955 dein
1045 2903 1067 2972 ¹,
1091 2913 1183 2974 quum
1204 2890 1292 2952 multi
1317 2909 1456 2973 propug·

405 2989 513 3040 nantes
543 2979 697 3058 caderent,
723 2991 776 3042 aut
804 2980 1042 3057 vulnerarentur,
1074 2980 1176 3042 labare
1202 2977 1295 3039 animi
1324 2997 1454 3060 eoepere.

399 3063 552 3128 'Revocati
578 3066 688 3129 deinde
715 3067 964 3150 castigationibus
991 3067 1162 3150 principum
1191 3066 1231 3127 ad
1259 3083 1454 3148 perseuerau-

406 3152 479 3214 dum
494 3153 526 3214 in
547 3155 716 3238 proposito,
738 3153 844 3216 relicto
872 3154 1020 3217 exteriore
1042 3153 1155 3216 circulo
1170 3151 1260 3230 muri,
1283 3150 1453 3214 deficienti·

404 3240 462 3302 bus
483 3238 548 3322 jam
574 3241 740 3325 copiis,·in
765 3240 936 3303 interiorem
962 3250 1079 3324 partem
1104 3239 1186 3303 urbis
1216 3249 1451 3314 concesserunt5

405 3327 454 3388 cui
480 3327 599 3390 brevior
636 3328 718 3390 orbis
748 3328 924 3391 munitionis
953 3327 1164 3412 circumjectus
1197 3337 1274 3389 erat.
1300 3338 1455 3408 postremo

404 3413 591 3494 victimalis,
613 3435 706 3497 quum
721 3415 875 3494 timerent,
897 3435 937 3477 ne
959 3415 988 3476 vi
1012 3416 1111 3497 captis
1136 3414 1221 3477 nulla
1247 3415 1339 3498 apud'
1355 3413 1452 3474 vieto-

405 3520 470 3563 rem
485 3502 573 3562 venia
588 3513 678 3581 esset,
702 3501 883 3564 dediderunt
907 3523 983 3564 sese.
1027 3499 1113 3563 Nihil
1136 3502 1209 3564 inde
1230 3511 1362 3563 moratus
1384 3519 1453 3578 rex,

405 3598 535 3666 quatuor
559 3588 655 3649 millia
678 3600 874 3668 armatorum,
897 3589 969 3651 dum
989 3608 1094 3651 recens
1109 3599 1207 3651 terror
1222 3599 1311 3666 esset,
1325 3583 1455 3647 Scottis-

404 3685 480 3734 sam'
500 3673 593 3736 misit.
617 3695 675 3737 nec
696 3675 739 3737 ibi
765 3697 851 3738 mora
878 3674 1040 3738 deditionis
1066 3688 1114 3738 est
1138 3675 1233 3755 facta,
1262 3673 1455 3737 cernentibus

403 3757 594 3824 Pheraeorum
617 3782 720 3824 recens
742 3763 935 3847 exemplum:
959 3763 1021 3845 qui,
1045 3761 1127 3843 quod
1142 3763 1339 3846 pertinaciter
1354 3760 1454 3844 primo

403 3848 583 3927 abnuerant,
614 3849 696 3912 rnalo
723 3849 831 3912 domiti
855 3849 980 3928 tandem
1007 3849 1161 3913 fecissent.
1188 3870 1258 3912 cum
1283 3849 1353 3931 ipsa
1380 3847 1455 3908 urbe

402 3929 615 4017 Hippolochus
641 3934 912 4019 Larisaeorumque
938 3935 1073 3998 deditum
1088 3948 1136 4020 est
1150 3935 1336 4021 presidium.
1358 3937 1385 3980 ²⁷
1397 3933 1454 3995 Di-

266 4039 287 4102 .'
402 4021 485 4085 missi
501 4023 540 4088 ab
559 4044 628 4108 rege
648 4023 784 4088 inviolati
810 4045 935 4103 omnca3
959 4023 1042 4106 quod
1068 4045 1137 4088 eam
1161 4045 1225 4088 rem
1252 4022 1357 4106 magni
1383 4041 1452 4085 ruo·

801 4117 839 4145 ‘a

499 4230 512 4268 t
527 4221 580 4276 add.
589 4239 654 4274 orum
665 4221 738 4275 Gron.
748 4221 817 4274 Cret.
1141 4229 1152 4260 l
1165 4223 1243 4276 deiude
1255 4221 1322 4275 Eoed.

433 4361 455 4398 ³⁶
472 4362 514 4426 Et]
531 4364 907 4432 Adjcrimusprrticulemct,quoe
971 4364 994 4405 ³⁷
1018 4363 1110 4415 Dimissi
1135 4363 1163 4414 ab
1183 4381 1236 4431 rege
1255 4365 1360 4414 inuiolati
1382 4377 1457 4420 mn.

399 4439 424 4477 et
438 4433 564 4479 neceruria
575 4432 620 4480 visa
633 4445 677 4489 est,
689 4445 714 4482 et
728 4445 802 4482 exstat
814 4433 837 4479 in
848 4433 907 4481 libro
939 4433 997 4495 quod
1006 4449 1053 4480 com
1062 4448 1109 4480 corr
1124 4465 1131 4480 .
1149 4467 1156 4480 .
1173 4467 1180 4480 .
1198 4463 1206 4481 .
1225 4429 1335 4493 futuram
1347 4430 1400 4498 rea]
1415 4429 1455 4475 Vel

398 4493 526 4612 glrtpntpvlgt
536 4497 614 4564 ponc
624 4498 772 4561 editionibus,
787 4509 848 4551 teste
859 4499 918 4549 lac.-
939 4497 1033 4614 pplclptob
1042 4513 1100 4566 rege,
1106 4496 1142 4550 rel
1152 4513 1198 4548 rer.
1231 4496 1385 4548 Alterutrum
1396 4497 1454 4548 eain
