3110 5204
415 389 493 450 LIII.
506 389 652 450 XXXIV.
671 389 752 450 ΟΑΡ.
766 387 911 448 XXVIII.
1129 391 1188 460 1⁶7

133 563 210 606 men
234 542 444 626 responderat,
470 544 502 604 in
529 543 700 606 custodiam
724 542 871 606 tradiditr
896 553 990 607 nocte
1015 543 1186 628 insequenti
1198 558 1233 610 U.
1246 561 1349 616 c.557.'

134 649 245 708 omnes
260 629 423 692 interfecti·
466 631 492 668 ⁸⁸
502 628 649 691 Ilotarum
664 628 776 690 deinde
798 629 934 710 quidam,
965 629 1097 709 (bisunt
1118 632 1186 714 jam
1199 623 1272 680 Ν·
1285 629 1346 681 ¹9⁵*

134 715 212 778 inde
232 715 399 797 antiquitus
414 714 582 793 castellani,
603 725 721 796 agreste
735 714 843 796 genus)
868 710 1057 798 transfugere
1073 720 1186 784 voluis·

136 822 172 864 se
187 801 365 879 insimulati,
392 821 446 881 per
470 820 576 864 omnes
589 801 673 863 vicos
686 801 742 864 sub
759 801 930 864 verberibus
950 804 1013 865 acti
1029 816 1189 872 necantur.

136 888 200 950 hoe
214 899 328 950 terrore
353 889 573 970 obstupuerant
593 886 796 950 multitudinis
821 889 914 950 anImi
938 889 977 951 ab
992 893 1076 952 omui
1092 912 1190 956 cona-
1234 947 1239 959 .

136 984 175 1036 tu
189 993 337 1036 uovorum
353 973 559 1036 consiliorum.
603 971 689 1036 intra
712 973 897 1037 munitIones
920 975 1024 1058 copias
1048 979 1189 1042 contiue-

136 1059 205 1138 bat,
228 1080 286 1122 neo
308 1080 415 1142 parem
433 1081 465 1122 se
487 1071 581 1135 raum,
607 1060 634 1121 si
648 1059 794 1122 dimicare
810 1060 876 1122 acie
891 1061 984 1123 vellet
994 1083 1005 1140 3
1034 1075 1067 1126 et
1082 1066 1189 1128 urbem

138 1147 322 1228 relinquere,
347 1157 412 1208 tarn
438 1147 589 1229 suspensis
613 1156 647 1209 et
670 1146 792 1209 incertis
815 1147 953 1210 omnium
975 1148 1096 1229 animis,
1121 1169 1191 1214 mo·

138 1243 242 1296 tuens.
434 1261 441 1280 ·
728 1281 733 1292 .

183 1316 334 1382 XXVIII.
357 1281 529 1398 Quinbtius‚
554 1319 628 1383 satis
650 1319 716 1400 jam
743 1320 884 1382 omnibus
912 1321 1038 1402 paratis,
1067 1322 1192 1404 profec-

154 1425 193 1467 us
220 1407 258 1468 ab
282 1406 408 1484 stativis,
436 1407 485 1468 die
512 1407 607 1468 altero
626 1407 666 1466 ad
681 1403 839 1466 Sellasiam
864 1425 955 1486 super
970 1406 1109 1470 OEuunta
1131 1408 1189 1472 llu-

138 1492 225 1553 vium
247 1493 402 1574 pervenit:
430 1512 489 1573 quo
514 1492 546 1554 in
575 1491 857 1572 locoAntigonus,
886 1489 1096 1556 Macedonum
1123 1514 1189 1573 rex,

140 1598 215 1639 cum
239 1577 414 1654 Cleomene,
440 1577 737 1639 Lacedaemoniorum
761 1589 903 1659 tyranno,
938 1577 1032 1659 signis
1058 1579 1188 1640 conlatis

28 1726 35 1732 ,
141 1663 305 1726 dimicasse
320 1664 488 1728 dicebatur.
506 1664 588 1742 inde,
611 1684 705 1745 quum
721 1663 856 1726 audisset
871 1665 895 1712 ³⁷
907 1663 1111 1738 admemumb
1126 1663 1188 1726 dil·

140 1748 235 1812 ficilis
251 1765 282 1812 et
296 1761 366 1812 artse
380 1751 434 1812 vioe
450 1771 526 1828 esse,
550 1751 631 1812 brevi
656 1771 710 1832 per
729 1759 858 1838 montas—
873 1749 1003 1812 circuitu
1016 1749 1189 1832 premissis,

143 1836 201 1916 qui
216 1838 365 1898 munirent
378 1838 470 1915 viam,
493 1837 556 1898 lato
578 1836 652 1898 satis
675 1847 706 1898 et
727 1836 847 1918 patenti
869 1835 965 1900 limite
988 1837 1027 1898 ad
1041 1835 1189 1899 Eurotam

141 1941 278 2000 amnem,
308 1924 362 1984 sub
383 1924 457 2005 ipsis
482 1943 578 2005 prope
602 1923 746 1984 liuentem
774 1922 937 2001 moenibus,
963 1923 1110 2004 pervenit.
1136 1919 1189 1983 ubi

143 2019 247 2070 castra
259 2019 410 2072 metantes
427 2008 582 2072 Romanos
607 2007 845 2089 Quinctiumque
871 2008 981 2090 ipsum,
1008 2029 1077 2070 curn
1103 2007 1189 2088 equi·
1202 1995 1336 2077 Ifflfll'ffl

141 2094 226 2156 tibus
242 2105 332 2178 atque
354 2095 506 2178 expeditis
521 2115 730 2178 praegressum,
753 2094 913 2156 surriliaree
937 2094 1059 2177 tyranni
1079 2093 1190 2169 adorti,
1202 2077 1346 2198 {ffiffi}

142 2179 177 2240 in
192 2183 340 2244 terrorem
364 2202 401 2244 ac
423 2181 584 2244 tumultum
600 2179 806 2261 conjecerunt,
832 2181 909 2242 nihil
931 2180 994 2244 tale
1009 2191 1191 2262 exspectan·

142 2277 201 2343 tes,
225 2268 298 2348 quia
311 2287 404 2330 nemo
419 2268 467 2329 his
489 2267 593 2328 obvius
614 2277 682 2328 toto
705 2265 813 2328 itinere
836 2265 946 2344 fuerat,
970 2286 1007 2328 ac
1021 2267 1113 2328 veluti
1134 2287 1191 2350 pa-

143 2365 217 2413 cato
232 2373 307 2434 agro
322 2354 514 2414 transierant.
557 2351 755 2433 Aliquamdiu
776 2351 930 2432 peditibus
953 2353 1082 2434 equites,
1104 2353 1192 2434 equi-

141 2436 225 2498 tibus
241 2439 360 2518 pedites
374 2438 563 2514 vocantibus,
586 2456 679 2519 quum
706 2437 738 2497 in
760 2456 792 2496 se
813 2438 923 2517 cuique
936 2438 1097 2501 minimum
1112 2437 1193 2500 fidu·

144 2522 198 2584 ἐκ
214 2534 307 2600 erret,
330 2522 514 2604 trepidatum
530 2532 586 2583 est.
612 2519 737 2581 tandem
761 2520 850 2600 signa
871 2521 1027 2601 legionum
1050 2543 1190 2606 superve-

144 2617 277 2669 nerunt:
305 2618 347 2684 et,
374 2627 467 2688 quum
490 2606 579 2689 primi
603 2605 732 2686 agminis
754 2605 896 2667 cobortes
914 2606 1045 2670 inductas
1060 2609 1093 2670 in
1108 2630 1192 2691 proe-

144 2694 219 2756 llum
234 2704 347 2770 essent,
372 2693 422 2774 qui
448 2692 542 2753 modo
563 2692 669 2754 terrori
684 2690 814 2770 fluerent,
833 2691 1021 2774 trepidantes
1037 2695 1069 2756 in
1083 2695 1191 2757 urbem

145 2779 295 2861 compulsi
310 2789 389 2841 sunt.
434 2777 578 2856 Romani,
601 2797 692 2861 quum
715 2787 835 2838 tantum
850 2799 869 2840 a
883 2798 970 2842 muro
985 2781 1191 2859 recessissent,

145 2876 183 2928 ut
196 2877 283 2927 extra
296 2865 393 2928 ictum
415 2865 468 2927 toli
493 2875 605 2942 essent,
633 2865 698 2926 acie
713 2863 830 2925 directa
843 2865 1007 2947 paullisper
1030 2877 1192 2931 steterunt.

146 2950 312 3033 Postquam
327 2971 419 3013 uerno
434 2952 568 3013 hostium
592 2962 701 3013 contra
726 2950 840 3028 exibat,
865 2951 1018 3013 redierunt
1032 2953 1064 3014 in
1080 2965 1192 3016 castra.

144 3035 272 3100 Postero
288 3039 337 3100 die
353 3038 514 3108 Quinctius
536 3058 631 3120 prope
651 3037 763 3098 flumen
783 3048 893 3120 prater
910 3039 1016 3100 urbem
1038 3039 1094 3100 sub
1108 3039 1190 3122 ipsas

145 3123 329 3186 ”Menelaii
351 3126 463 3187 montis
490 3123 607 3186 radices
633 3124 743 3186 ducere
758 3124 869 3205 'copias
895 3124 1057 3187 instructas
1081 3126 1193 3208 pergit.

142 3212 250 3294 prImae
265 3209 435 3292 legionarias
451 3211 592 3272 cohortes
616 3209 725 3270 ibant:
748 3208 821 3270 levis
845 3220 998 3271 annanrra
1019 3221 1052 3271 et
1074 3210 1191 3290 equites

146 3317 259 3378 agmen
274 3298 433 3378 cogebant.
477 3295 574 3357 Nabis
589 3296 669 3356 intra
688 3313 807 3355 murum
829 3293 994 3355 instructos
1009 3303 1193 3375 paratosque

147 3383 207 3444 sub
222 3383 315 3462 signis
330 3383 464 3444 habebat
478 3381 682 3443 mercenarIos
706 3377 829 3454 milites,
859 3377 903 3455 (in
919 3379 1026 3456 quibus
1042 3379 1141 3440 omnis
1156 3379 1192 3441 n-

147 3467 238 3530 dncia
252 3467 328 3547 erat)
357 3479 392 3530 ut
408 3469 446 3529 ab
462 3479 548 3549 tergo
574 3467 696 3526 hostem
719 3461 944 3543 adgrederetur.
958 3473 1122 3546 postquam
1137 3484 1193 3528 ex·
1210 3519 1218 3537 ,
1237 3471 1262 3504 ·”’

552 3611 565 3648 I’
581 3627 687 3662 ocmrurn
699 3610 772 3659 Grou.

188 3744 210 3786 ὓ
232 3745 248 3777 ³
266 3744 537 3808 Ilotarum....quidom]
581 3743 656 3802 llatae,
686 3749 822 3792 ooccrentur.
861 3741 1040 3806 Duplexigitur
1057 3743 1102 3791 init
1118 3743 1196 3792 Heio-

146 3811 304 3870 seulIeIorae,
324 3809 409 3876 publici
419 3809 486 3858 luere
507 3809 655 3858 Lacedaemo·
687 3818 762 3856 tuum
774 3821 856 3870 genua,
868 3808 965 3856 alterum
983 3809 1098 3870 antiquius
1108 3809 1136 3855 ab
1155 3822 1196 3855 ur·

145 3877 240 3926 nicrum
251 3876 319 3926 cervi.
351 3873 417 3934 †nc
428 3890 508 3923 eorum
519 3874 604 3936 origiue
622 3876 655 3923 ric
687 3873 716 3920 be
730 3871 801 3929 Helo,
813 3872 910 3920 alterum
921 3873 1037 3922 recentius
1055 3873 1196 3920 aMessenc.

147 3941 220 3990 lubet
246 3941 369 3990 Pamsnias
393 3941 418 3987 in
449 3940 581 3988 laconicisr
619 3941 656 3987 Ad
689 3937 774 3985 Eonrm
801 3937 897 4000 plurima
924 3939 1011 3986 mentio
1038 3937 1137 3984 occurrit
1169 3937 1196 3984 in

147 4023 211 4054 more
228 4003 299 4069 (quod
316 4005 539 4068 alluitlaconicam)
562 4005 656 4067 oppido·
688 4002 912 4050 lacedaemoniorum
943 4003 1045 4050 historia.
1094 4000 1196 4052 Consus

150 4070 255 4135 lurrjin't
266 4071 340 4130 Helos,
356 4085 398 4134 quo
408 4068 476 4119 Doro
499 4069 656 4134 (Lacedaemo-
689 4069 751 4116 iuter
761 4079 851 4116 ceteros
862 4067 925 4115 Plut.
935 4065 959 4114 in
971 4068 1028 4130 Lyc.

148 4151 205 4185 nem
227 4135 365 4200 insolentes)
387 4149 427 4197 par
452 4134 577 4184 obsidionem
606 4139 658 4182 runt
721 4133 744 4170 8Ἰ
760 4130 888 4194 Ascensum]
918 4130 1049 4179 Gronovius
1073 4129 1142 4178 edidit
1161 4131 1197 4178 esd

146 4201 228 4264 potitr':
247 4203 306 4265 iique
321 4202 389 4264 priori
401 4199 471 4266 sucre
486 4201 570 4262 publici
584 4197 655 4248 lace·
688 4213 782 4255 unwan,
792 4213 862 4260 quum
874 4196 1009 4260 quibusdem
1025 4195 1050 4242 in
1060 4195 1147 4260 scripula
1157 4195 1194 4246 iu·

149 4267 305 4314 dormieram
330 4268 394 4324 oroi,
415 4267 453 4328 qui
475 4269 589 4328 anquam
615 4281 657 4312 oo·
689 4264 778 4311 veniret
789 4263 918 4311 monum.

148 4345 199 4378 rrren
225 4329 365 4379 ‘Helolorurn
399 4335 546 4378 retinuerunt.
595 4328 657 4378 Obli-
722 4328 745 4362 ⁸⁸
761 4325 868 4375 Meruloii
883 4323 972 4388 montr'r]
1002 4325 1089 4388 bizonii
1112 4337 1194 4375 emen·

150 4397 202 4442 nuit
222 4395 300 4444 deindo
315 4405 413 4453 urimur
431 4397 470 4458 qul
482 4393 657 4456 porteaoDon'·
690 4391 752 4442 drtio
771 4393 825 4439 nixa
848 4391 941 4456 Polybia
962 4401 1061 4441 auctore.
1105 4392 1194 4438 firmat

150 4459 191 4507 brar
208 4461 233 4508 in
248 4463 371 4510 seruitutem
387 4461 470 4508 redacti
486 4469 547 4518 mat,
562 4459 658 4522 quemvis
689 4457 777 4506 Victor.
794 4457 873 4517 codex,
891 4457 972 4524 inquo
987 4456 1070 4521 legitur
1088 4455 1194 4516 llmrlsr',

151 4522 258 4576 Maeuii
270 4525 360 4590 suerit,
378 4523 462 4575 uerae
480 4533 552 4574 umen
576 4523 659 4587 stipsi
689 4519 873 4586 Vulgodlaeooll.
