3026 5164
389 309 628 372 mnxxxrx.
648 312 728 374 cue.
751 311 894 374 mcxix.
1007 395 1011 402 Ι
1056 283 1065 300 ’
1101 321 1160 378 ass

115 467 154 538 lis
178 479 210 532 et
225 468 263 540 Q.
280 465 540 540 Fulviusllaccus
566 469 615 550 (is,
641 471 712 553 quia
735 471 829 534 aedilis
853 463 962 537 curbis
985 469 1158 554 designatus
1171 480 1317 537 mansa

114 566 192 634 erat,
208 557 272 618 siue
288 567 360 636 toga
372 555 513 635 eandida,
528 555 582 618 sed
595 557 728 622 maxima
739 579 777 620 err
792 559 931 622 omnibns
945 559 1154 640 contentione)
1170 547 1202 604 Δ·
1213 545 1241 610 9·
1254 549 1309 604 ¹⁸⁴·

47 647 57 670 ’
114 641 273 724 petebant.
298 643 545 724 ⁴³certamenque
567 643 594 706 ei
620 665 689 706 curn
712 641 832 708 flaurine
854 658 928 708 erat.
952 657 983 708 et
998 656 1157 729 postquam

114 729 217 810 primo
231 749 359 810 aquare,
382 750 454 792 mox
477 750 618 811 superare
642 731 733 792 etiam
754 745 801 794 est
816 733 905 810 visus,
927 755 996 816 pars
1020 733 1156 798 tribuna

115 835 184 878 rum
200 811 295 898 plebis
316 837 437 898 negare,
461 817 613 878 rationem
624 812 687 898 ejus
703 817 874 882 habendam
887 840 963 897 esse,
986 819 1066 904 quod
1082 819 1157 882 duos

115 901 204 964 simul
232 923 308 967 uirus
334 903 538 984 magistratus,
569 903 731 986 praesertim
766 905 894 982 curules,
924 927 1021 988 neque
1051 927 1158 989 capere
1191 959 1192 964 ,

113 999 229 1070 posset,
253 987 321 1051 nec¹
346 1010 469 1072 gerere:
493 1010 562 1072 pars
586 989 702 1070 legibus
717 1012 786 1055 eum
802 984 875 1062 solvi
891 1013 1008 1074 aequum
1025 1013 1157 1072 censere,

112 1086 160 1154 ut,
181 1096 271 1159 quern
301 1075 401 1152 vellet,
432 1089 589 1160 praetorem
610 1077 736 1144 creandi
756 1079 871 1162 populo
899 1091 1034 1164 potestas
1061 1079 1158 1158 fieret,
1254 1145 1260 1154 ,

111 1157 149 1226 L.
160 1159 282 1226 Porcius
294 1162 399 1245 consul
414 1164 512 1246 primo
528 1163 559 1224 in
575 1183 613 1224 ea
626 1165 777 1226 sententia
787 1187 862 1244 esse,
878 1167 904 1204 ⁴⁴
914 1186 952 1228 ne
968 1187 1080 1232 nomen
1093 1165 1158 1248 equ

113 1247 276 1334 acciperet.
299 1249 418 1326 deinde,
441 1262 475 1311 ut
500 1269 539 1310 ex
563 1251 746 1314 auctoritate
772 1265 893 1314 senatus
921 1252 1003 1317 idem
1033 1253 1158 1332 laceret,

112 1337 288 1398 convocatis
303 1333 453 1414 Patribus,
476 1335 524 1374 ‘⁴⁵
534 1336 642 1398 referre
663 1359 695 1399 se
717 1337 757 1400 ad
773 1337 846 1416 eos,'
870 1338 959 1416 dixit,
982 1339 1087 1422 ‘quod
1102 1361 1157 1404 uec

113 1423 123 1454 ‘
142 1421 204 1497 'ure
218 1422 291 1499 ullo,
315 1443 372 1485 nec
388 1421 528 1504 exemplo
543 1422 696 1490 tolerabili
717 1424 815 1488 liberae
831 1425 945 1486 civitati
960 1423 1053 1486 aedilis
1069 1448 1157 1489 curu·

114 1444 178 1570 ‘lis
194 1509 368 1590 designatus
383 1517 541 1591 praeturam
555 1521 684 1590 peteret,
707 1511 775 1589 sibi,
797 1511 854 1574 nisi
870 1509 942 1592 quid
961 1511 1042 1574 aliud
1062 1512 1098 1572 iis
1112 1511 1157 1574 vi-

113 1596 124 1628 ‘
141 1595 271 1674 deretur,
287 1593 318 1658 in
334 1594 436 1658 animo
452 1617 526 1674 esse,
542 1595 637 1676 elege
650 1597 775 1660 comitia
788 1595 920 1660 habere?
965 1595 1069 1661 Patres
1085 1620 1157 1660 cen-
1188 1637 1191 1643 ·

113 1693 251 1766 suerunt,
276 1683 320 1744 uti
337 1680 372 1744 L.
387 1679 509 1744 Porcius
526 1684 631 1752 consul
655 1704 724 1744 cnm
740 1683 779 1754 Q.
795 1683 900 1748 Fulvio
916 1695 1032 1766 ageret,
1056 1706 1094 1747 ne
1110 1685 1157 1750 in-

136 1767 293 1833 edimcnto
320 1781 409 1847 esset,
433 1789 493 1852 quo
519 1769 617 1832 minus
643 1769 769 1846 comitia
794 1771 928 1854 pratoris
953 1772 984 1837 iu
1004 1771 1104 1832 locum
1123 1770 1158 1833 C.

112 1791 247 1918 llecimii
274 1852 456 1938 subrogandi
484 1877 500 1916 e
524 1853 591 1938 lege
614 1855 805 1919 haberentur.
848 1855 962 1940 Agenti
988 1857 1103 1920 consuli
1119 1880 1157 1919 ex

113 1942 379 2004 senatusconsulto
392 1940 548 2026 respondit
563 1938 698 2022 Flaccus,
722 1943 731 1976 ‘
747 1943 832 2022 nihil,
856 1941 936 2026 quod
952 1966 984 2010 sc
1000 1943 1157 2026 indignum

112 2028 232 2108 fesset,
255 2025 426 2093 iacturum!
471 2026 578 2091 Medio
603 2051 747 2112 responso
770 2051 854 2114 spem
875 2031 947 2092 ⁴iad
969 2031 1159 2100 volantatem
1238 2081 1240 2086 ,

41 2189 45 2192 ¹
113 2115 384 2198 interpretantibus
409 2115 534 2193 lecerat,
557 2135 709 2178 cessumrn
734 2115 857 2179 Patrum
881 2119 1057 2180 auctoritati
1084 2138 1158 2180 esse.

113 2201 256 2264 Comitiis
271 2203 368 2264 acrius
384 2204 487 2280 etiam,
511 2223 601 2284 quam
621 2215 703 2282 ante,
725 2205 859 2289 petebat,
882 2203 1081 2282 criminando,
1103 2225 1159 2266 ex·

114 2291 251 2372 torqueri
267 2288 323 2350 sibi
340 2311 358 2352 a
373 2281 496 2352 consule
520 2299 552 2351 et
574 2301 679 2352 senatu
700 2289 805 2374 populi
820 2289 951 2352 Romani
969 2291 1158 2370 beneficium,

114 2387 149 2438 et
172 2375 314 2438 invidiam
342 2377 488 2458 geminati
512 2375 636 2439 honoris
661 2375 744 2454 lieri3
769 2391 924 2460 tamquam
945 2397 1007 2448 non
1030 2375 1159 2460 adpare-

115 2476 174 2540 ret,
198 2461 247 2524 ubi
265 2461 440 2544 designatus
456 2473 565 2545 pretor
577 2473 665 2540 esset,
689 2461 844 2546 externplo
863 2463 1008 2526 aedilitate
1024 2485 1056 2526 se
1072 2463 1159 2526 abdi-

113 2561 267 2612 caturum.
312 2547 436 2626 Consul,
459 2569 550 2638 quum
573 2559 604 2610 et
631 2549 829 2632 pertinaciam
856 2551 988 2633 petentis
1015 2571 1159 2626 crescere,

115 2648 151 2696 et
166 2635 298 2698 savorem
315 2635 418 2718 populi
433 2636 530 2717 magis
546 2631 701 2718 magisque
716 2632 746 2707 in
768 2658 836 2698 eum
861 2635 997 2700 inclinari
1014 2648 1159 2714 cerneret,

115 2721 249 2784 dimissis
275 2721 417 2800 comitile,
447 2735 584 2784 senatum
614 2721 741 2784 vocavit.
771 2737 952 2784 censuerunt
978 2723 1159 2803 frequentes,

113 2805 288 2892 fquoniam
310 2805 452 2872 Flaccum
483 2809 646 2870 auctoritas
672 2807 793 2872 Patrum
817 2809 892 2870 nihil
914 2809 1065 2888 movisset,
1088 2809 1160 2870 ⁴⁷ad
1186 2845 1191 2856 .

115 2895 126 2928 ‘
145 2897 290 2980 populum
306 2917 374 2958 cum
391 2893 501 2958 Flacco
513 2893 685 2976 agendum'.'
723 2895 879 2958 Concione
892 2896 1049 2973 advocata,
1066 2915 1159 2975 quum

116 2983 231 3064 egisset
254 2983 378 3059 consul;
408 3004 445 3043 ne
469 2993 532 3042 tum
551 2979 671 3061 quidem
687 2981 726 3046 de
742 2983 893 3045 sententia
912 2999 1022 3060 motus,
1046 2981 1160 3062 gratias

114 3069 233 3154 populo
248 3064 388 3131 Romano
398 3069 470 3150 egit,
493 3067 600 3149 ‘quod
613 3080 698 3128 tanto
713 3069 826 3145 studio,
842 3068 1089 3149 quotiescumque
1106 3067 1160 3130 de·
1227 3107 1230 3114 ν

115 3157 126 3188 ‘
145 3155 294 3219 claranda
302 3155 466 3218 voluntatis
476 3167 611 3240 potestas
621 3153 799 3232 factaesset,
810 3169 968 3238 praetorem
978 3175 1010 3215 se
1019 3154 1161 3216 voluisset

116 3242 128 3274 ‘
146 3241 254 3306 lacere.
283 3239 393 3304 Easibi
406 3241 506 3304 studia
517 3239 626 3303 civium
639 3261 759 3302 suorum
770 3241 932 3304 destituere
944 3241 1045 3302 nonin
1059 3240 1160 3318 animo

116 3327 129 3360 ‘
146 3327 231 3392 esse.'
263 3321 337 3392 llaec
347 3351 418 3390 vero
431 3341 495 3393 tam
507 3328 660 3390 obstinata
671 3349 729 3389 vox
741 3341 858 3392 tantum
870 3329 896 3388 ci
908 3327 1040 3390 favorem
1051 3349 1160 3390 accen-

116 3411 174 3494 dit,
196 3427 231 3477 ut
253 3413 337 3480 haud
359 3414 590 3497 dubius'praetor
612 3425 700 3492 essct,
723 3415 748 3474 si
772 3413 874 3476 consul
898 3415 1034 3496 accipere
1050 3434 1160 3476 nomen

114 3501 220 3567 vellet.
265 3497 375 3584 ingens
392 3515 545 3564 certamen
566 3500 703 3577 tribunis,
726 3513 756 3562 ct
779 3502 856 3562 inter
880 3523 911 3562 se
927 3502 1021 3586 ipsos,
1043 3512 1075 3563 et
1090 3519 1158 3562 cum
1173 3507 1302 3587 sabbas.
1348 3571 1351 3578 ¹

116 3585 252 3668 consule,
267 3587 340 3653 suit:
366 3589 462 3650 donec
478 3597 598 3649 senatus
614 3609 632 3647 a
648 3587 770 3648 consule
783 3600 829 3649 est
844 3587 973 3666 babitus,
989 3587 1160 3649 decretum·
1175 3575 1202 3622 Ο·
1212 3586 1313 3624 ⁰⁰²¹¹¹¹¹⁸·

471 3737 475 3748 ¹
563 3685 724 3750 luerpteCrcv.

152 3779 175 3812 ‘⁴³
188 3776 202 3807 ⁹
216 3780 458 3842 Certamenqueer'cum
471 3777 626 3841 flamineam]
658 3775 687 3824 rb
707 3779 762 3840 φωτὶ
785 3779 846 3826 inter
871 3779 917 3826 duo
937 3779 1005 3825 verba
1029 3777 1092 3824 finita
1117 3776 1161 3824 dici

119 3843 451 3898 Totaeoutentiorersaitcmr
467 3847 626 3894 intercurrat
659 3858 730 3904 posse.
763 3845 788 3890 Si
807 3845 843 3892 tui
861 3855 937 3892 umen
954 3847 997 3892 hoc
1016 3843 1164 3904 displicuerit,

107 3909 249 3966 ,flaminem
262 3912 355 3972 reliquis
365 3911 454 3958 duobus
468 3909 623 3973 competitori-
658 3909 742 3971 poterit
755 3924 797 3974 per
813 3909 887 3956 levem
905 3910 1055 3958 mutationem
1071 3909 1161 3968 legere:

120 3975 168 4051 hup
188 3991 260 4050 sape
279 3977 417 4040 adipiscendi
434 3976 528 4024 honoris
549 3976 626 4024 statim
661 3974 987 4072 llgssrresrdeeodiritqwd.
1059 4040 1065 4050 ι
1144 4035 1150 4046 ·
1258 4003 1259 4012 κ

121 4041 229 4156 daqchp,
239 4121 314 4154 nonen
325 4106 371 4168 q'as
379 4105 497 4167 acciperet]
513 4105 565 4156 Via.
578 4118 627 4155 nor.
658 4104 698 4164 qni
716 4034 1163 4167 cdliiiiiiiiilliditurililerddidi'liiiiullrple!³

120 4171 421 4296 mlldllffdridlirc'adgior
437 4238 502 4294 duit,
519 4239 577 4298 quad
586 4271 592 4286 .
602 4271 608 4286 .
620 4273 625 4285 .
659 4181 737 4292 reqp'
747 4233 782 4280 Ad
788 4233 892 4294 populum
899 4249 948 4281 cum
957 4229 979 4278 F
978 4233 1036 4280 lacco
1042 4233 1163 4296 egelidum]

117 4301 190 4350 edeta
206 4299 290 4350 ruralis
306 4301 430 4364 designem
448 4313 569 4362 ymarum
588 4319 626 4362 pc-
659 4301 744 4348 Cornu
763 4298 855 4362 populo,
870 4299 893 4344 in
913 4297 1021 4348 concione
1040 4299 1162 4346 adhortan-

119 4364 188 4427 tem]
209 4364 316 4414 Notandn
339 4365 434 4427 locutio,
462 4361 544 4430 ephira
563 4370 627 4428 qaod,
658 4363 895 4416 aumasrsmceum
910 4377 936 4413 ut
953 4365 1082 4416 auersam
1097 4377 1163 4414 uar-

117 4441 144 4478 ot
155 4431 326 4481 mnumsmda
337 4430 364 4480 ile
373 4431 492 4495 exemplis,
509 4447 561 4493 quta
571 4433 626 4480 doc-
658 4442 696 4480 tus
706 4432 807 4480 cederet.

117 4495 191 4547 urbi
200 4509 363 4558 monuerunt
373 4501 401 4566 φά
412 4497 553 4562 protutura
563 4509 627 4550 rcere

693 4559 770 4630 ala
