3068 5186
557 579 827 687 T.L1V11
876 530 1220 684 paranni

659 860 858 936 LIBER
899 859 1125 937 XXXVIII.

760 1115 994 1132 Μ

203 1288 346 1347 U.0.563.
411 1273 511 1346 DUM
526 1282 556 1344 in
572 1279 647 1344 Asia
660 1281 773 1344 bellum
788 1280 914 1364 geritur,
936 1301 974 1342 ne
989 1281 1021 1341 in
1036 1273 1151 1340 AEtolis
1167 1275 1290 1357 quidem
1305 1273 1424 1359 quietae
1526 1323 1528 1360 ,

203 1359 341 1472 {⁰¹3⁸ss-
370 1393 417 1433 res
433 1372 562 1449 hierant,
578 1369 728 1452 principio
743 1381 868 1450 agente
882 1368 1092 1430 Athamanum
1112 1377 1191 1426 orto.
1228 1361 1422 1426 Athamania

186 1439 355 1540 'etehtmhff
369 1480 406 1532 ea
420 1467 615 1540 tempestate,
629 1459 716 1539 pulso
731 1455 940 1539 Amynandro,
953 1456 1008 1515 sub
1020 1451 1170 1536 praelectis
1184 1449 1320 1534 Philippi
1335 1450 1420 1530 regio

203 1555 256 1605 nie.
369 1546 528 1607 tenebatur
541 1539 702 1626 'prasidior
725 1544 776 1626 qui
791 1543 921 1624 superbo
937 1553 1028 1622 atque
1043 1539 1198 1603 inmodico
1213 1537 1346 1620 imperio
1367 1537 1420 1598 de-

370 1631 512 1693 siderium
528 1629 715 1715 Amynandri
732 1629 876 1694 fecerant.
913 1627 1073 1690 Exsulanti
1089 1637 1154 1690 tum
1169 1617 1374 1710 Amynandro
1390 1624 1421 1686 in

369 1716 489 1781 AEtolia
503 1718 597 1782 literis
621 1737 754 1794 suorum,
779 1715 979 1798 indicantipm
995 1727 1109 1777 statum
1123 1713 1328 1789 Athamania,
1352 1732 1420 1792 spes

370 1803 566 1888 recuperandi
582 1801 667 1886 re‘gni
682 1804 765 1866 facta
778 1815 834 1865 est.
857 1803 1033 1883 remissique
1049 1800 1152 1862 nuncii
1168 1801 1206 1861 ab
1222 1820 1260 1861 eo
1276 1799 1319 1862 ad
1335 1800 1419 1880 prin·

298 1935 302 1942 -
370 1893 453 1974 cipes
464 1901 478 1930 ¹
499 1890 690 1974 Argitheam,
709 1888 752 1970 (id
770 1891 851 1952 enirn
865 1901 957 1972 caput
970 1887 1163 1950 Athamania
1179 1885 1257 1966 erat)
1276 1886 1301 1947 si
1316 1905 1419 1969 popu-

370 1979 477 2040 larium
508 1978 626 2058 animos
656 1979 729 2039 satis
754 1989 929 2060 perspectos
960 1973 1154 2052 ¹haberetl',
1185 1974 1346 2056 impetrato
1376 1973 1419 2033 ab

369 2063 484 2128 AEtolis
499 2066 621 2144 auxilio,
643 2065 675 2127 in
688 2064 908 2126 Athamaniam
934 2083 966 2124 se
988 2072 1145 2124 venturum
1170 2064 1264 2121 ‘cum
1286 2060 1417 2122 delectis

369 2149 554 2232 AEtolorum,
570 2151 653 2235 quod
667 2150 825 2213 consilium
840 2161 919 2212 esset
932 2149 1043 2230 gentis,
1063 2161 1095 2212 et
1109 2146 1264 2210 Nicandro
1278 2157 1419 2228 praetore.

370 2258 456 2318 quos,
471 2240 522 2301 ubi
538 2239 576 2301 ad
592 2238 697 2301 omnia
710 2250 832 2321 paratos
848 2257 913 2298 esse
928 2235 1014 2314 vidit,
1030 2235 1173 2298 certiores
1188 2233 1315 2296 subinde
1331 2233 1419 2311 lacit,

261 2342 264 2352 ·
371 2345 431 2406 quo
446 2325 496 2388 die
510 2347 580 2388 cum
596 2325 732 2388 exercitu
742 2324 961 2389 Athamaniam
972 2324 1157 2404 ingressurus
1169 2332 1259 2384 esset.
1282 2319 1420 2390 Quatuor

370 2412 469 2492 primo
485 2411 567 2474 fuere
583 2411 732 2494 conjurati
747 2412 887 2474 adversus
902 2408 1109 2472 Macedonum
1124 2408 1308 2492 praesidium.
1323 2407 1356 2469 hi
1371 2429 1417 2468 se·

370 2518 427 2578 nos
442 2499 499 2558 sibi
519 2498 672 2580 adjutores
696 2499 737 2560 ad
760 2519 824 2559 reni
848 2497 1013 2580 gerendam
1036 2496 1271 2558 adsumserunt:
1297 2494 1417 2572 deinde,

369 2584 526 2665 paucitate
539 2593 646 2668 parurn
662 2586 743 2663 freti,
762 2605 828 2665 quae
842 2584 974 2646 celandae
990 2583 1043 2662 rei,
1058 2603 1149 2666 quam
1165 2582 1301 2665 Qendae,
1317 2582 1416 2664 aptior

370 2680 446 2746 erat,
461 2690 565 2752 parem
580 2672 672 2753 priori
689 2690 845 2732 numerum
859 2669 1042 2752 adjecerunt.
1087 2669 1135 2732 lta
1146 2670 1207 2732 duo
1221 2682 1254 2732 et
1266 2667 1415 2751 quinqua-

278 2797 281 2804 «
369 2756 457 2836 ginta
469 2755 555 2834 facti,
571 2757 786 2838 quadrifariam
801 2779 833 2819 se
849 2757 1032 2820 diviserunt:
1056 2778 1126 2840 pars
1143 2778 1203 2819 una
1223 2754 1416 2833 Heracleam,

371 2842 468 2903 altera
480 2839 711 2928 Tetraphyliam
726 2845 815 2927 petit,
827 2845 877 2906 ubi
888 2844 1026 2906 custodia
1037 2845 1125 2926 regia
1139 2843 1275 2927 pecunia
1285 2863 1351 2904 esse
1366 2864 1415 2903 so-

371 2921 426 2990 lita
450 2942 525 3007 erat,
551 2931 643 3012 tertia
665 2929 885 3010 Theudoriam,
909 2942 1016 3012 quarta
1034 2929 1224 3012 Argitheam.
1269 2929 1319 2992 lta
1339 2931 1418 2992 iuter

371 3035 475 3077 omnes
491 3018 641 3095 convenit,
655 3028 691 3081 ut
703 3018 803 3100 primo
815 3019 918 3098 quieti,
930 3017 1012 3080 velut
1026 3017 1066 3080 ad
1081 3017 1229 3101 privatam
1244 3038 1309 3079 rem
1324 3037 1416 3098 agen·

371 3101 442 3164 daur
454 3103 617 3183 venissent,
632 3105 664 3165 in
675 3103 742 3166 foro
752 3105 1003 3166 obversarentur:
1028 3105 1077 3167 die
1092 3115 1176 3166 certa
1189 3103 1416 3169 multitudinem

370 3209 492 3252 omnem
508 3204 712 3254 convocarent
728 3191 766 3254 ad
781 3192 920 3273 praesidia
939 3189 1145 3255 Macedonum
1170 3191 1292 3254 arcibus
1313 3190 1417 3274 expel-

370 3275 469 3338 lenda.
515 3275 577 3339 Ubi
593 3299 632 3340 ea
645 3278 709 3340 dies
719 3277 858 3357 advenit,
874 3289 906 3340 et
916 3277 1112 3362 Amynander
1123 3299 1192 3340 eum
1206 3279 1291 3341 mille
1303 3275 1418 3344 AEtolis·

370 3362 526 3434 infinibus
550 3375 633 3444 erat;
663 3385 701 3427 ex
721 3365 893 3447 composito
913 3377 1044 3447 quatuor
1067 3365 1155 3426 simul
1179 3364 1255 3427 locis
1279 3364 1418 3448 presidia

369 3445 578 3512 Macedonum
594 3452 729 3534 expulsa,
739 3452 891 3533 literaeque
906 3451 938 3513 in
953 3452 1027 3513 alias
1037 3453 1130 3528 ,urbes
1144 3454 1258 3535 passim
1275 3451 1414 3524 dimissae,

371 3545 405 3596 ut
413 3534 604 3599 vindicarent
618 3558 683 3600 sese
700 3537 738 3599 ab
755 3539 906 3620 inpotenti
923 3538 1132 3601 dominatione
1155 3537 1287 3622 Philippi
1312 3550 1344 3601 ct
1363 3557 1412 3598 re-

203 3630 340 3710 Arhnqaaia
370 3619 531 3685 stituerent
545 3623 577 3685 in
593 3624 725 3706 patrium
741 3645 777 3686 ac
799 3623 970 3705 legitimum
991 3645 1128 3708 regnum.
1172 3623 1318 3706 Undique
1345 3622 1417 3685 Ma-

205 3699 502 3813 “pamm-udones
532 3711 732 3792 expelluntur.
782 3709 915 3773 'lheium
941 3712 1100 3794 oppidum,
1130 3711 1225 3774 literis
1251 3733 1269 3772 a
1293 3709 1419 3773 Zenone

204 3779 230 3813 ‘⁸
275 3779 307 3814 ‘³'
370 3796 512 3879 praefecto
529 3813 530 3817 ’
548 3797 677 3880 praesidii
714 3798 902 3880 interceptis,
945 3811 977 3861 et
1013 3821 1082 3862 arce
1107 3798 1158 3861 'ab
1196 3799 1286 3880 regiis
1323 3818 1419 3860 occu·

369 3894 452 3967 pata,
473 3903 587 3969 paucos
612 3884 677 3947 dies
704 3883 911 3948 obsidentibus
934 3887 1068 3950 restitit:
1103 3885 1212 3950 deinde
1237 3884 1269 3947 id
1295 3905 1417 3966 quoque

402 4078 962 4150 “ταιιὶειξφιεα1ιωηιωείαηερνὲισῖμίὁωῦιοη.
974 4081 1043 4132 Creu.
1180 4078 1308 4128 ”habram
1318 4077 1384 4128 aar.
1416 4105 1425 4126 ·.

406 4233 414 4266 ¹
440 4233 562 4298 Haberent]
598 4235 695 4287 Plurimi
722 4233 788 4284 codd.
815 4245 877 4285 teste
909 4236 949 4299 qui
970 4236 1106 4300 scripserant
1130 4235 1157 4282 ed
1179 4234 1372 4299 Amynandrum
1401 4231 1426 4280 ri·

372 4297 485 4358 Hermio,
501 4302 603 4354 ,labra
651 4302 775 4350 consentit
801 4315 878 4350 noster
909 4303 1006 4360 haberet,
1023 4301 1198 4366 Amynandrum
1210 4303 1294 4364 Ipsum.
1423 4301 1427 4308 '

371 4361 435 4413 Vicr.
447 4365 550 4415 Andreas
560 4380 585 4416 et
596 4367 748 4416 Gronoriante
765 4366 879 4415 editiones
940 4367 953 4400 ³
970 4366 1028 4414 Cum
1037 4368 1126 4415 debetis
1135 4364 1269 4431 AEntorum]
1284 4366 1347 4413 Cum
1357 4364 1419 4428 Apo·

371 4439 461 4477 flmlnt
487 4431 595 4481 haberent.
637 4433 781 4480 Utrumlibet
810 4433 880 4494 lssga,
910 4431 1022 4492 cletlssylle
1033 4434 1114 4499 quibu!
1125 4446 1201 4498 'upa'
1210 4431 1406 4484 laxuvecsss⁴12

371 4495 433 4561 parri
444 4494 524 4546 refert.
555 4497 579 4546 Si
594 4497 705 4557 luberent,
719 4497 830 4559 intelliges
841 4513 880 4547 cos
