3068 5186
370 343 432 402 aas
679 373 684 385 -
732 309 762 384 ἶ
798 307 1007 400 rrrr-rrvrr

207 498 282 552 the.
291 497 347 550 tta.
374 484 516 568 perpauci
531 505 601 548 cunr
615 481 752 558 Zanmre·
763 485 802 546 ad
823 505 925 567 regern
938 495 1109 550 evaseruut.
1135 487 1287 567 ‘postero
1302 484 1353 546 die
1368 503 1425 566 per

207 567 241 620 Α·
250 564 279 618 ⁰·
292 563 347 616 ¹⁸⁹·
375 572 512 636 inducias
527 572 696 654 sepeliendi
709 592 801 634 cesos
817 583 953 654 potestas
967 571 1051 634 lacta
1065 583 1122 634 at.

419 657 476 720 lll.
497 659 705 742 Amynander,
723 668 900 740 recuperato
916 679 1022 740 reguo,
1045 657 1163 738 legatos
1188 656 1264 718 ⁷ct⁸
1282 653 1422 723 ‘Romam

375 743 416 808 ad
429 755 585 823 senatum,¹
594 756 630 807 et
641 746 682 807 ad
695 743 853 828 Scipiones
868 745 900 806 in
914 743 1033 821 Asiana,
1046 742 1159 826 Ephesi
1174 755 1245 826 post
1271 764 1418 824 magnum

251 865 259 878 ι·
375 852 445 894 curn
459 831 616 894 Antiocho
637 831 777 914 proelium
806 842 972 911 morantes,
1002 829 1096 892 misit.
1140 828 1251 895 Pacem
1279 831 1418 912 petebat,

236 995 238 1001 Α
261 953 267 960 ·
375 919 598 998 excusabatque
624 939 701 996 sese,
727 916 810 999 quod
826 937 880 999 per
894 915 1018 980 AEtolos
1034 928 1240 998 recuperasset
1255 928 1421 998 paternum

209 1025 352 1077 ΜΛΝ.
375 1025 513 1086 regnnm.
557 1003 728 1087 Philippum
758 1005 927 1066 incusabat.
971 1001 1069 1065 AEtoli
1100 1024 1141 1064 erc
1166 1001 1358 1068 Athamania
1387 1004 1419 1066 in

209 1091 349 1173 rhilqthism
374 1089 596 1173 Amphilochos
625 1090 753 1174 profecti
783 1102 864 1168 aunt,
885 1101 918 1152 et
939 1088 1065 1170 majoris
1084 1090 1180 1172 partis
1202 1090 1365 1152 voluntate
1388 1091 1420 1152 in

370 1175 1159 1345 rtaarnauattnttafflasar·
1173 1173 1422 1346 atrebat-i:

256 1381 265 1404 a
374 1349 851 1430 Aperantiamtranscenderunt.
868 1369 906 1410 ea
919 1369 1038 1430 quoque
1062 1370 1175 1430 magna
1193 1361 1338 1432 exparte
1353 1349 1420 1412 siue

374 1435 539 1498 certamine
565 1436 594 1497 irr
616 1434 803 1498 deditionem
825 1437 915 1498 venit.
957 1433 1095 1517 Dolopes
1115 1456 1280 1518 numquam
1296 1433 1421 1498 AEtolo-

374 1541 442 1584 rum
468 1521 587 1587 harant
601 1544 617 1593 :⁴
638 1520 767 1604 Philippi
788 1533 886 1586 erant.
908 1523 940 1584 lri
955 1523 1088 1603 primum
1103 1522 1142 1585 ad
1155 1544 1240 1584 arma
1254 1543 1418 1586 concurre·

374 1620 466 1673 runt:
489 1618 633 1686 ceterum,
662 1620 824 1690 postquam
840 1608 1074 1690 ¹Amphilochos
1103 1630 1172 1672 curn
1197 1606 1316 1672 AEtolia
1344 1629 1418 1688 esse,

372 1693 534 1776 firgamque
559 1715 598 1756 ex
622 1693 809 1757 Athamania
835 1694 977 1778 Philippi,
999 1707 1031 1758 et
1056 1697 1169 1758 cedaar
1191 1696 1326 1781 praesidii
1355 1695 1417 1777 ejus

374 1799 529 1862 accepere,
544 1792 576 1843 et
598 1781 656 1863 ipsi
675 1803 694 1842 a
717 1779 864 1864 Philippo
885 1782 924 1844 ad
950 1779 1072 1846 AEtolos
1098 1781 1257 1846 deficiunt
1297 1781 1417 1852 Quibm

373 1865 575 1948 circumjectis
589 1868 729 1948 gentihus
751 1865 817 1947 jam
840 1869 973 1948 undique
988 1890 1021 1930 se
1042 1889 1062 1929 a
1081 1867 1305 1932 Macedonibus
1334 1880 1416 1935 tutos

374 1951 569 2018 credentibus
592 1974 668 2032 esne,
684 1951 795 2016 AEtolis
810 1955 893 2018 fama
908 1955 1052 2032 adfertur,
1069 1953 1258 2016 Antiochum
1285 1956 1318 2016 in
1343 1955 1418 2017 Asia

372 2037 486 2100 victum
499 2040 539 2102 ab
555 2037 713 2106 Romanis.
728 2060 784 2101 uec
799 2041 844 2103 ito
858 2041 955 2104 multo
969 2053 1040 2123 post
1060 2041 1153 2122 legati
1173 2042 1213 2102 ab
1240 2039 1341 2104 Roma
1363 2063 1415 2104 re·

372 2121 454 2187 diere
470 2125 535 2186 sinc
554 2147 608 2208 spe
630 2126 724 2212 pacis,
750 2123 947 2208 Fulviumque
974 2127 1129 2190 consulem
1155 2129 1335 2192 nunciantes
1345 2127 1414 2209 jam

370 2231 440 2272 cum
470 2213 605 2273 exercitu
632 2211 813 2294 trajecisse·
852 2212 909 2275 His
936 2214 1043 2290 territi,
1069 2214 1152 2296 prius
1180 2215 1219 2276 ab
1243 2213 1357 2283 Rhodo
1380 2227 1413 2278 et

369 2295 501 2360 Athenis
525 2299 729 2380 legationibus
754 2297 928 2378 excitis,·ut
946 2321 1001 2383 per
1015 2301 1228 2364 auctoritatem
1243 2302 1413 2364 civitatium

370 2405 473 2446 earum
489 2406 548 2446 suae
574 2407 678 2468 preces
700 2407 797 2468 nuper
813 2386 977 2470 repudiatae
992 2386 1159 2448 faciliorem
1174 2387 1291 2450 aditum
1308 2389 1348 2450 ad
1362 2410 1412 2450 se·

370 2480 478 2532 natum
506 2473 664 2550 haberent,
692 2473 843 2555 principes
872 2474 973 2554 gentis
999 2473 1039 2534 ad
1065 2474 1246 2536 tentandum
1272 2474 1413 2538 nltimam

371 2557 456 2638 speri
481 2555 613 2622 Romam
634 2559 801 2621 miserunt:
818 2559 927 2638 ⁸uihil,
952 2581 991 2622 ne
1005 2561 1119 2622 bellum
1145 2561 1302 2638 haberent,
1316 2563 1414 2644 prius,

204 2667 296 2719 Furia
370 2663 462 2726 quam
477 2665 553 2726 pene
569 2647 600 2706 in
615 2656 790 2728 conspectur
803 2647 899 2709 hostis
919 2659 995 2726 erat,
1021 2647 1231 2730 praemeditati.
1272 2645 1346 2710 Jam
1361 2646 1413 2710 M.

206 2733 358 2802 caunpi-
371 2725 503 2808 Fulvius,
529 2731 724 2813 Apolloniam
763 2733 899 2796 exercitu
942 2733 1081 2814 trajecto,
1117 2754 1185 2796 curn
1211 2731 1409 2815 Epirotarum

221 2813 255 2853 ¹⁰·
369 2817 556 2899 principibus
588 2818 790 2896 consultabat,
823 2820 905 2882 unde
935 2819 1047 2882 bellum
1073 2821 1227 2902 inciperet.
1268 2818 1408 2900 Epirotis

370 2903 566 2966 Ambraciam
579 2904 721 2986 placebat
731 2906 867 2987 adgredi,
879 2928 944 2988 quae
953 2918 1019 2969 tum
1030 2907 1236 2968 contribuerat
1246 2903 1411 2970 seAEtolis.

371 2989 458 3051 ‘sire
473 2990 666 3054 adtuendam
679 2992 769 3056 earnb
784 2993 922 3054 renuent
932 2991 1041 3070 AEtoli‚
1057 3005 1177 3075 apertos
1187 2993 1270 3054 circa
1283 3013 1410 3074 campos

371 3075 382 3108 ‘
396 3075 437 3137 ad
452 3077 660 3140 dimicandum
676 3101 742 3140 esse
755 3101 763 3139 r
784 3078 845 3140 sive
858 3080 1063 3142 detrectarent
1073 3092 1239 3156 certamen,
1251 3079 1412 3160 obpugna-

314 3205 316 3210 ,
372 3162 514 3226 ‘tionem
528 3164 592 3226 fore
613 3165 696 3226 haud
717 3163 881 3228 difficilem.
903 3175 1022 3228 namet
1043 3167 1164 3247 copiam
1187 3165 1218 3226 in
1240 3165 1413 3248 propinquo

305 3288 310 3296 ·
370 3250 530 3312 ‘materie
553 3252 592 3313 ad
618 3271 743 3334 aggeres
769 3252 946 3315 excitandos
971 3264 1002 3314 et
1027 3263 1130 3314 cetera
1154 3271 1250 3334 opera
1271 3273 1359 3314 esse:
1381 3264 1415 3316 et

371 3334 608 3416 ‘Arethontem,
624 3338 825 3419 navigabilem
837 3361 968 3417 amnem,
983 3349 1188 3422 opportunum
1211 3338 1252 3400 ad
1271 3359 1415 3422 compor-

226 3475 229 3484 .
370 3421 497 3501 ‘tanda
512 3445 577 3506 qua
591 3425 657 3486 usui
672 3426 743 3504 sint,
759 3437 865 3506 prater
878 3428 945 3508 ipsa
959 3426 1073 3488 moenia
1087 3425 1199 3488 fluere:
1228 3437 1261 3488 et
1275 3439 1411 3490 estatem

268 3552 272 3560 ·
370 3507 499 3662 ᾏυῳῢαω
514 3512 556 3572 rei
571 3511 709 3592 gerenda
725 3512 851 3576 adesse.²
866 3514 913 3574 his
928 3523 1149 3595 persuaserunt,
1164 3523 1200 3576 ut
1215 3532 1270 3594 per
1284 3510 1411 3595 Epirum

411 3607 504 3658 neret.

413 3678 467 3744 lV.
490 3681 623 3763 Consuli,
638 3684 678 3770 ad
692 3683 886 3750 Ambraciam
902 3687 1085 3764 advenienti,
1108 3687 1213 3768 magui
1237 3685 1339 3768 operis
1353 3685 1411 3747 ob-

563 3793 749 3843 ⁸etdel.Gron.
944 3849 946 3856 Α
985 3793 1190 3844 lamuelem.

399 3877 510 3929 ‘Puram
518 3881 566 3944 die]
591 3881 701 3940 Andreas,
710 3895 735 3932 at
745 3895 792 3932 tres
802 3884 872 3947 scrip·
935 3885 989 3933 'lEt
1011 3883 1113 3947 Romam]
1152 3884 1184 3932 Et
1203 3885 1338 3948 adjecimus,
1357 3899 1414 3934 ma·
1477 3913 1481 3921 ·

368 3944 465 4019 thaam
478 3946 528 3995 Jac.
549 3945 672 4026 parovio,
690 3950 748 3998 alrer
768 3948 873 3998 Hermio
904 3951 991 3998 toribus
1000 3951 1092 3998 Thum-
1100 3961 1126 3997 et
1135 3950 1199 3998 vm.
1209 3951 1334 3998 codicibus.

368 4023 685 4129 rttffflltal‘
698 4016 874 4142 ,ltal‘slll
904 4015 1415 4144 attrabatem

369 4141 463 4189 tinulli
482 4143 621 4195 Macedones
638 4147 663 4193 iu
682 4145 818 4195 humani·
834 4161 873 4194 re·
903 4145 1082 4210 impetrandum,
1098 4161 1128 4194 rra
1149 4145 1192 4193 sihi
1207 4145 1293 4193 bellum
1312 4145 1416 4194 uana-

369 4217 510 4264 maamm,
537 4211 598 4258 hand
631 4213 697 4260 boile
727 4209 875 4274 intelligetur,
905 4223 951 4268 tur,
961 4214 1033 4260 donec
1043 4227 1072 4259 ao
1083 4225 1120 4260 rer
1131 4212 1227 4259 adducta
1237 4209 1414 4273 esseantlrna-
1506 4239 1509 4245 ·

370 4273 483 4330 quomodo
499 4275 515 4320 ii
534 4278 573 4336 qui
592 4291 634 4341 par
652 4277 768 4340 Gomphos
780 4278 803 4324 in
817 4277 869 4326 Ma·
902 4277 932 4324 tis
951 4293 1010 4341 pene
1031 4278 1054 4325 in
1075 4289 1201 4342 conspectu
1219 4277 1290 4324 foret.
1318 4274 1412 4324 bsuuu

304 4393 309 4406 ι
369 4336 485 4386 aedoniarn
507 4340 535 4386 ad
564 4342 694 4406 Philippum
718 4353 870 4400 recurrerunt,
902 4354 945 4400 ert,
963 4344 1080 4406 Sigonium
1099 4344 1124 4392 in
1145 4359 1171 4392 re
1189 4353 1236 4391 tarn
1257 4341 1318 4392 tlara
1339 4340 1411 4391 bni-

367 4401 484 4476 prmsdm
501 4413 581 4463 postam
597 4409 633 4455 dis
648 4423 700 4455 cum
722 4409 870 4472 Amynandro
902 4420 971 4458 usse.

366 4467 458 4530 panrci.
490 4467 568 4519 Nimia
588 4483 623 4520 est
638 4472 741 4522 locorum
759 4473 871 4524 duranda
