3038 5200
192 523 335 576 stow.

191 589 334 646 bestat.

197 871 289 950 Esilqm
298 873 339 952 de·

196 951 299 988 ιοιιιιιιιι
311 953 336 988 ιιι

198 1001 324 1056 Nabidem.

196 1296 322 1360 euneos·

193 1363 270 1424 Argu
284 1377 351 1412 αιτ-

365 369 423 428 m
786 357 871 420 run
890 355 996 482 qullil

362 518 485 584 umetis
494 517 627 601 undiquc
640 515 867 599 increpantibrs
876 509 1011 591 AEtolos,
1025 512 1307 596 ‘usspansuntnasa
1318 511 1412 576 briaae

362 604 444 684 ‘iia’
460 605 549 682 diruit,
561 603 638 666 ‘nisi
653 603 698 667 ita
710 602 845 666 infames
858 621 965 664 omnes
980 599 1013 662 ἰιι
1027 621 1080 662 eos
1090 599 1219 678 uiderat,
1233 611 1270 662 ut
1280 598 1410 662 wdarrdi

364 692 499 776 ‘potiora
513 711 605 776 φιιιιιι
619 688 770 764 irritandi,
781 701 893 750 οεοειιιι
937 685 1127 750 Contentum
1143 685 1246 770 itaque
1260 686 1412 805 opipioue

363 779 374 814 c
699 776 706 790 ·
823 775 830 788 ·
1190 771 1199 798 ι
1235 774 1243 786 ·
1269 773 1276 786 ·
1378 773 1386 786 ·

364 772 1409 943 ‹.totthhittdthlttbhlilthgblhbl

364 972 471 1015 omnes
488 950 602 1012 bellurn
617 949 792 1012 decressent
800 969 810 1025 ;
834 947 948 1010 auxilia
960 957 997 1008 ut
1009 967 1066 1028 pro
1078 946 1192 1012 viribus
1205 946 1270 1008 suia
1284 965 1410 1029 quasque

352 1038 504 1100 *civitates
517 1037 685 1112 minorent,
704 1047 753 1095 est
767 1034 916 1096 hortatus.
958 1031 1009 1094 Ad
1024 1029 1149 1096 AEtolos
1161 1033 1298 1114 legatum
1315 1033 1409 1094 stiam

363 1124 465 1186 misitr
487 1120 586 1206 magis
600 1132 635 1184 ut
648 1120 780 1183 nudaret
795 1119 924 1197 mimos,
945 1119 978 1180 id
1000 1119 1083 1199 quod
1105 1119 1216 1197 evcnit,
1239 1137 1334 1198 quam
1357 1138 1409 1200 spe

363 1209 629 1292 impetrariposse.
970 1245 983 1260 -

404 1293 507 1357 XXV.
527 1293 670 1358 Tribunis
693 1294 837 1370 militum,
865 1302 898 1354 ut
917 1291 1086 1356 exercitum
1112 1291 1151 1352 ab
1174 1289 1279 1354 Elatia
1305 1313 1405 1354 arc*

363 1393 474 1460 urent,
489 1381 657 1464 imperauit.
701 1379 757 1442 Per
777 1379 900 1442 eosdem
923 1378 988 1440 dics
1009 1388 1042 1440 et
1055 1377 1202 1440 Antiochi
1224 1379 1348 1460 legatis,
1370 1379 1409 1442 de

362 1479 510 1534 mitte
521 1468 692 1550 agentibus,
706 1465 873 1550 respondit,
885 1463 1044 1542 ‘Nihil.se,
1057 1465 1232 1528 absentibus
1243 1465 1353 1528 decem
1364 1467 1406 1528 le-
1512 1473 1513 1476 ’

362 1555 475 1637 agatis,
496 1554 654 1616 sententias
672 1553 793 1616 habere.
837 1551 968 1614 Romam
993 1551 1128 1614 eundum
1149 1551 1189 1613 ad
1210 1561 1352 1614 senatum
1373 1553 1408 1614 ji,
1512 1563 1513 1572 ,

362 1639 472 1704 ‘esse'
518 1639 588 1724 lpse
604 1639 708 1722 copias
723 1639 870 1700 adductae
885 1638 924 1698 ab
934 1635 1038 1700 Uatia
1050 1637 1161 1700 ducem
1168 1636 1269 1719 Argos
1285 1639 1407 1721 pergit3

363 1738 456 1809 atquc
469 1729 498 1789 ei
513 1729 597 1790 circa
607 1725 736 1789 Cleonas
747 1725 913 1787 Aristonus
928 1737 1049 1805 praetor,
1064 1743 1135 1786 cum
1150 1723 1257 1786 ἀειοιιι
1272 1723 1405 1788 millibus

361 1815 554 1892 Achaomm,
576 1813 729 1893 equitibus
750 1812 844 1889 mille,
864 1811 1019 1872 obcurrit:
1043 1821 1077 1871 st
1094 1809 1177 1874 baad
1196 1811 1304 1893 procul
1325 1812 1408 1890 inde,

359 1897 475 1982 jmctis
489 1900 683 1975 exercitibus,
705 1909 872 1981 posuerunt
884 1907 995 1960 castra.
1040 1895 1166 1958 Postero
1189 1895 1240 1958 die
1265 1898 1296 1958 in
1321 1917 1407 1960 cam·

362 2005 436 2067 pum
450 1985 633 2067 Argiuorum
649 1984 880 2060 descenderunt,
892 1995 924 2046 et
935 1994 1064 2065 quatuor
1078 1982 1174 2044 forms
1189 1983 1289 2046 millia
1300 1983 1407 2046 abAr·

362 2073 409 2154 gis
424 2071 528 2132 locum
542 2072 650 2134 cestris
665 2071 801 2152 capiunt.
844 2067 1007 2132 Proiectus
1021 2069 1160 2152 prasidio
1171 2067 1327 2132 laconum
1342 2081 1408 2132 erat

362 2155 561 2306 Pyglrpqurnas,
587 2177 681 2306 gpper
704 2156 786 2220 idem
811 2157 942 2239 tyranni,
966 2167 999 2218 ct
1019 2156 1122 2218 uxoris
1136 2151 1204 2236 ejus
1218 2156 1331 2304 fragore
1347 2156 1407 2303 lqui
1512 2211 1513 2238 ι

359 2242 1407 2412 hnmii'mih‘iff'li'i{ilffllii‘ssibliiibd‘sds
1511 2351 1513 2414 t

360 2417 468 2480 validis
493 2415 640 2499 presidiis
665 2415 807 2480 linnauit.
835 2414 891 2477 sed
920 2417 999 2477 inter
1025 2415 1145 2495 ιςειιὼι
1171 2417 1237 2478 hreo
1262 2435 1406 2498 pavorem
1511 2423 1513 2452 ²

360 2502 508 2584 injectum
537 2503 671 2564 adventu
699 2500 906 2562 Romanorum
944 2501 1132 2563 dissimulare
1169 2501 1406 2584 haudquaquam
1512 2501 1513 2508 '

359 2597 501 2672 poterat:
526 2599 559 2650 ct
572 2588 613 2649 ed
627 2599 787 2650 externum
802 2597 946 2650 oenorem
962 2587 1110 2650 intestina
1123 2588 1215 2650 edam
1228 2588 1343 2650 seditio
1354 2609 1405 2652 ac·

267 2747 271 2756 ι
360 2675 464 2737 (ιειιὶι.
503 2671 669 2736 Damocles
695 2685 761 2736 erat
780 2671 921 2754 Argivus,
947 2673 1126 2737 adolescens
1151 2673 1271 2756 majoris
1297 2673 1407 2752 animi,

360 2779 451 2841 qaam
467 2760 605 2823 consilii:
628 2760 679 2842 qui
698 2759 809 2843 primo,
827 2757 1026 2841 jurejurando
1049 2759 1236 2844 interposito,
1261 2759 1301 2820 de
1325 2781 1407 2842 prse-

360 2845 439 2908 sidio
455 2846 636 2928 expellendo
650 2866 719 2908 cum
735 2846 852 2908 idoneis
867 2847 1056 2924 conlocutus,
1080 2847 1152 2910 dum
1169 2847 1246 2908 vires
1267 2844 1409 2928 adjicere

360 2930 563 3013 conjurationi
588 2931 700 3010 stridet,
718 2932 905 2996 ”incautior
923 2932 994 2994 fidei
1017 2935 1183 2996 estimatur
1205 2933 1274 2996 luit.
1319 2931 1410 2994 Con·

360 3017 535 3100 htqueutem
559 3039 626 3080 curn
651 3039 720 3080 cum
747 3019 808 3081 suis
831 3018 951 3080 satelles
971 3039 991 3080 a
1012 3019 1157 3102 pralscto
1180 3019 1290 3081 missus
1312 3039 1409 3100 quana

360 3117 538 3184 manserat,
567 3105 663 3168 sensit
692 3105 845 3188 proditum
881 3105 1043 3168 consilium
1081 3127 1146 3168 essa
1157 3127 1168 3184 3
1207 3106 1410 3188 hortatusque

360 3189 548 3273 conjuratos,
572 3191 624 3273 qui
649 3191 786 3270 mecam,
809 3202 845 3253 ut
866 3192 978 3274 potius,
1000 3213 1094 3274 quam
1113 3193 1227 3256 extorti
1248 3211 1407 3254 uroreren-

357 3287 419 3356 nu,
442 3298 529 3340 arma
542 3297 645 3340 secum
660 3289 822 3360 caperent:
846 3293 937 3359 atquc
961 3278 1004 3340 ita
1027 3299 1098 3341 cum
1121 3279 1227 3361 paucis
1250 3279 1283 3340 in
1308 3279 1409 3342 hrum

358 3365 404 3428 ire
427 3365 538 3448 pergit,
562 3364 734 3442 clamitans,
756 3375 801 3438 ιιι,
825 3364 877 3444 qui
901 3365 1015 3434 saluam
1039 3365 1259 3448 rempublicam
1280 3365 1409 3442 vellent,

359 3463 516 3514 auctorem
539 3461 571 3512 et
597 3451 705 3512 ducem
727 3472 760 3512 se
786 3451 934 3514 libertatis
959 3463 1167 3533 sequerentur.
1212 3449 1309 3514 Haud
1332 3457 1410 3514 rme

358 3537 456 3598 movit
471 3555 664 3616 quemquam,
678 3537 750 3620 quia
764 3537 841 3600 nihil
855 3557 982 3620 usquam
1052 3539 1062 3599 i
1077 3539 1268 3622 propinqua,
1291 3537 1406 3602 nerim

358 3621 444 3699 satis,
472 3621 550 3682 firmi
581 3621 721 3704 presidii,
758 3625 933 3688 comebant.
1021 3646 1064 3688 aec
1088 3625 1310 3692 vociferantem
1334 3643 1409 3688 cm

359 3701 596 3786 burdemonii,
620 3709 858 3772 circumuentum
879 3731 950 3772 cum
974 3711 1045 3789 suis,
1068 3711 1298 3774 interfecenrut.
1319 3729 1409 3774 cm·

357 3793 500 3876 prehensi
516 3794 627 3857 deinde
643 3796 766 3876 quidam
782 3808 814 3858 et
828 3797 889 3858 alii.
904 3817 942 3858 ex
957 3797 993 3858 iis
1009 3798 1101 3860 occisi
1121 3798 1231 3881 plures,
1258 3797 1350 3881 pauci
1372 3795 1408 3858 in
1509 3849 1510 3866 ,

356 3881 529 3944 custodiam
554 3880 696 3962 conjecti.
717 3883 806 3944 murlti
829 3882 968 3965 proxima
988 3896 1092 3964 nocte,
1112 3884 1232 3947 funibus
1256 3905 1314 3969 per
1337 3904 1409 3948 mu-

356 3985 425 4030 rum
440 3967 577 4046 demissi,
591 3969 632 4030 ad
648 3967 803 4034 Romarrcs
818 3969 1055 4052 meingerunt.
1311 4005 1317 4016 ·

397 4051 516 4116 XXVI.
546 4053 720 4135 Quinctius,
754 4055 984 4120 adfirmantibus
1018 4058 1066 4137 iis,
1091 4058 1117 4120 si
1145 4058 1185 4122 ad
1209 4069 1315 4142 portas

355 4159 463 4204 manuus
484 4143 634 4208 exercitus
658 4143 777 4221 fuisset„
797 4163 861 4205 ιιοιι
884 4143 950 4208 sine
974 4143 1084 4209 effectu
1099 4143 1234 4209 lutumm
1249 4165 1321 4208 eum
1336 4165 1408 4208 ιιιιι-

354 4237 421 4290 tum
446 4228 550 4308 scrisse,
574 4242 618 4307 et,
641 4229 666 4290 si
689 4231 814 4313 propius
830 4242 932 4293 castra
946 4231 1189 4310 admoverentur,
1203 4251 1267 4294 non
1281 4231 1407 4314 qarietu·

383 4359 408 4398 ⁷⁷
425 4357 442 4388 ⁶
459 4359 575 4412 inmitior
587 4361 646 4424 fidoi
666 4364 783 4412 estann-
792 4362 858 4427 suit]
894 4375 971 4414 carata
987 4375 1057 4426 atquc
1075 4363 1107 4412 ita
1123 4379 1162 4414 rea
1178 4363 1301 4423 ιιιιιιιιίι,
1317 4362 1412 4429 peda·

350 4419 410 4474 Noa
428 4435 465 4474 sat
481 4439 548 4476 orote
567 4428 675 4491 expende
694 4428 762 4478 fidam
781 4443 862 4478 mmm
894 4430 922 4478 ab
946 4429 1032 4493 aliquo,
1048 4430 1087 4480 eui
1105 4442 1197 4480 tamem
1214 4431 1336 4482 mmm'-
1352 4429 1411 4480 iu·

352 4489 491 4554 stibium
505 4493 626 4544 cnsilium
642 4509 711 4544 ιιιιιιι
732 4494 861 4546 comarum·
893 4505 937 4546 rat.
