3122 5194
432 360 511 420 LIB.
523 361 697 420 xxxvm.
715 361 796 422 cell.
810 361 922 421 XXIV.
1020 409 1023 418 ,
1135 369 1196 424 ³58

189 513 312 580 XXlll.
355 514 531 578 Parentibus
556 515 623 597 jam
652 517 759 599 portis,
788 517 962 599 priusquam
986 517 1192 599 inmmperent
1205 531 1349 586 uexata.

147 604 291 682 uictores,
321 602 394 683 iuga
422 623 440 664 e
471 603 577 664 castris
606 601 762 666 Gallorum
798 605 829 664 in
858 624 964 666 omnes
993 599 1094 686 partes
1124 605 1190 683 fac-
1203 599 1344 715 &⁸013

147 703 182 756 ta
195 702 253 753 ast.
297 701 389 751 ruunt
421 689 491 751 caci
521 709 575 771 per
604 691 677 767 rias,
702 709 756 771 per
781 689 882 752 invia:
916 690 999 752 trulla
1024 691 1191 772 praecipitia
1201 673 1321 778 lomber-
1342 692 1356 704 ”

147 775 338 854 scamnalia
361 795 452 856 rupes
478 776 602 840 obstant
615 798 643 836 ε,
657 775 733 837 nihil
757 787 864 860 preter
890 778 1010 838 hostem
1036 789 1186 842 mearunt.
1201 793 1305 856 piantur.

148 861 256 944 ltaque
281 862 415 944 plerique
441 862 610 944 praecipites
635 883 689 944 per
704 875 820 924 vastam
843 863 1033 926 altitudinem
1055 865 1188 948 prolapsi

148 960 204 1016 aut
230 949 379 1011 debilitati
403 947 624 1010 exanimantur.
649 947 765 1026 consul,
788 951 896 1010 castris
919 949 1027 1032 captis,
1051 952 1075 987 ⁸⁴
1088 949 1188 1034 direp-

148 1037 233 1099 tione
248 1036 408 1117 praedaque
422 1034 557 1096 abstinet
580 1034 729 1096 militem:
754 1036 839 1116 sequi
852 1057 909 1118 pro
924 1057 957 1098 se
979 1055 1141 1117 queisque,
1156 1050 1188 1102 et

148 1123 274 1201 instare,
289 1132 321 1182 et
345 1119 489 1203 perculsis
516 1141 657 1202 pavorem
678 1121 797 1182 addere
812 1119 918 1202 jubet·
955 1119 1135 1205 Supervenit
1153 1115 1188 1186 st

149 1209 279 1270 alterum
294 1228 365 1269 cum
380 1204 415 1269 L.
429 1203 550 1269 Manlio
564 1228 673 1288 agmen
686 1231 696 1285 ;
719 1228 776 1268 nec
792 1229 845 1270 cos
864 1219 964 1270 castra
978 1207 1089 1270 intrare
1104 1211 1185 1272 sinit.

148 1295 287 1378 protiuus
303 1294 342 1355 ad
358 1293 578 1375 persequendos
602 1292 705 1356 hostes
721 1293 837 1356 mittit:
861 1296 971 1376 etipse
991 1295 1094 1377 paullo
1109 1305 1188 1378 post,

149 1381 266 1444 tradita
280 1381 466 1462 captivorum
489 1379 626 1441 custodia
640 1380 766 1442 tribunis
792 1379 932 1457 militum,
949 1383 1102 1462 sequitur;
1133 1383 1188 1444 ds-

150 1467 295 1528 bellatum
322 1479 414 1542 ratus,
430 1465 502 1527 siin
527 1466 581 1528 illo
605 1487 714 1549 pavore
737 1487 828 1548 quam
852 1466 973 1549 plurimi
988 1469 1056 1529 crasi
1077 1467 1189 1547 forent,

104 1609 110 1622 ‚
149 1564 205 1616 aut
219 1553 313 1635 copti.
358 1549 487 1631 Egresso
505 1552 640 1630 consule,
663 1551 698 1616 C.
714 1550 839 1614 Helvius
862 1573 933 1614 cum
953 1553 1044 1615 tertio
1069 1555 1190 1636 agmins

148 1640 283 1702 advenit.
309 1659 365 1700 nec
380 1639 538 1704 continere
560 1659 631 1700 suos
651 1659 672 1699 a
692 1639 861 1721 direptione
883 1649 1050 1702 castrorum
1072 1640 1187 1702 valuitr

148 1725 310 1808 praedaque
335 1746 450 1810 eorum,
474 1724 661 1804 iniquissima
687 1736 779 1802 sorte,
800 1726 850 1805 qui
875 1746 994 1808 pugnae·
1008 1747 1070 1788 non
1092 1727 1188 1788 inter·

148 1812 280 1889 fuerant,
295 1811 378 1872 facta
392 1822 447 1872 est.
493 1810 619 1892 Equites
641 1811 703 1888 diu,
719 1811 816 1892 ignari
839 1824 870 1874 et
886 1823 1039 1894 pugnaret
1055 1811 1189 1876 victoria
1282 1817 1283 1823 ’

149 1919 281 1975 suorum,
297 1907 455 1960 steterunt.
469 1897 580 1958 deinde
603 1897 716 1979 stipsi,
733 1908 879 1979 quantum
903 1898 987 1982 equis
1003 1898 1102 1960 subire
1118 1910 1188 1980 pot⁴

148 1997 236 2050 erant
245 1997 267 2062 ¹,
293 2005 410 2066 sparsos
425 1983 498 2066 fuga
519 1981 623 2046 Gallos
645 1984 727 2044 circa
748 1983 864 2044 radices
885 1985 997 2046 montis
1020 1985 1189 2050 consectati

147 2071 297 2148 cecidere,
323 2083 375 2132 aut
401 2089 518 2153 cepere.
562 2068 711 2132 Numerus
736 2069 964 2131 interfectorum
977 2069 1069 2131 ,haud
1098 2069 1189 2132 facila

148 2157 218 2220 iniri
232 2157 343 2240 potnit,
366 2157 438 2240 quia
452 2156 512 2218 late
527 2156 608 2218 inter
626 2177 733 2218 omnes
750 2157 914 2218 amfractus
936 2157 1085 2218 montium
1100 2157 1188 2238 luga-

149 2265 208 2326 que
223 2256 255 2306 et
270 2245 365 2306 credes
389 2243 465 2304 trit:
499 2255 532 2304 et
546 2263 658 2323 magna
672 2263 742 2324 pars
765 2243 886 2324 rupibus
903 2242 989 2303 inviis
1014 2243 1045 2303 in
1059 2242 1188 2324 proluu-

69 2353 74 2360 ·
148 2329 196 2406 da
211 2329 380 2392 altitudinis
394 2329 544 2391 convalles
565 2329 690 2411 delapsa
704 2331 776 2405 est3‘
805 2349 875 2410 pars
890 2328 919 2390 in
936 2328 1016 2390 silvis
1030 2329 1187 2410 vepribus-

148 2437 208 2498 que
222 2417 333 2479 occisa.
377 2414 533 2494 Claudius,
556 2415 669 2496 quibis
695 2427 863 2497 pugnatum
883 2414 915 2476 in
935 2414 1067 2499 Olympo
1082 2426 1188 2478 moute

148 2504 266 2581 scribit,
287 2503 328 2564 ad
352 2502 554 2584 quadraginta
577 2501 670 2562 millia
694 2499 850 2562 homiuum
877 2521 962 2578 oasa,
987 2512 1094 2563 auctor
1119 2514 1193 2564 sets

148 2587 287 2650 Valerius
302 2589 422 2666 Antias,
444 2591 470 2628 ⁸⁵
483 2588 534 2668 qui
550 2587 645 2668 magis
667 2586 837 2652 inmodicus
852 2587 882 2648 in
898 2607 1024 2648 numero
1046 2588 1187 2668 augendo

146 2697 214 2738 esse
230 2676 319 2753 solet,
334 2696 396 2738 non
410 2674 478 2756 plns
490 2675 596 2736 decem
604 2669 710 2735 millia.
742 2671 894 2736 Numerus
905 2673 1093 2756 captivorum
1105 2673 1189 2737 haud

47 2791 51 2798 ⁴
148 2761 239 2845 dubie
255 2762 351 2823 millia
365 2761 565 2842 quadraginta
579 2759 722 2841 explevit,
738 2760 809 2840 quia
828 2759 926 2820 omnis
941 2760 1060 2840 generis
1075 2760 1188 2844 aetatis-

147 2867 206 2929 que
221 2849 343 2910 turbam
367 2867 470 2910 secum
486 2859 651 2908 traxerant.
666 2845 902 2928 demigrantium
917 2846 1025 2926 magis,
1041 2865 1130 2926 quam
1154 2845 1186 2908 in

145 2935 262 3000 bellum
275 2935 422 3009 euntium,
437 2933 542 2994 modo.
585 2930 711 3008 Consul,
724 2932 816 2992 armis
839 2930 972 2992 hostium
988 2931 1019 2992 in
1035 2952 1095 2992 uno
1111 2953 1187 2994 con·
1252 3008 1254 3014 Ι

148 3021 291 3086 crematis
315 3020 448 3098 cumulo,
471 3030 604 3080 ceteram
630 3017 762 3100 pradam
786 3016 922 3080 conferre
948 3035 1053 3078 omnes
1073 3015 1185 3098 jussit:

146 3121 180 3172 st
202 3121 256 3170 aut
276 3107 424 3184 vendidit,
447 3105 530 3187 quod
554 3103 618 3185 ejus
639 3103 675 3163 in
701 3103 854 3184 publicum
881 3102 1078 3184 redigendum
1100 3114 1186 3166 erata

148 3205 203 3258 aut
218 3215 289 3256 cum
316 3214 398 3270 cura,
413 3205 552 3276 utquam
574 3189 744 3279 equissimo
759 3199 849 3264 esset,
874 3209 927 3269 per
942 3189 1053 3250 milites
1076 3188 1188 3252 divisit.
1249 3265 1251 3268 Ι

35 3339 43 3351 ,
135 3280 280 3344 'laudati
296 3300 414 3360 quoque
426 3299 481 3360 pro
497 3276 644 3339 concione
658 3295 764 3338 omnes
779 3286 860 3351 sunt,
873 3274 1036 3355 donatique
1050 3295 1106 3356 pro
1122 3295 1187 3336 me-

147 3369 208 3430 rito
221 3367 368 3449 quisque:
404 3377 474 3426 ante
488 3383 593 3426 omnes
608 3361 741 3435 Attalus,
761 3380 880 3424 summo
894 3371 1061 3422 ceterorum
1077 3361 1187 3424 adsen-

147 3475 194 3520 su.
216 3474 287 3515 nam
304 3451 463 3534 singularis
484 3449 548 3531 ejus
571 3446 691 3530 juvenis
706 3467 799 3528 quum
820 3447 917 3508 virtus
931 3458 963 3508 et
986 3447 1133 3508 industria
1154 3447 1188 3512 in

147 3540 290 3604 omnibus
305 3539 456 3600 laboribus
471 3535 680 3619 periculisque,
694 3544 759 3595 tum
774 3533 924 3596 modestia
937 3533 1031 3594 etiam
1046 3531 1154 3596 luerat.

70 3625 77 3638 '
156 3667 159 3674 ·
190 3622 320 3688 XXIV..
332 3621 495 3709 Supererat
517 3622 628 3686 bellum
642 3622 794 3702 integrum
814 3639 886 3682 curn
905 3617 1094 3701 Tectosagis.
1137 3617 1190 3682 Ad
1201 3617 1229 3666 ln
1240 3615 1353 3668 Tm-

148 3735 201 3776 eos
228 3710 380 3795 proiectus
406 3710 523 3785 consul,
549 3697 644 3769 tertiis
669 3707 775 3768 castris
801 3706 965 3790 Ancyram,
995 3707 1129 3768 nobilem
1149 3683 1355 3799 affl?

147 3801 208 3864 illis
237 3799 313 3861 locis
342 3798 459 3874 urbem,
488 3794 635 3879 pervenit,
664 3793 744 3854 unde
774 3793 878 3855 hostes
894 3793 998 3874 paullo
1028 3793 1096 3874 plus
1132 3791 1187 3854 de·
1300 3865 1302 3872 Α

149 3907 219 3950 cem
232 3885 328 3946 millia
343 3885 478 3946 aberant.
523 3879 585 3944 Ubi
607 3900 700 3961 quum
715 3880 825 3940 stativa
846 3888 958 3955 essent,
983 3877 1099 3940 lacinus
1120 3898 1189 3939 me-
1201 3886 1275 3935 Gallo
1285 3901 1339 3951 sap-

149 3973 296 4036 raorabile
320 3969 478 4052 acaptiva
503 3967 618 4028 lactum
642 3979 700 4028 est.
743 3963 969 4047 ”Ortiagontis
994 3964 1089 4046 reguli
1113 3983 1189 4025 uxor
1199 3953 1255 4000 ‘ll‘
1263 3952 1323 4002 aet-

387 4085 398 4110 Ι
412 4085 519 4139 malm
529 4075 579 4141 ιμ’
588 4073 766 4122 inmotus
774 4081 872 4135 ptum
884 4071 952 4120 cru.
1200 4033 1253 4067 m

180 4167 207 4203 ⁸*
221 4165 349 4229 Dirsptlsas
364 4167 480 4229 prompte
500 4163 590 4212 &aloa
611 4163 654 4209 ori-
686 4173 710 4210 et
723 4173 781 4210 vett·
801 4161 857 4210 editi
875 4162 985 4209 eminant
995 4175 1075 4209 rocem
1090 4161 1191 4209 m

147 4235 217 4282 tam.
245 4233 311 4295 Sequi
326 4249 366 4292 prs
383 4223 601 4293 aquamlojrdet]
615 4225 654 4274 Sis
685 4241 732 4284 eru,
751 4227 801 4276 sine
822 4242 866 4290 qua
886 4237 965 4275 tameo
986 4239 1066 4274 mons
1086 4237 1191 4274 curasse

147 4299 356 4362 hterpsogsmlam
383 4311 433 4346 esse
459 4306 524 4342 rests
549 4293 655 4341 admomt
687 4292 920 4356 pousaosridetur.
952 4291 980 4339 ln
993 4289 1192 4352 Nomium-

147 4363 275 4440 llujsr'rss..
299 4363 407 4422 Alutae,
422 4361 444 4409 id
455 4371 501 4418 est,
515 4369 588 4418 arcet,
604 4373 657 4422 pro·
688 4357 751 4433 tione
765 4355 880 4420 adjectus·
896 4357 1025 4406 amisisse
1041 4367 1119 4406 monet
1129 4355 1193 4404 Gro-

149 4429 223 4527 mitt.
232 4491 278 4546 Qui
304 4493 373 4556 magis
403 4488 538 4550 immediato]
573 4486 658 4554 scripti
689 4437 897 4552 119ἶὲἱιθὸήίιιςοιιῆι
916 4485 992 4551 regat
1015 4485 1079 4550 urar]
1108 4487 1195 4540 ltad-
