3068 5186
352 387 422 450 340Ι
482 379 483 384 ’
723 409 731 422 ·
759 370 844 451 rm
857 371 966 433 uva

191 535 342 588 matta:
357 555 416 613 ces,
442 531 560 596 ancoris
584 530 688 594 ferreis
703 527 824 612 injectis
848 529 881 590 in
896 527 1068 590 interiorem
1090 539 1208 611 partem
1228 527 1309 588 muri
1331 537 1399 590 tra·

110 667 114 676 ·
192 603 261 657 Μ·
275 604 463 685 ²³⁹·1hemes
493 639 634 696 asserem,
665 615 927 700 praefringebam‘,
957 614 997 676 ad
1025 614 1084 676 hoc
1112 615 1333 696 emptionibus,
1366 627 1399 677 et

193 2558 263 2609 AEtoli
273 2573 299 2608 s-

357 707 513 772 uocturnis
537 705 568 767 in
579 704 741 766 custodias
763 723 899 786 operum,
915 713 947 764 et
962 701 1076 764 diumis
1095 702 1127 763 in
1141 701 1305 778 stationes,
1319 700 1398 762 ultro

358 807 504 858 terrorem
527 791 708 852 inferebant.
751 787 787 854 lu
802 790 861 851 hoe
875 800 956 851 statu
970 786 1069 850 rese-d
1083 786 1281 850 Ambraciam
1304 807 1397 870 quum

357 893 468 958 essent,
489 877 555 960 jam
570 874 669 939 AEtoli
688 875 918 960 apopulatione
937 875 1116 937 Acarnania
1138 872 1276 937 Stratum
1300 873 1399 935 redie-

357 979 436 1030 rant.
452 965 523 1026 inde
544 962 699 1026 Nicander
719 975 838 1047 praetor,
859 983 956 1046 spem
969 977 1078 1023 nactus
1097 961 1248 1024 solvenda
1272 962 1398 1042 incepto

358 1053 430 1116 forti
455 1052 631 1128 obsidionis,
657 1048 861 1112 Nicodamum
888 1049 1051 1130 quemdam
1075 1065 1144 1110 cum
1169 1045 1282 1110 AEtolis
1308 1047 1399 1128 quin-

357 1140 456 1222 gentis
480 1137 676 1200 Ambraciam
706 1136 895 1199 intromittit.
925 1147 1048 1196 noctem
1073 1145 1188 1196 sermm
1218 1148 1398 1217 tempusque

357 1228 450 1289 etiam
465 1225 564 1287 noctis
590 1224 759 1302 constituit,
779 1242 840 1304 quo
855 1233 886 1284 et
910 1221 952 1283 illi
975 1223 1013 1283 ab
1038 1222 1112 1282 urbe
1130 1227 1227 1304 'opera
1251 1221 1399 1298 hostiurn,

356 1333 421 1397 qua
446 1313 586 1374 adversus
611 1308 773 1394 Pyrrheum
800 1318 898 1370 erant.
927 1307 1173 1389 adgrederentur,
1202 1319 1235 1370 et
1262 1308 1327 1390 ipse
1356 1306 1397 1368 ad

356 1412 457 1462 castra
482 1395 624 1460 Romana
647 1409 792 1458 terrorem
809 1395 943 1472 faeeret3
975 1413 1064 1476 posse
1083 1406 1175 1472 ratus,
1199 1395 1325 1478 ancipiti
1348 1405 1401 1455 tu·

356 1486 454 1547 multu
469 1494 527 1546 et!
552 1494 643 1544 nocte
658 1493 786 1564 augente
812 1501 964 1564 pavorem,
988 1482 1216 1543 memorabilem
1234 1501 1298 1543 rem
1324 1482 1400 1562 geri.

355 1570 396 1634 Et
411 1570 597 1633 Nicodamus
612 1569 796 1651 intempesta
810 1579 911 1647 nocte,
936 1587 1028 1648 quum
1043 1567 1118 1628 alias
1140 1567 1296 1630 custodies
1312 1567 1401 1628 fefel-

356 1657 450 1735 lisset,
468 1678 522 1739 per
536 1656 610 1717 alias
624 1655 730 1738 inpetu
744 1655 896 1716 constanti
912 1657 937 1692 ¹⁴
946 1655 1105 1736 erupisset,
1129 1657 1154 1694 ¹⁸
1165 1664 1307 1737 superato
1330 1654 1400 1715 bra·

356 1745 426 1806 chio
453 1744 484 1805 in
507 1743 610 1805 urbem
634 1752 793 1823 penetrat3
829 1741 983 1823 animique
1010 1739 1197 1822 aliquantum
1229 1739 1268 1802 ad
1295 1741 1401 1803 omnia

355 1829 496 1894 audenda
518 1839 549 1891 et
563 1828 627 1910 spei
643 1829 780 1890 obsessis
803 1826 938 1910 adjecit3
968 1839 1010 1904 et,
1032 1827 1121 1888 simul
1144 1828 1315 1890 constituta
1339 1849 1402 1890 nox

355 1917 448 1995 venit,
464 1937 503 1978 ex
517 1914 687 1996 composito
701 1925 826 1998 repente
845 1925 998 1996 operaest
1018 1915 1189 1996 adgressus.
1233 1912 1269 1976 ld
1281 1915 1400 1997 incep-

356 2014 422 2065 tum
436 2013 559 2081 conatu,
585 2021 676 2082 quam
691 2001 810 2080 effectu,
831 2000 951 2082 gravius
967 1999 1035 2079 luit,
1058 2002 1129 2082 quia
1143 2001 1228 2063 nulla
1252 2001 1292 2062 ab
1315 2013 1402 2064 exte-

356 2090 435 2152 riore
464 2100 550 2172 parte
579 2089 624 2149 vis
654 2087 779 2150 admota
804 2099 872 2166 est;
910 2107 964 2148 seu
988 2099 1073 2149 metu
1099 2087 1247 2150 deterrito
1273 2100 1401 2170 praetore

355 2173 542 2254 AEtolorum,
567 2194 620 2236 seu
644 2174 716 2258 quia
744 2174 846 2256 potius
867 2174 964 2236 visum
988 2186 1045 2251 est,
1068 2173 1284 2256 Amphilochis
1309 2195 1400 2256 opem

356 2263 432 2325 lerre
456 2283 551 2346 nuper
579 2261 709 2344 rebaptis
721 2283 731 2338 ;
768 2282 842 2343 quos
867 2259 991 2322 Perseus
1015 2259 1145 2343 Philippi
1172 2261 1262 2340 filius,
1290 2261 1400 2323 missis

356 2349 396 2412 ad
411 2349 575 2432 Dolopiam
597 2347 878 2432 Amphilochosque
893 2347 1093 2429 recipiendos,
1105 2367 1225 2409 summa
1238 2349 1267 2409 vi
1283 2349 1402 2431 obpug-

358 2437 462 2499 nabat.
1248 2453 1253 2462 ·

400 2520 455 2584 VI.
483 2521 594 2585 Tribtm
618 2522 704 2601 locis,
730 2522 809 2585 sicut
835 2534 907 2585 ante
934 2522 1050 2584 dictum
1075 2533 1133 2600 est,
1165 2521 1202 2583 ad
1233 2521 1417 2606 Pyrrheum·

191 2635 324 2690 rumpentes
359 2613 452 2692 opera
476 2608 617 2672 Romana
631 2619 738 2670 crant:
773 2609 956 2689 quaomnia
976 2609 1075 2686 simul,
1091 2610 1144 2670 sed
1161 2629 1215 2670 nee
1238 2610 1416 2692 adparatu,-

193 2691 344 2757 repetuntur.
358 2716 415 2759 nec
430 2696 459 2757 vi
484 2695 585 2774 simili,
600 2693 700 2758 AEtoli
725 2693 858 2776 adgressi
874 2706 953 2758 sunt.
975 2695 1026 2757 alii
1041 2716 1110 2757 eum
1127 2695 1296 2757 ardentibus
1319 2696 1397 2758 faci-

358 2785 426 2862 bus,
442 2781 493 2843 alii
508 2792 650 2865 stuppam
666 2782 825 2864 picemque
837 2795 869 2844 et
885 2783 910 2822 ¹⁶
921 2781 1076 2844 malleolos
1092 2782 1226 2860 ferentes,
1239 2793 1305 2844 tota
1318 2803 1401 2844 con·

359 2870 478 2932 lucente
504 2869 632 2930 flammis
660 2869 735 2945 acie,
751 2869 910 2931 advenere.
934 2869 1046 2930 multos
1059 2869 1158 2951 primo
1177 2869 1277 2950 inpetu
1292 2881 1400 2931 custo-
1509 2883 1514 2892 '

360 2955 413 3018 des
428 2957 651 3038 obpresserrmt.
674 2954 796 3034 deinde,
821 2967 984 3037 postquam
1005 2956 1121 3018 clamor
1143 2955 1345 3037 tumultusque
1358 2957 1402 3017 ·in

359 3057 461 3106 castra
471 3055 518 3104 est
533 3042 677 3125 perlatus,
689 3041 854 3123 datumque
864 3063 882 3103 a
893 3041 1014 3104 consule
1029 3043 1160 3124 signum,
1172 3061 1257 3103 arma
1267 3043 1405 3125 capiunt,

346 3143 391 3192 ·et
407 3129 546 3191 omnibus
571 3129 666 3211 portis
682 3129 722 3189 ad
744 3149 835 3211 opem
851 3128 1006 3190 ferendam
1031 3129 1234 3191 effunduntur.
1279 3127 1353 3192 Uno
1372 3131 1404 3192 in

360 3216 429 3278 loco
441 3216 521 3280 ferro
536 3216 660 3298 ignique
672 3226 761 3297 gesta
775 3235 822 3276 res
833 3226 889 3277 est.
903 3213 1050 3278 aduobus
1065 3216 1151 3278 irrito
1163 3216 1299 3298 incepto,
1311 3236 1405 3298 quum

361 3315 530 3365 tentassent
551 3303 659 3384 magis,
674 3322 766 3383 quarn
789 3303 915 3363 inissent
947 3313 1111 3380 certamen,
1133 3299 1232 3365 AEtoli
1250 3305 1405 3366 abscesse-

361 3401 443 3452 runt.
475 3389 574 3451 Atrox
589 3409 692 3472 pugna
706 3389 738 3449 in
759 3409 853 3450 unum
868 3347 1064 3451 inciinaverat
1082 3389 1199 3452 locum.
1225 3389 1267 3450 ibi
1283 3391 1406 3452 diversis

360 3477 495 3558 partibus
511 3476 571 3538 duo
587 3475 678 3537 duces
693 3473 877 3558 Eupolemus
892 3487 924 3539 et
938 3473 1126 3538 Nicodamus
1141 3488 1317 3560 pugnantes
1333 3477 1405 3539 bor-

556 3640 566 3676 ¹
574 3641 740 3706 psffrissgebust
752 3642 828 3693 Gron.
841 3643 910 3693 Crcv.
1040 3649 1080 3690 tet
1090 3641 1136 3691 del.
1148 3641 1211 3691 ass.

395 3789 415 3822 ¹⁴
432 3787 555 3852 Erupisset]
574 3786 696 3836 mutemus
703 3790 843 3850 perrupisset.
899 3787 958 3837 dnm
973 3789 1089 3848 describit,
1098 3789 1115 3839 l.
1132 3803 1212 3840 xxtn.
1244 3789 1353 3851 Malleoli,
1372 3791 1411 3839 att

394 3851 642 3916 15διῳειηωὸιιιειιὼ]
662 3852 773 3916 Superato
790 3855 866 3901 muni.
896 3853 1115 3919 genus,figumntur
1131 3855 1173 3902 boc
1182 3855 1267 3914 specis.-
1288 3859 1369 3920 sagitto
1378 3865 1410 3903 ert

359 3931 448 3975 mento,
463 3921 523 3980 quod
541 3918 593 3966 bina
611 3927 685 3966 csstrs
704 3930 729 3966 et
748 3918 866 3967 castellum
898 3936 989 3976 samua,
1009 3923 1067 3968 inter
1096 3919 1205 3982 qdculum
1231 3929 1252 3966 st
1276 3921 1428 3968 arundineus-

359 3985 421 4032 inter
429 4001 454 4032 se
464 3985 582 4048 jungebat.
899 3987 1006 4047 malefido
1011 3987 1079 4050 ferro
1087 3987 1346 4049 summaquense„
1355 4001 1407 4031 srru·
1428 4013 1433 4024 ·

396 4047 415 4083 ¹⁶
432 4049 555 4112 Malleolus]
576 4048 681 4112 Duplieis
697 4048 787 4109 generis
807 4049 866 4097 mal-
899 4051 970 4098 liebris
987 4049 1148 4114 wli-fimum,
1170 4065 1212 4110 qus
1233 4059 1316 4096 mtur-
1338 4051 1407 4097 linter

359 4114 431 4163 leolos
449 4115 566 4174 distinguit
585 4113 673 4176 Lipsius
693 4115 792 4162 Poliorc.
807 4113 825 4161 l.
842 4128 867 4162 v.
898 4119 999 4178 stamina,
1014 4124 1156 4176 comentur,
1175 4123 1249 4162 santra
1264 4115 1373 4164 amittas
1385 4123 1408 4161 st

359 4174 424 4226 Disl.
441 4181 463 4226 5.
475 4180 530 4226 slros
541 4179 653 4242 simplices
663 4179 734 4238 magis
750 4193 777 4226 se
793 4181 868 4236 rudes,
896 4181 1040 4244 planfisiam
1056 4189 1147 4240 paam.-
1169 4187 1234 4250 utque
1251 4182 1275 4227 ιἰι
1286 4180 1345 4227 aloes
1361 4181 1407 4239 ipss

361 4243 623 4305 dequibusitaNosius
640 4245 781 4292 Marcellus:
802 4243 867 4292 mat·
898 4247 1030 4308 Quocum
1045 4245 1215 4306 aliquosuscs'pit
1232 4245 1343 4292 alimento.
1377 4241 1409 4290 Et

361 4308 411 4354 leoli
427 4318 478 4356 suot
488 4311 596 4370 manipuli
604 4311 693 4370 spartei,
707 4311 755 4370 pies
770 4311 868 4365 maledi,
898 4312 928 4357 sic
946 4313 1020 4358 emim
1041 4310 1237 4366 lortiuss'rsuslido
1256 4325 1321 4364 areu,
1337 4312 1408 4370 jassa

361 4375 400 4433 qui
421 4373 500 4418 incessi
520 4383 561 4420 aut
579 4376 604 4422 ιἰι
625 4389 704 4430 muros.
721 4383 762 4421 aut
779 4377 811 4436 ιἰι1
826 4383 866 4422 tss·
898 4377 955 4423 euim
965 4376 1073 4435 rapidiore
1082 4375 1229 4438 extinguitur,
1240 4377 1259 4422 si
1269 4375 1403 4424 baritan-
1424 4407 1429 4416 ·

361 4437 576 4496 tudinarjoes‘urrtur.
598 4438 786 4499 Alteruragcuus
798 4439 867 4498 magis
897 4455 971 4503 quum,
981 4441 1085 4488 tenaciter
1094 4447 1181 4490 cramt-
1276 4460 1408 4510 mm]

362 4501 445 4550 efficax
460 4501 593 4552 sterilitate
612 4503 748 4553 Ammianus
765 4503 877 4570 Musas
