3068 5186
438 365 518 426 LIB.
533 355 707 428 XXXVIII.
729 368 811 429 cte.
825 368 907 430 XLI.
1117 409 1120 416 ·
1140 373 1203 440 8⁷⁵

155 511 353 598 Mdmacliia
364 515 427 595 die,
447 517 487 578 ad
502 535 634 596 amnem,
650 513 776 580 Melana
800 522 891 599 quem'
904 525 1025 594 rotant,
1044 515 1115 580 inde
1130 525 1203 598 pos*
1216 531 1252 584 tt.
1262 507 1292 582 o.
1304 532 1360 584 aar.

156 613 226 664 tero
251 603 301 665 die
332 603 463 687 Cypsela
482 605 630 686 pervenit.
657 624 677 664 a
705 603 841 688 Cypselis
867 603 916 665 via
940 605 1047 666 decern
1074 604 1202 666 millium
1215 601 1246 650 A.
1257 598 1287 650 0·
1301 599 1355 649 ¹⁸⁸·

155 688 219 750 fere
243 690 397 769 silvestris,
421 703 560 772 augusta,
586 691 770 772 confragosa
792 691 973 774 excipiebat.
999 702 1124 774 propter
1147 712 1202 753 cu-

153 773 205 858 jus
227 775 437 840 difficultatem
458 778 574 839 itineris
597 778 629 840 in
651 778 726 840 duas
746 791 847 860 partes
862 778 975 842 divisus
995 779 1155 840 exercitus.
1170 791 1203 842 et

158 863 328 944 praecedere
357 885 420 926 una
439 863 535 946 jussa,
559 865 655 926 altera
683 885 796 946 magno
822 866 980 928 intervallo
1007 885 1116 946 cogere
1144 886 1201 946 ag·

158 970 241 1028 men,
256 950 360 1012 media
378 951 588 1034 inpedimenta
609 951 803 1034 interposuit:
834 953 970 1035 plaustra
988 971 1058 1012 cum
1073 953 1203 1034 pe'cuaia
1305 975 1309 982 ·

156 1037 281 1118 publica
303 1049 402 1115 erant,
422 1039 616 1121 pretiosaque
638 1039 698 1101 alia
719 1039 830 1120 praeda.
867 1037 1006 1120 ltaque,
1032 1059 1125 1119 quam
1147 1059 1202 1121 per

156 1123 269 1186 salttrm
293 1125 360 1201 iret,
381 1124 536 1188 Thracum
558 1127 666 1188 decem
687 1126 771 1188 baud
793 1127 923 1207 amplius
946 1125 1043 1187 millia
1066 1147 1106 1188 ex
1125 1147 1201 1208 qua·

157 1220 229 1272 tuor
250 1211 381 1293 populis,
402 1211 493 1290 Astii,
511 1224 544 1275 et
563 1211 657 1290 Caeni,
677 1222 710 1273 et
731 1211 925 1290 Maduateni,
950 1224 982 1272 et
1003 1211 1106 1274 Coreli
1115 1222 1138 1290 ⁰,
1161 1213 1201 1274 ad

156 1295 239 1378 ipsas
258 1300 414 1380 angustias
427 1299 508 1362 viam
523 1299 789 1362 circumsederunt.
842 1299 955 1382 Opinio
969 1309 1044 1375 erat,
1059 1320 1121 1362 non
1136 1299 1202 1360 sine

156 1381 290 1468 Philippi
317 1387 395 1466 regis
421 1385 627 1448 Macedonum
652 1385 757 1448 fraude
784 1386 817 1446 id
847 1385 972 1447 factum.
1003 1405 1071 1446 eum
1099 1386 1202 1470 scisse,

145 1491 219 1533 -non
237 1471 310 1550 alia,
328 1493 420 1556 quam
441 1495 496 1555 per
509 1473 685 1549 Thraciam,
700 1473 851 1534 redituros
867 1471 1035 1548 Romanos,
1053 1485 1084 1533 et
1101 1493 1201 1553 quan-

156 1567 222 1620 tam
237 1560 399 1640 pecuniam
422 1579 524 1622 secum
539 1571 706 1642 portarent.
759 1558 795 1620 ln
810 1559 909 1641 primo
930 1558 1051 1639 agmine
1072 1559 1202 1640 impera·

157 1654 208 1705 tor
233 1657 309 1724 erat,
325 1647 484 1710 sollicitus
506 1659 631 1728 propter
651 1646 842 1726 iniquitatem
868 1646 1014 1708 locorum.
1047 1643 1202 1706 Thraces
1214 1659 1316 1711 tunes·

158 1730 234 1793 nihil
261 1754 293 1794 se
316 1745 484 1810 moverunt,
506 1735 603 1796 dorrec
624 1733 732 1794 annati
760 1732 932 1794 transirent.
945 1743 1115 1815 ⁴postquam
1140 1733 1202 1814 pri·
1215 1742 1270 1842 ΞΜ
1282 1728 1345 1775 nva-

122 1875 125 1882 .
156 1838 225 1880 mos
246 1841 404 1901 superasse
428 1821 583 1901 artgrntias
608 1820 760 1897 viderunt,
786 1830 956 1901 postremos
985 1819 1120 1880 nondum
1147 1819 1202 1881 ad·
1231 1801 1282 1844 ω’

157 1905 406 1989 propinquantes,
430 1907 637 1990 inpedimenta
662 1920 695 1969 et
724 1907 857 1968 sarcinas
881 1905 1037 1968 invadunt.
1061 1907 1203 1988 caesisque

157 1993 345 2071 custodibus,
368 1994 481 2076 partim
504 2014 552 2070 ea,
568 2015 634 2074 quse
652 1994 682 2056 in
705 1993 847 2075 plaustris
863 2005 961 2070 erant,
977 1992 1117 2075 diripere,
1133 2013 1203 2074 par-

159 2078 216 2140 tim
232 2080 288 2141 sub
303 2081 445 2142 oneribus
464 2079 605 2164 jumenta
620 2080 803 2142 abstrahere.
856 2073 947 2142 Unde
962 2091 1123 2160 postquam
1138 2079 1203 2140 cla-

157 2185 226 2226 mor
247 2167 378 2248 primam
402 2166 441 2229 ad
464 2189 526 2245 eos,
542 2168 604 2249 qui,
627 2166 694 2248 jam
710 2166 836 2248 ingressi
851 2167 973 2243 effluam,
989 2167 1207 2246 sequebantur,

158 2251 270 2314 deinde
293 2255 387 2315 etiam
413 2255 453 2316 ad
476 2255 595 2336 primun
621 2273 732 2335 agmen
758 2266 807 2315 est
828 2255 973 2336 perlatus,
996 2253 1148 2333 utrimque
1173 2253 1207 2313 in

141 2339 295 2402 'medium
322 2341 522 2419 concurritur,
551 2350 585 2402 et
613 2340 818 2402 inordinatum
850 2339 939 2402 simul
968 2339 1102 2420 pluribus
1131 2339 1209 2402 locis

118 2480 122 2487 .
157 2427 300 2507 proelium
322 2429 500 2490 conseritur.
537 2425 689 2506 ''llrracas
711 2427 813 2510 praeda
834 2427 902 2508 ipsa
926 2427 1078 2508 inpeditos
1104 2427 1206 2488 oneri-

159 2513 229 2590 bus,
245 2525 277 2576 et
292 2514 453 2594 plerosque
470 2513 517 2594 (ut
539 2514 578 2574 ad
596 2513 773 2595 rapiendum
796 2533 904 2576 manus
918 2534 1029 2574 vacuas
1043 2511 1204 2593 baberent)

158 2597 303 2678 inermes,
329 2601 371 2662 ed
397 2601 509 2676 cadem
536 2602 670 2682 praebet3
705 2598 865 2662 Romanos
886 2599 1029 2679 iniquitas
1059 2599 1206 2678 locorum,

159 2684 297 2747 barbaris
312 2707 367 2768 per
381 2687 473 2748 calles
494 2698 584 2749 notos
606 2687 837 2748 obcursantibus
846 2685 871 2763 ἀ,
886 2698 919 2748 et
933 2687 1096 2748 latentibus
1112 2686 1206 2748 inter·

159 2769 235 2849 dum
257 2793 310 2854 per
331 2771 420 2834 'cavas
442 2773 546 2850 valles,
565 2773 725 2854 prodebat.
748 2774 815 2854 ipsa
837 2774 931 2834 etiam
949 2793 1043 2834 onera
1055 2774 1206 2856 plaustra-

121 2927 124 2937 ¹
160 2875 232 2937 que,
254 2869 289 2920 ut
310 2858 371 2920 sors
393 2857 474 2936 tulit,
489 2859 537 2920 his
559 2871 613 2921 aut
634 2859 694 2921 illis
709 2860 904 2922 incommode
919 2859 1051 2941 objecta,
1065 2880 1205 2942 pugnan-

158 2943 241 3005 tibus
268 2945 477 3026 inpedimento
503 2958 593 3007 aurit:
624 2946 695 3006 alibi
722 2946 835 3027 proedo,
861 2945 945 3006 alibiv
962 2947 1070 3028 proedae
1094 2947 1206 3010 vindex

119 3089 124 3096 .
160 3029 256 3094 cadit.
302 3030 395 3094 Prout
416 3031 499 3094 locus
522 3033 642 3112 iniquus
662 3053 799 3113 aequusve
816 3033 862 3092 his
878 3043 932 3094 aut
947 3033 1016 3110 lllis,
1032 3045 1124 3114 prout
1138 3034 1205 3096 ani-

158 3137 228 3180 mus
250 3119 453 3201 pugnantium
481 3131 538 3196 est,
563 3131 655 3200 prout
680 3125 833 3196 numerus,
866 3117 930 3198 (alii
954 3121 1037 3180 enim
1059 3119 1206 3202 pluribus,

160 3223 253 3284 quam
276 3206 332 3288 ipsi
354 3218 452 3282 erant,
475 3205 527 3266 alii
549 3205 752 3286 paucioribus,
773 3205 982 3284 obcurrcrant)
998 3207 1081 3268 varia
1099 3222 1208 3287 pugna

159 3289 363 3358 forttmaest.
390 3293 478 3356 multi
503 3293 655 3373 utrimque
670 3293 795 3354 cadunt.
837 3289 908 3353 darn
938 3312 1001 3353 nox
1030 3293 1210 3376 adpetebat,

119 3451 123 3457 ⁵
159 3396 253 3458 quum
269 3379 377 3461 proelio
391 3375 546 3441 excedunt
554 3377 702 3456 Thraces,
717 3396 779 3440 non
795 3377 868 3460 fuga
882 3377 1038 3440 vulnerum
1053 3390 1107 3440 aut
1122 3399 1208 3441 mor--

160 3463 212 3542 tis,
228 3465 282 3526 sed
298 3465 369 3546 quia
382 3467 457 3528 satis
473 3465 580 3548 praedae
594 3465 760 3538 habebant.

120 3619 124 3628 ¹
203 3547 290 3612 xnl.
314 3551 522 3615 Romanomm
545 3552 677 3634 primum
698 3573 807 3634 agmen
831 3562 919 3614 extra
944 3551 1055 3614 salbum
1086 3555 1113 3592 ⁴⁰
1123 3551 1210 3614 circa

158 3640 309 3720 templum
324 3637 506 3702 Bendidium
529 3650 638 3712 castra¹
652 3639 721 3701 loco
742 3650 849 3722 aperto
870 3639 987 3720 posuit:
1018 3659 1087 3720 pars
1109 3639 1208 3700 altera

143 3723 203 3786 -ad
225 3726 396 3787 custodiam
419 3727 695 3808 inpedimentorum
722 3725 825 3794 medio
847 3726 880 3786 in
902 3725 993 3803 saltu,
1009 3725 1121 3807 duplici
1145 3727 1204 3786 cir-

160 3812 308 3874 crandata
321 3813 412 3891 vallo,
426 3814 550 3876 mansit.
606 3811 731 3876 Postero
752 3813 813 3890 die,
833 3812 915 3894 prius
936 3811 1098 3893 explorato
1115 3812 1205 3891 saltu,

159 3917 251 3978 quam
268 3912 434 3978 moverent,
450 3901 555 3982 primis
570 3921 604 3960 se
618 3897 817 3982 conjungunt.
873 3897 910 3960 In
926 3919 963 3960 eo
978 3898 1096 3980 proelio,
1111 3919 1205 3980 quum

139 3995 195 4047 'et
224 3985 500 4068 mpedimentorum
531 4007 600 4070 pars
627 3999 665 4049 'et
694 3987 847 4064 calenum,
875 3999 908 4048 et
937 3986 1049 4050 milites
1079 3985 1205 4067 aliquot,

160 4090 254 4152 quum
279 4074 392 4155 passim
415 4085 483 4138 toto
506 4095 600 4156 prope
621 4073 701 4135 saltu
720 4083 914 4156 pugnaretur,
929 4071 1121 4150 cecidissent,
1137 4072 1205 4155 plu-

123 4231 128 4240 ,
158 4157 270 4220 risurum
291 4159 329 4232 Q.
344 4158 474 4224 Minucii
497 4157 623 4224 Thermi
644 4173 743 4222 morta
765 4159 870 4222 damni
889 4168 936 4222 est
955 4171 1126 4270 aqcepturn,
1141 4160 1204 4221 lor-

371 4293 481 4343 ‘Caletes
491 4291 644 4344 Gramcret.
723 4291 912 4340 lismmnritm
921 4291 987 4342 Eoed.
1083 4340 1085 4350 ,

191 4384 294 4433 ”cea
311 4385 415 4446 templus·
433 4381 578 4446 wan]
601 4383 664 4433 Ben-
696 4380 1120 4446 majammheakmhatn.
1141 4381 1205 4431 sas

148 4451 243 4512 Qut
252 4449 334 4498 scribit
348 4449 489 4514 Hesychius,
503 4449 667 4512 linguanae*
680 4481 683 4494 ·
697 4449 778 4508 nebu.
786 4447 870 4499 lent.
879 4449 979 4500 Adran.
988 4463 1009 4498 a.
1020 4449 1059 4500 tl.

153 4512 210 4568 dtu
227 4515 451 4582 Diamppallatutt
472 4518 535 4568 uutla
544 4528 570 4566 at
579 4511 666 4566 fludi-
