3038 5200
387 426 466 488 LlB.
486 425 630 490 XXXIV.
652 428 732 489 CAP.
753 427 847 490 Lvlt.
1081 431 1136 488 tat

1 597 2 610 ³
93 579 317 663 magistratibus
341 584 508 668 legatisque
533 605 648 664 eorum,
672 583 723 667 qui
745 583 857 648 milites
880 581 953 646 dare
972 582 1134 663 debebmt,
1147 581 1286 638 ΜΝ·

92 667 196 746 edixit,
211 671 290 732 utin
307 669 459 753 Capitolio
479 693 510 732 se
533 672 662 735 adirent.
706 675 733 712 ⁹⁵
747 670 812 732 lis‘l
836 670 1011 754 quindecim
1037 670 1135 733 millia
1146 650 1178 702 A·
1189 650 1220 702 ⁰·
1233 651 1288 703 ¹⁹³·

91 752 227 836 peditum
245 769 276 818 et
291 759 471 840 quingentos
487 759 615 840 equites,
641 779 697 841 pro
715 779 842 821 numero
865 757 1010 841 cujusque
1025 755 1132 840 junio-

91 859 164 917 rum,
180 841 361 926 descripsit:
385 855 415 905 et
431 845 501 907 inda
517 866 534 907 e
550 844 704 928 Capitolio
720 845 857 925 protinus
879 845 922 906 ite
945 843 984 906 ad
1000 855 1132 929 portam,

91 937 130 1000 et,
144 936 180 987 ut
194 939 394 992 maturaretur
411 951 468 1010 res,
484 930 635 1013 proficisci
654 932 694 992 ad
716 931 868 993 delectum
879 929 982 1013 jussit.
1026 929 1132 992 lblvio

10 1069 12 1074 .
89 1009 297 1097 Flaminioque
324 1027 412 1078 terna
435 1019 532 1080 millia
552 1015 762 1079 Romanorum
787 1017 926 1099 peditum
952 1032 985 1079 et
1013 1017 1132 1080 centeni

6 1121 11 1136 ¹
88 1099 201 1178 equites
217 1101 249 1161 in
264 1103 523 1185 supplementum,
538 1116 570 1166 et
586 1105 679 1185 quina
703 1102 800 1165 millia
821 1103 936 1165 socium
959 1100 1061 1164 latini
1077 1123 1133 1164 no-

89 1184 177 1246 minis
198 1197 229 1247 et
245 1187 356 1250 duceni
381 1191 498 1271 equites
521 1191 654 1268 decreti,
679 1189 918 1272 mandatumque
944 1189 1133 1272 praetoribus,

88 1282 121 1330 ut
141 1281 258 1335 veteres
282 1275 472 1338 dimitterent
500 1277 624 1355 milites,
651 1297 743 1358 quum
768 1277 800 1337 in
822 1275 1012 1360 provinciam
1032 1275 1133 1338 venis-

86 1368 164 1418 sent.
210 1358 313 1430 Quum
337 1362 460 1440 milites,
483 1363 532 1444 qui
555 1364 586 1424 in
609 1363 776 1444 legionibus
801 1363 923 1423 urbanis
950 1373 1048 1434 erant,
1074 1361 1132 1424 fre·

86 1453 216 1522 quantes
240 1447 414 1510 ”tribunos
433 1449 551 1532 plebis‘
577 1449 721 1527 adissent,
748 1449 791 1510 uti
818 1469 939 1511 caussas
966 1469 1132 1530 cognoscc-

86 1540 155 1590 rent
180 1550 295 1612 eorum,
320 1534 428 1616 quibus
449 1546 501 1598 aut
515 1536 643 1598 emerita
656 1535 820 1619 stipendia,
838 1547 891 1597 aut
906 1535 1030 1596 morbus
1043 1555 1133 1596 caus·

86 1635 124 1674 sae
145 1630 259 1697 essent,
274 1639 335 1703 quo
350 1621 448 1682 minus
463 1621 649 1699 militarent3
677 1642 746 1684 eam
770 1643 834 1684 rem
857 1622 949 1683 litera
967 1617 1019 1682 Ti.
1042 1617 1131 1682 Sem·

85 1702 184 1782 pronii
198 1703 412 1784 discusserunt,
424 1709 455 1768 in
466 1709 572 1789 quibus
582 1709 729 1791 scripturn
742 1708 843 1788 erat,v‘
854 1705 1000 1790 Ligurum
1009 1704 1134 1770 decem'

85 1787 207 1850 ‘millia
221 1791 252 1852 in
264 1812 370 1874 agrurn
390 1791 600 1856 Placentinum
615 1795 751 1856 uenisset
768 1808 801 1856 et
816 1814 885 1856 eum
902 1814 996 1874 usque
1013 1792 1052 1855 ad
1066 1792 1132 1876 ipsa

86 1873 96 1905 ‘
107 1874 233 1938 colonia
242 1879 355 1941 moenia
366 1892 397 1941 et
409 1877 483 1941 Padi
500 1882 580 1963 ripas
590 1900 660 1942 curn
675 1881 805 1944 cedibus
817 1891 849 1942 et
860 1879 1008 1942 incendiis
1019 1899 1131 1962 perpo-

86 1959 96 1991 ‘
108 1959 230 2042 pulatos
246 1985 321 2026 csse.
349 1964 495 2028 Boiorum
512 1987 633 2048 quoque
645 1978 769 2048 gentem
782 1966 821 2028 ad
833 1965 1028 2028 rebellionem
1042 1985 1131 2048 spec·
1143 1969 1284 2021 Tumultus

86 2045 95 2078 ‘
110 2046 195 2109 tare?
217 2047 267 2111 Ob
283 2071 334 2112 eas
349 2072 396 2113 res
413 2055 438 2098 ⁹⁷
450 2052 462 2085 ‘
475 2052 639 2114 tumultum
655 2050 731 2114 csse’
743 2051 876 2114 decrevit
891 2062 1038 2128 senatus,
1054 2049 1131 2112 ‘tri·
1145 2052 1195 2114 ⁸9·
1206 2037 1286 2086 Μ’·

86 2133 208 2196 ‘bunos
224 2136 322 2217 plebei
338 2157 402 2199 non
417 2139 539 2219 placere
554 2159 675 2200 caussas
691 2138 838 2199 militares
861 2156 1058 2220 cognoscere,
1073 2157 1134 2220 quo
1145 2113 1290 2152 ”mm

85 2219 95 2250 ‘
109 2221 210 2282 rninus
225 2222 265 2284 ad
280 2224 414 2287 edictum
429 2223 646 2286 convenirent!
681 2221 870 2306 Adjecerunt
884 2223 990 2301 etiam,
1005 2234 1039 2284 ut
1058 2222 1133 2284 socii

84 2306 218 2369 nominis
233 2307 347 2388 Latini,
358 2311 408 2394 qui
422 2311 453 2371 in
463 2310 598 2372 exercitu
612 2307 644 2370 P.
656 2307 802 2388 Cornelii,
811 2307 862 2371 Ti.
874 2305 1046 2391 Sempronii
1061 2307 1133 2370 fuis·

82 2403 163 2471 sent,
179 2403 211 2454 et
224 2394 341 2456 dimissi
357 2397 396 2458 ab
408 2396 444 2457 iis
460 2389 634 2459 consulibus
654 2407 765 2474 essent,
779 2405 823 2474 ut,
840 2395 985 2476 adquam
1002 2395 1082 2457 diem
1097 2391 1134 2455 L.

82 2474 244 2540 Cornelius
256 2480 360 2543 consul
372 2482 527 2560 edixisset,
539 2497 570 2544 ct
583 2482 614 2544 in
624 2500 712 2562 quern
723 2483 823 2544 locum
836 2480 982 2542 edixisset
992 2477 1130 2557 Etruria,

81 2565 301 2629 convenirent:
318 2579 350 2631 et
364 2570 431 2629 uti⁸
445 2567 481 2630 la.
494 2567 649 2632 Cornelius
662 2569 777 2647 consul,
793 2569 822 2628 in
836 2567 1024 2649 provinciam
1036 2567 1129 2649 proli-

83 2649 210 2729 ciscens,
241 2652 271 2714 in
298 2654 419 2736 oppidis
445 2655 594 2738 agrisque,
621 2674 680 2736 qua
706 2655 800 2716 iturus
828 2663 919 2732 esset,
945 2652 970 2714 si
998 2672 1073 2734 quos
1099 2654 1127 2714 ci

81 2735 244 2816 videretur,
271 2739 383 2803 milites
403 2741 558 2818 scriberet,
582 2751 783 2821 armaretque,
805 2752 837 2801 et
857 2739 982 2802 duceret
1002 2759 1127 2802 secum:

84 2821 317 2907 dimittendique
333 2827 372 2905 ei,
387 2847 462 2908 quos
477 2847 594 2905 eorum,
610 2827 792 2909 quandoque
807 2825 908 2905 vellet,
919 2825 970 2908 jus
985 2838 1076 2888 esset.

122 2905 220 2971 LVll.
242 2907 406 2992 Postquam
422 2912 571 2991 consules,
588 2911 707 2975 delectu
722 2912 841 2990 habito,
857 2911 988 2996 profecti
1010 2912 1128 2974 suntin
1143 2911 1281 2990 Legationes

81 2996 260 3075 provincias,
277 3008 342 3060 turn
357 2997 395 3060 Τ.
411 2997 571 3070 Quinctius
587 2999 763 3081 postulavit,
778 2999 788 3031 ‘
803 3011 839 3060 ut
851 2999 889 3059 de
905 2998 963 3076 iris,
979 3019 1044 3079 quaa
1059 3018 1128 3060 cum
1141 2991 1241 3068 ⁶¹5⁶*ae
1252 3001 1277 3037 ⁰¹

82 3079 212 3143 ‘decem
243 3082 352 3166 legatis
377 3085 442 3168 ipse
469 3086 634 3162 statuisset,
661 3096 783 3147 senatus
811 3083 948 3160 audiret;
972 3104 1077 3168 eaque,
1103 3085 1129 3146 si
1142 3057 1216 3104 ΑΜ·

81 3165 267 3247 ‘rideremn
283 3171 466 3233 auctoritate
481 3191 537 3232 stra
553 3169 754 3232 confirmaret.
791 3167 826 3230 ld
838 3190 891 3230 eos
901 3169 1017 3232 facilius
1029 3169 1127 3232 lactu-

80 3253 167 3332 ‘ros,
183 3255 209 3315 si
225 3254 395 3336 legatorum
409 3256 510 3334 verba,
532 3257 582 3337 qui
603 3275 640 3315 ex
662 3256 801 3317 universa
819 3253 937 3316 Gracia
960 3267 993 3316 et
1017 3275 1130 3337 magna

79 3441 92 3476 t
101 3368 294 3481 :tfflr'tjrom
375 3376 387 3402 ⁰
393 3369 484 3434 plebeios
495 3371 569 3421 Gran.
579 3370 648 3432 plebei
660 3368 728 3418 Creu.
820 3366 960 3432 lquinderim
970 3367 1130 3420 Geomcrer.

79 3513 181 3563 debetur
197 3513 262 3564 Vict.
283 3515 361 3565 codici.
394 3515 457 3565 Editi
474 3516 588 3566 lubebaut
620 3517 709 3581 equites
729 3516 801 3575 daret,
822 3531 864 3580 pro
888 3529 984 3564 numero
1011 3513 1128 3579 juniorum

78 3583 136 3628 misr
157 3588 179 3629 et
202 3579 281 3628 Latus·
301 3583 393 3630 nominis
412 3584 588 3647 magiamtibus:
620 3581 848 3646 euluaquecivitatis.
882 3581 920 3629 stc
936 3581 986 3629 cic.
1003 3581 1027 3628 io
1040 3581 1083 3645 Ep.
1100 3583 1127 3629 ad

79 3645 218 3710 quodplane
234 3646 289 3694 sern'
308 3661 355 3706 noo
372 3659 483 3710 poterat.¹
502 3648 588 3697 Saltem
609 3647 654 3704 ,0.
671 3649 789 3696 Fratrem:
809 3647 901 3711 wdgol
920 3647 976 3708 quod
997 3648 1025 3694 iis
1038 3649 1128 3710 arata

80 3709 145 3757 scribi
172 3709 291 3760 debuisset
317 3714 430 3772 εοείοπιηι,
451 3723 477 3760 ut
501 3713 588 3776 pridem
610 3721 654 3772 ,ter
675 3712 739 3760 Sulla
759 3713 904 3774 waplam.
946 3709 1010 3758 Hiuc
1029 3723 1054 3758 et
1068 3713 1128 3772 jura

80 3775 266 3890 ttlt‘l'ttr
294 3775 343 3888 {il
353 3778 587 3892 allisisti:
619 3777 832 3891 ‘'iiiii‘'lai’
845 3779 886 3889 tt:
902 3775 1127 3890 ‘Stulta‘

81 3857 139 3971 ransc
152 3908 209 3970 quin
227 3917 251 3954 et
266 3855 305 3954 :lii
325 3877 414 3969 quoqde
434 3908 507 3956 MSS.
527 3909 587 3958 idem
619 3859 671 3956 del.
686 3860 823 3960 allevas
834 3920 858 3954 a.
870 3856 923 3955 27P
1072 3875 1079 3890 '
1120 3873 1127 3888 ⁸

79 3972 507 4086 ura
566 4021 570 4033 ·
619 3967 1128 4090 mem]

82 4053 303 4165 deserip'lt'tmeulgo
320 4040 530 4151 1111)εῑιιι·1,ιῖά;“ἰε.”γι
539 4071 587 4152 lle-
620 4119 688 4164 quam
717 4101 806 4151 Livius.
839 4049 994 4148 ¹'Correuirlllll
1021 4114 1051 4148 ex
1074 4115 1129 4148 auc·

83 4165 588 4282 niatffiffttttatttffa
619 4163 1118 4280 tt{·²‘.titt⁰:l⁶·ntlttttn⁶tt

84 4293 167 4354 ignorat
184 4310 276 4358 quoquc
293 4307 370 4345 notter
380 4264 588 4346 Victorinum’ltt
620 4247 813 4360 rentl’vietorint.
848 4292 1042 4342 ouibusetdeet
1060 4267 1127 4356 sigas
1174 4309 1184 4320 ‘

84 4359 199 4420 insipat,
216 4359 239 4409 id
258 4372 302 4420 est,
319 4377 365 4409 non
385 4363 452 4410 ruodo
470 4363 587 4426 imperarit
619 4360 693 4418 nium,
703 4361 741 4423 qui
753 4360 896 4408 ntiertesuo
907 4358 1003 4406 tribunae
1009 4359 1083 4424 plebis.

85 4421 250 4474 inunirenum
269 4424 390 4487 wodecim
403 4429 474 4475 millia
490 4423 612 4487 pectinem]
652 4427 674 4463 ⁹7
688 4423 817 4474 Tumultum
837 4439 878 4474 ate
907 4423 998 4472 datram
1026 4421 1122 4484 anatot]

85 4495 106 4532 et
120 4492 246 4556 qrtbrgentot
261 4494 347 4552 equites,
363 4494 404 4540 sed
418 4493 511 4552 singulis
531 4492 587 4539 civi·
620 4488 978 4550 vid.not.52.at1.vn.c.9‚

85 4551 174 4612 tabu,
200 4565 256 4618 quot
282 4571 378 4626 quaque
406 4557 501 4622 pedites,
531 4567 587 4620 quot
800 4551 804 4562 '
1051 4549 1056 4562 '
