3068 5186
374 367 435 428 Μ
796 360 880 421 Tl'l'l
903 359 1006 424 lavit
1065 371 1087 383 ““
1109 371 1116 381 ’

178 581 183 600 ,
208 537 352 589 acus.
375 519 682 584 ‘ramleram
697 493 935 598 seruiqueu.
951 515 1113 586 namtas
1128 527 1160 578 a
1174 514 1310 580 mma
1323 513 1423 578 maa·
1528 527 1529 566 l

208 599 280 654 Ν·
289 605 346 655 ¹⁸⁹·
375 609 386 642 ‘
400 608 479 670 nica
491 628 551 670 orae
565 605 694 668 castella
705 615 739 666 et
754 603 838 665 vicos
858 602 1066 680 tradidissent,
1089 613 1131 680 et,
1154 623 1247 684 quum
1271 601 1425 664 amem

374 695 386 728 ‘
400 694 448 756 bis
463 713 503 756 ex
512 693 627 754 foedere
642 688 865 752 Lacedaemonii
880 689 1036 767 deberent,
1056 685 1116 750 Irus
1130 690 1217 751 ricus
1227 690 1423 772 obpugnat·

372 1298 400 1360 si
414 1297 510 1360 semel
515 1295 628 1380 primis
644 1295 782 1378 imperiis
799 1293 969 1357 obediendo
979 1293 1088 1376 jugum
1103 1295 1306 1376 accepissent,
1321 1316 1372 1370 ne,
1387 1295 1418 1356 id

239 1397 244 1410 ·
373 1385 455 1466 quod
464 1383 532 1466 jam
548 1384 601 1445 diu
615 1382 784 1459 moliretur,
808 1377 1016 1462 Philopoemen
1042 1380 1195 1444 exsulibus
1223 1379 1417 1444 medemu-

374 781 492 858 ιω,
515 779 672 858 caedesque
686 777 846 852 ibivfacta3
876 776 926 856 qui
948 775 1014 856 ejus
1031 777 1072 838 rei
1088 770 1226 840 auctores
1242 775 1419 856 adfinesqw

373 867 386 900 ‘
400 877 514 943 meat
528 865 587 927 nisi
601 865 783 926 dederentur
793 861 924 939 Achaeis,
937 863 1084 924 violatum
1093 861 1189 924 videri
1204 861 1327 925 fadus!
1371 862 1420 924 Ar

373 951 586 1034 exposcendos
600 972 656 1012 eos
668 950 763 1031 legati
778 948 932 1030 extemplo
956 947 1204 1012 lacaedemonem
1231 949 1318 1010 missi
1341 962 1420 1010 mma

206 1063 353 1112 m.
374 1037 411 1100 ld
424 1038 583 1121 imperium
596 1037 674 1100 adeo
683 1036 845 1118 superbum
857 1048 889 1096 et
900 1035 1058 1116 indignum
1069 1034 1307 1098 lacedemoniis
1320 1037 1416 1097 visum

207 1131 302 1178 mam
309 1128 345 1176 in-
374 1135 432 1202 est,
446 1136 492 1202 ut,
506 1125 533 1184 si
549 1124 675 1204 antiqua
688 1122 819 1186 civitatis
834 1121 955 1183 fortuna
965 1133 1055 1199 esset,
1067 1121 1252 1185 hauddubie
1263 1143 1352 1183 arma
1364 1141 1418 1184 exo

206 1194 315 1258 “W''
373 1211 491 1294 templo
504 1210 624 1293 capturi
636 1205 757 1270 fuerint.
770 1208 902 1270 rnaarime
913 1220 1016 1270 auteur
1025 1209 1231 1270 consternavit
1240 1229 1295 1270 eos
1308 1219 1417 1286 metus,

373 1491 445 1534 uem
470 1470 614 1552 traderet.
658 1467 805 1530 Furentes
820 1468 923 1548 ,igitur
946 1469 1002 1545 ira,
1027 1468 1154 1549 triginta
1177 1468 1355 1530 horninibus
1380 1488 1416 1530 ex
1522 1542 1525 1554 Ι

372 1557 518 1634 factione,
533 1575 681 1636 cumque
698 1554 892 1616 consiliomm
915 1555 1016 1636 aliqua
1040 1554 1169 1616 societas
1196 1552 1415 1636 Philopoemeni

371 1653 464 1723 atque
478 1643 631 1704 exsulibus
646 1651 723 1719 erat,
745 1639 922 1718 interfectis,
943 1641 1150 1718 decreverunt,
1176 1641 1415 1702 renunciandum

222 1719 235 1738 “
370 1729 552 1792 societatem
566 1727 697 1804 Achaeis,
712 1729 887 1809 legatosque
907 1728 1063 1820 cntempla
1085 1725 1318 1808 Cephalleniam
1344 1729 1416 1790 mit·

314 1835 317 1856 ¹
370 1815 492 1893 tendos,
507 1815 558 1886 oui
574 1815 691 1876 consuli
706 1813 753 1875 M.
770 1813 885 1891 Fulvio,
910 1815 1019 1895 quique
1045 1811 1193 1881 Romanis
1218 1809 1414 1876 Lacedaema-

370 1921 443 1966 nem
456 1901 626 1978 dederent3
652 1912 834 1981 orarentque
849 1919 930 1978 epm,
945 1913 979 1962 ut
993 1900 1110 1962 veniret
1125 1899 1161 1980 in,
1171 1899 1412 1983 Peloponnesum

369 1987 529 2050 adurbem
545 1985 795 2049 lacedemonem
818 1987 851 2047 in
877 1985 968 2049 fidem
991 1986 1198 2067 ditionemque
1221 1989 1326 2072 populi
1351 1987 1412 2050 Ro·

127 2117 135 2127 -
370 2074 455 2142 marri
470 2074 692 2156 accipiendam.
1269 2084 1272 2094 ’

204 2173 320 2234 miratio
412 2158 549 2222 XXXll.
571 2159 609 2221 Id
636 2160 688 2222 ubi
720 2159 813 2242 legati
843 2161 882 2222 ad
910 2159 1037 2222 Achaeas
1068 2159 1247 2235 retulerunt,
1278 2161 1410 2222 omniruar

203 2241 351 2356 lffflfflp‘r
370 2247 550 2348 civitatium,
563 2267 630 2330 quc
649 2246 714 2330 ejus
736 2247 858 2308 concilii
882 2259 980 2324 erant,
1006 2267 1154 2310 consensu
1177 2246 1292 2309 bellum
1317 2245 1410 2310 lace-

205 2321 358 2422 &emunim
370 2333 525 2395 demoniis
550 2333 699 2394 indictum
720 2345 776 2398 est.
803 2353 842 2394 ne
865 2334 1020 2417 extemplo
1044 2345 1176 2416 geretur,
1203 2333 1302 2395 hiems
1329 2336 1413 2416 lupe·

209 2459 213 2466 ·
371 2419 437 2481 diit.
480 2419 705 2482 lucursionibus
735 2430 839 2481 temen
872 2420 982 2502 parvis,
1011 2416 1163 2484 latrocinii
1193 2421 1293 2502 magis
1323 2436 1411 2502 quaem

370 2505 443 2568 belli
458 2507 562 2585 modo,
581 2525 644 2568 non
669 2517 751 2568 terra
775 2517 906 2584 tantum,
929 2507 983 2568 sed
1006 2507 1100 2570 etiarn
1125 2507 1252 2568 navibus
1273 2518 1313 2566 a‘
1337 2507 1411 2568 utari

289 2615 298 2624 ·
369 2589 446 2654 flues
460 2613 564 2654 eorum
579 2593 700 2655 vastati.
744 2591 804 2654 Hic
820 2593 966 2655 turnultus
991 2595 1146 2656 consulem
1167 2594 1200 2654 in
1223 2592 1435 2676 Pelopeus-1

369 2699 438 2750 sum
452 2679 601 2756 adduxit3
620 2677 766 2760 jussuque
785 2677 850 2761 ejus
871 2679 941 2742 Elin
965 2680 1097 2750 concilio
1120 2679 1244 2758 indicto,
1264 2678 1409 2742 beceda·

370 2765 464 2826 monii
488 2766 531 2826 ad
556 2765 788 2848 disceptandum
812 2765 918 2828 adciti.
961 2764 1080 2848 Magna
1094 2767 1137 2828 ibi
1151 2787 1209 2828 nou
1224 2767 1407 2848 disceptatio

369 2852 475 2929 modo,
500 2852 672 2916 sedetiam
694 2851 854 2914 altercatio
888 2852 956 2915 tuit.
990 2855 1037 2915 cui
1072 2852 1188 2930 consul,
1209 2873 1308 2934 ¹quum
1334 2854 1409 2933 alia,

369 2938 445 3000 satis
472 2940 498 2976 ¹⁵
508 2938 670 3000 ambitiose
689 2949 808 3020 partem
822 2951 981 3020 utramque
996 2939 1139 3016 fovendo,
1155 2940 1267 3002 ineerta
1280 2959 1409 3021 respon·

370 3022 476 3102 diasat,
501 3046 564 3085 uua
589 3025 837 3102 denunciatione,
861 3035 896 3086 ut
918 3025 998 3087 bello
1019 3025 1218 3103 abstinerent,
1232 3026 1330 3088 donec
1346 3025 1411 3087 tto·

242 3185 249 3195 Ι
275 3117 310 3164 ia
369 3129 453 3172 mam
467 3110 585 3206 legatos
598 3111 639 3172 ad
653 3122 792 3174 senatum
816 3112 977 3189 misissent,
997 3111 1089 3174 linem
1104 3113 1250 3196 inposuit.
1294 3109 1412 3174 Utrim

278 3199 328 3232 ‘¹⁸'
369 3217 429 3278 que
438 3197 556 3279 legatio
571 3199 664 3260 missa
689 3196 821 3260 Romam
842 3209 898 3260 est.
923 3200 1042 3262 exsules
1068 3220 1191 3280 quoque
1216 3197 1411 3262 lacedemo-

230 3315 235 3326 ·
315 3329 336 3364 ᾖ
369 3284 487 3346 nicrum
513 3305 600 3346 suam
625 3305 763 3346 caussam
789 3285 1032 3367 legationemque
1062 3283 1183 3348 Achaeis
1206 3285 1411 3369 injunxenmt.

368 3367 548 3451 Diophanes
582 3383 616 3432 et
648 3369 807 3454 Lycortas,
836 3371 1092 3454 Megalopolitani
1125 3373 1228 3450 ambo,
1259 3374 1411 3456 pstincipes

369 3455 531 3537 legationis
545 3456 727 3518 Acbaeorm
753 3459 884 3520 lucmnt.
906 3459 967 3539 qui,
993 3459 1171 3522 dissidentes
1193 3460 1226 3525 iu
1246 3460 1410 3542 republica,

369 3553 435 3604 turn
451 3563 570 3624 quoque
596 3543 721 3604 minime
736 3544 815 3606 iuter
829 3565 862 3606 ee
878 3546 1093 3610 convenientes
1112 3546 1269 3608 orationes
1295 3547 1409 3608 lubere*
1487 3581 1490 3586 ·

368 3640 451 3690 runt.
491 3629 671 3710 Diopbrmea
698 3631 817 3693 senatui
850 3631 1104 3714 disceptationem
1141 3632 1279 3696 omnium
1311 3653 1408 3695 rerum

368 3715 589 3798 permittebat:
608 3737 662 3777 eos
681 3716 797 3799 optime
821 3717 1039 3781 controversias
1054 3720 1134 3782 inter
1149 3717 1286 3782 Achaeos
1298 3741 1335 3782 ac
1351 3717 1412 3780 lra-

367 3799 570 3864 redamonios
584 3801 721 3866 finituros
738 3825 815 3866 esse.
859 3801 1004 3888 Lycortas
1012 3827 1058 3884 ,ex
1073 3806 1230 3889 preceptis
1251 3805 1412 3888 Pbilcpoe-

367 3889 467 4036 :peuis
488 3890 673 3972 postulabat,
692 3902 728 3990 ut
740 3889 862 3990 Achaeis
889 3912 928 3954 ex
943 3891 1057 3954 foederc
1072 3913 1108 3992 ac
1123 3893 1240 3993 legibus
1255 3894 1329 3970 auis,
1344 3911 1413 3973 epm

389 3988 552 4054 ecressent,
567 3997 658 4057 agere
680 3976 803 4039 liceret:
828 3978 1059 4060 libertatemque
1083 3981 1139 4040 srbr
1162 3979 1333 4056 inlibatam,
1356 3999 1412 4040 cu·

362 4060 416 4143 jus
450 4063 510 4146 ipsi
537 4073 675 4125 auctores
704 4076 815 4142 esseut,
839 4077 1026 4147 praestarent.
1069 4065 1196 4148 Magnae
1219 4065 1415 4129 manassis

343 4149 451 4229 -apad
474 4149 630 4212 Romanos
650 4161 717 4212 tum
738 4172 814 4232 gens
836 4152 1016 4214 Achaeorum
1048 4163 1135 4214 erat:
1173 4153 1277 4214 novari
1306 4163 1415 4215 tamen

368 4235 448 4297 nihil
473 4236 513 4299 de
538 4235 776 4300 Lacedaemoniie
808 4237 961 4320 placebat.
993 4249 1127 4308 cetemm
1162 4261 1345 4324 responsum
1370 4239 1418 4302 aa

792 4387 823 4429 ‘a
834 4379 907 4430 Gran.
919 4379 986 4431 Creu.

428 4499 431 4506 '
484 4489 643 4558 Ηιύὶιία]
659 4493 774 4554 Molliter,
782 4508 807 4546 et
817 4497 986 4548 “commodare
997 4496 1024 4548 ad
1034 4477 1130 4562 gudam
1139 4497 1283 4563 capnadam
1413 4543 1416 4551 Α
