3068 5186
333 395 392 452 ssa
544 331 579 388 ⁸⁴
756 387 841 447 arur
863 386 966 447 mvn

166 561 201 612 υ.
213 565 242 615 c.
255 564 312 614 56⁵.
333 545 345 580 ‘
359 548 462 630 pulum
472 546 553 624 ferri,
563 544 666 621 velint,
672 537 842 626 jubcantne
854 563 923 606 eum
939 521 1036 606 Gallis
1050 541 1163 604 bellum
1177 540 1269 623 geri?
1286 536 1386 600 Modo

164 628 304 686 Aac-1⁸⁷·
332 633 343 667 ‘
358 645 440 696 certe
454 633 593 696 consules
605 631 754 694 Graeciam
768 641 861 712 atque
874 629 981 694 Asiam
995 630 1149 707 volabant,
1163 639 1270 691 tamen
1280 645 1385 710 perse·

331 720 530 784 ‘verentibus
543 720 639 796 vobis,
654 716 781 800 Ligures
796 718 985 801 provinciam
1008 717 1180 794 decernere,
1195 716 1283 777 dicto
1298 711 1386 775 aurii-

187 883 190 888 .
332 807 441 869 ‘entes
455 809 585 870 fuorunt.
629 804 744 868 Merito
769 826 843 886 ergo
858 827 877 868 a
890 806 988 882 vobis,
1012 824 1156 888 prospere
1178 803 1261 864 bello
1283 811 1387 883 gesta

126 906 129 918 ¹
298 959 301 965 ,
332 894 546 976 ‘triumphum
562 903 679 975 petent,
694 893 804 976 quibus
819 893 992 955 auctoribus
1007 887 1185 974 gessenrnt?

165 994 303 1046 Manlium
374 977 503 1042 XLVll.
524 977 610 1041 Talis
632 981 731 1042 oratio
757 979 838 1041 Furii
862 991 894 1041 et
919 976 1038 1041 AEmilii
1063 979 1130 1040 fuit.
1174 975 1387 1040 Mmturnis

163 1059 275 1111 &wilt-
331 1068 414 1130 hunc
438 1068 572 1129 maxime
598 1067 723 1128 modum
763 1067 956 1149 respondisse
984 1066 1169 1149 accepimus.
1226 1062 1386 1125 ‘Tribuni

330 1153 454 1238 ‘plebis
480 1165 573 1216 antea
597 1153 739 1216 solebant
758 1153 948 1236 triumphum
972 1153 1198 1236 postulantibus
1218 1150 1384 1225 adversari,

331 1243 342 1274 ‘
357 1239 461 1303 Patres
471 1241 646 1323 conscripti.
670 1240 786 1312 Quibus
797 1259 855 1322 ego
867 1241 998 1322 gratiam
1010 1241 1121 1328 habeo,
1130 1239 1212 1321 quod
1225 1251 1281 1300 seu
1293 1237 1384 1315 mihi,

331 1331 343 1360 ‘
357 1349 410 1390 seu
419 1327 623 1410 magnitudini
634 1347 732 1390 rerum
742 1333 909 1408 gestarum,
919 1327 978 1388 hoo
988 1327 1150 1405 dederunt,
1160 1337 1270 1388 utnon
1281 1325 1383 1388 solum

331 1412 478 1478 ‘silentio
493 1415 729 1498 comprobarent
743 1415 892 1476 honorem
907 1433 1019 1492 meum,
1034 1415 1123 1475 “secl
1141 1412 1255 1475 referre
1273 1412 1385 1488 etiam,

331 1500 343 1533 ‘
356 1502 382 1563 si
397 1523 473 1585 opus
488 1513 579 1580 esset,
601 1501 774 1563 viderentur
788 1501 887 1583 parati
903 1520 978 1562 esse.
1021 1499 1071 1562 Ex
1094 1501 1201 1562 decem
1216 1499 1341 1582 legatis,
1356 1499 1383 1558 si

330 1588 342 1622 ‘
356 1587 427 1650 Diis
436 1589 548 1670 placet,
568 1588 650 1671 quod
662 1588 840 1650 consilium·
855 1587 1064 1669 dispensandae
1084 1586 1385 1666 cohonestandaeque

330 1674 489 1738 ‘vicwrice
503 1675 736 1756 imperatoribus
752 1671 883 1755 majores
898 1673 1048 1736 dederunt
1065 1674 1175 1751 nostri,
1190 1672 1383 1736 adversarios

330 1761 342 1794 ‘
357 1762 465 1824 habeo.
486 1760 523 1823 L.
537 1761 653 1840 Furius,
668 1759 703 1822 Ιι.
718 1759 861 1824 AEmilius
875 1781 998 1822 currum
1012 1761 1229 1842 triumphalem
1245 1781 1296 1822 me
1305 1780 1384 1821 con-

330 1847 343 1881 ‘
355 1849 500 1910 scandere
526 1849 701 1931 prohibent,
725 1867 871 1910 coronam
897 1847 1048 1929 insignem
1073 1847 1166 1931 capiti
1188 1847 1384 1922 detrahunt3

330 1934 431 2016 ‘quos
447 1957 516 2018 ego,
532 1936 557 1998 si
573 1936 685 1999 tribuni
699 1956 748 1997 me
767 1933 954 2017 triumphare
968 1934 1175 2016 prohiberent,
1190 1946 1287 1996 testes
1301 1933 1381 1994 cita-

220 2062 223 2072 «
330 2022 440 2084 ‘turus
463 2023 506 2084 fui
521 2043 620 2086 rerum
636 2043 655 2084 a
669 2043 719 2083 ma
739 2033 906 2104 gestarum.
950 2017 1072 2083 Nullius
1086 2021 1240 2102 equidem·
1258 2021 1378 2082 invideo

329 2108 476 2188 ‘honori,
499 2108 604 2172 Patres
630 2109 805 2191 conscripti.
850 2107 912 2169 Vos
938 2110 965 2154 ⁶⁷
974 2108 1113 2170 tribunos
1137 2108 1239 2189 plebei
1269 2127 1374 2190 nuper,

328 2195 434 2259 ‘viros
461 2196 558 2258 fortes
583 2217 620 2258 ac
650 2208 799 2274 strenuos,
823 2194 1015 2277 inpedientes
1042 2194 1082 2265 Q.
1108 2193 1195 2256 Fabii
1226 2193 1377 2256 labeonis

329 2282 555 2367 ‘triumphum,
585 2284 767 2346 auctoritate
793 2294 905 2344 -uestra
933 2281 1134 2344 deterruistis.
1167 2282 1379 2364 triumphavit,

328 2369 341 2403 ‘
355 2391 445 2452 quem
461 2391 524 2432 non
534 2371 646 2432 bellum
661 2369 807 2451 injustum
819 2369 959 2451 gessisse,
974 2369 1029 2431 sed
1041 2368 1303 2431 hostemomnino
1314 2389 1378 2429 non

273 2525 276 2532 ,
328 2456 463 2519 ‘vidisse
484 2457 597 2532 inimici
620 2456 793 2539 jactabant.
837 2455 920 2538 Ego,
930 2457 981 2539 qui
1004 2476 1074 2518 cum
1097 2467 1221 2518 centrum
1244 2456 1379 2518 millibus

328 2542 608 2606 ‘ferocissimorum
633 2544 766 2605 hostium
788 2541 883 2625 signis
897 2543 1027 2607 conlatis
1051 2543 1146 2604 toties
1159 2543 1301 2625 pugnavi,
1322 2543 1377 2624 qui

327 2628 339 2661 ‘
353 2631 423 2712 plus
436 2630 638 2711 quadraginta
660 2630 758 2691 millia
771 2631 930 2693 hominum
953 2631 1021 2713 cepi
1036 2641 1092 2692 aut
1105 2630 1217 2708 uendi,
1236 2632 1285 2712 qui
1302 2630 1375 2691 bina

327 2714 452 2778 ‘castra
466 2723 571 2778 eortm
587 2717 770 2799 expugnavi,
785 2718 837 2798 qui
862 2717 939 2779 citra
956 2715 1034 2800 juga
1046 2714 1140 2778 Tauri
1163 2717 1371 2800 omniapaca-

327 2800 443 2880 ‘tiora‚
464 2823 556 2885 quam
578 2815 661 2865 terra
676 2803 768 2865 ltalia
793 2815 850 2882 est,
875 2804 993 2885 reliqui,
1017 2823 1079 2866 non
1101 2804 1252 2886 triumpho
1272 2803 1367 2865 morlo

326 2887 339 2920 ‘
353 2888 477 2952 fraudor
489 2912 499 2968 3
522 2890 577 2952 sed
592 2911 729 2952 caussam
743 2890 824 2974 apud
838 2911 903 2969 vos,
920 2889 1023 2953 Patres
1035 2891 1208 2974 conscripti,
1222 2911 1368 2952 acaunu-

326 2974 432 3039 ‘tibtrs
454 2977 530 3039 meis
546 2977 610 3060 ipse
633 2977 849 3059 legatis‚·dico.
893 2977 1017 3060 Duplex
1039 2997 1157 3056 eorum,
1180 2976 1373 3038 ut=animatl·

326 3060 338 3093 ‘
351 3065 493 3142 vertistis,
505 3063 608 3126 Patres
617 3065 793 3147 conscripti,
804 3066 960 3126 accusatio
968 3065 1036 3126 fuit.
1045 3083 1129 3143 nam,
1138 3083 1197 3126 nec
1205 3065 1374 3146 gerendum

326 3149 337 3183 ‘
353 3151 428 3212 mihi
440 3151 531 3215 irrisae
543 3152 656 3214 bellum
667 3173 737 3216 cum
749 3149 856 3229 Gallis,
868 3163 901 3212 et
911 3163 1032 3233 gestum
1042 3163 1161 3216 temere
1172 3151 1257 3232 atqui
1268 3151 1374 3233 inpru-

325 3235 337 3269 ‘
352 3237 469 3317 denter,
477 3239 628 3302 dixerunt.
638 3260 699 3301 non
705 3247 793 3301 erant
803 3235 884 3300 Galli
893 3239 1008 3316 hostes,
1014 3238 1069 3302 sed
1077 3249 1112 3300 tu
1118 3258 1171 3308 eos
1180 3251 1308 3321 pacatos
1315 3239 1376 3300 int·

324 3323 337 3356 ‘
351 3335 458 3407 perata
471 3325 619 3388 iacientes
632 3325 764 3390 violasti.
784 3323 856 3386 Non
871 3345 938 3387 sum
949 3325 1157 3407 postulaturus
1169 3346 1190 3386 a
1200 3325 1298 3403 vobis,
1317 3323 1375 3386 Pa·

275 3425 282 3438 '
325 3409 1376 3496 ‘tresconseripti,ut‚quoecommuniterdeinmanitategentisGallo·

325 3496 428 3578 ‘rum,
445 3500 484 3560 de
505 3499 700 3561 infestissimo
715 3499 787 3560 odio
801 3498 832 3560 in
848 3519 961 3560 nomen
977 3498 1151 3562 Romanum
1172 3499 1269 3578 scitis,
1284 3520 1322 3560 ca
1336 3499 1375 3560 de

323 3583 336 3617 ‘
351 3585 409 3647 illis
419 3605 548 3670 quoque,
555 3587 606 3668 qui
615 3585 722 3649 Asiam
731 3586 1066 3664 incoluntcxistimetis
1075 3583 1214 3648 ⁶⁸Gallis.
1228 3584 1376 3649 Renrota‘

356 3719 491 3768 'oraculum
507 3718 581 3769 Gron.
713 3721 768 3784 'pai
781 3728 851 3768 terrae
861 3719 900 3768 bot
910 3719 1018 3778 incolunt,
1028 3721 1158 3770 aumas.
1202 3719 1281 3770 Gallos
1295 3729 1376 3768 mna

323 3793 367 3836 etc.
378 3785 453 3835 Gron.
465 3784 534 3834 Cret.

355 3897 379 3934 ω
394 3898 644 3965 ‘Sede-perrectum]
667 3899 709 3949 lue
718 3900 834 3948 referendi
864 3900 1122 3950 observat-Perizonirn
1142 3917 1223 3952 vocem
1246 3903 1322 3951 Gallae
1336 3902 1377 3953 hie

323 3967 352 4016 srl
369 3975 485 4023 temtum,
504 3965 552 4014 sive
572 3981 677 4016 senarum
700 3965 834 4014 consulendi
864 3979 992 4030 suspectam
1004 3967 1149 4017 eeserlebere
1158 3968 1235 4017 locum
1246 3969 1376 4018 accuratius

322 4032 391 4083 cleiis
409 4048 461 4095 qun
477 4031 611 4081 viderentur
624 4032 653 4079 rrrl
671 4033 834 4096 rempublicam
864 4034 1001 4097 inspicienti.
1039 4033 1124 4097 Neque
1141 4033 1205 4082 enim
1220 4035 1375 4084 communiter

321 4098 447 4163 pertinere,
456 4098 571 4146 habebant
580 4097 666 4146 tribuni
677 4097 755 4162 plebis.
864 4099 893 4147 tle
914 4097 987 4148 Gallis
997 4101 1119 4159 universis,
1133 4101 1173 4148 sed
1189 4100 1375 4165 uebbpmprre

356 4161 377 4202 ⁸⁷
395 4162 500 4212 Tribunos
509 4164 795 4225 plebsi....impedlerttet
804 4162 833 4216 Q.
865 4165 905 4228 qui
915 4165 1237 4228 Atiemirreolebtrrt,sgitur.
1262 4165 1376 4215 Viderunt

324 4226 389 4275 Fabii
400 4226 755 4297 cherrrittn'rrmpbum]Deboc
763 4229 833 4280 Fabio
864 4231 933 4292 igitur
942 4231 1018 4294 legere
1035 4232 1128 4290 debere,
1145 4233 1260 4295 quomode
1273 4231 1297 4280 itr
1316 4232 1376 4280 Mo·

322 4293 412 4341 duetus
426 4296 585 4344 tantummodo
605 4294 662 4344 locis
679 4296 726 4357 egit
747 4295 834 4352 livius,
864 4299 961 4357 guntiae
979 4297 1079 4346 editions
1100 4299 1209 4360 habetur,
1228 4297 1266 4346 cui
1284 4299 1377 4348 aceedit

323 4373 408 4422 nempe
418 4373 439 4406 c.
447 4359 489 4407 ult.
499 4361 517 4410 l.
531 4371 637 4410 xxxvrr.
646 4372 669 4410 et
681 4378 702 4410 c.
711 4361 752 4410 39.
762 4360 833 4425 hujus
864 4377 924 4410 unru
935 4379 948 4411 e
959 4362 1030 4412 MSS.
1042 4363 1150 4412 lleerrr'ri:
1161 4380 1188 4412 ec
1197 4365 1379 4428 debilemque,

322 4423 385 4485 libri,
396 4439 440 4472 trec
448 4424 517 4472 ullam
525 4427 596 4489 huius
604 4428 735 4478 certaminis
744 4426 833 4475 tribua·
878 4431 903 4475 ιιιΙ
912 4436 982 4477 tenus
992 4430 1031 4477 lot
1039 4429 1148 4486 inorme,
1158 4432 1282 4478 wimaro
1292 4429 1378 4480 Gallis.

322 4504 392 4539 orum
403 4489 507 4538 advertus
518 4506 572 4538 eunt
583 4493 725 4541 mentionem
736 4492 801 4541 iecit.
975 4495 1081 4543 universe
1098 4496 1172 4558 gentis
1194 4495 1291 4560 t'tffrtrt'a
1311 4506 1380 4561 arque

356 4551 497 4606 ⁶⁸turtius..
504 4555 747 4620 parapamenos]
759 4557 832 4610 Recte
863 4557 1219 4625 immerserunt-are.
1252 4597 1255 4605 .
