3136 5196
441 381 521 444 Lus.
539 356 670 446 mv.
687 383 769 445 cnP.
787 381 919 444 xxxn.
1153 391 1214 460 aas

163 537 281 601 ‘nibus
296 546 404 600 sancta
417 556 546 620 caraque
562 539 635 618 sint,
654 535 697 601 Τ.
709 537 854 610 Quinctio
879 549 911 600 et
933 538 1047 622 populo
1071 538 1212 604 Romano
1225 552 1295 607 tto.
1306 557 1362 607 att.
1389 565 1390 570 ¹

164 625 316 689 ‘debera
373 621 460 686 Nihil
489 643 670 708 quemquam
700 626 740 686 ab
768 623 837 687 Diis
861 624 1071 688 inmortalibus
1095 629 1212 709 precari
1225 621 1363 675 *0¹⁹2-

161 712 176 745 ‘
191 731 293 794 posse,
316 711 399 794 quod
413 731 474 772 non
490 709 654 794 Magnetes
668 711 708 772 ab
723 711 781 773 iilis
797 709 965 790 haberent3
992 723 1024 775 et
1038 713 1071 774 in
1085 733 1214 796 corpora

162 797 248 859 ‘sua
262 798 352 859 citius
368 818 421 880 per
436 797 568 860 furorem
591 797 755 878 martures,
780 817 870 880 quam
893 809 929 861 ut
947 797 1118 862 Romanam
1134 801 1212 862 asni·
1320 839 1324 853 ι

163 883 297 946 ‘citiam
311 881 480 945 violarent.³
981 933 987 946 .
1053 881 1054 886 ’

210 968 345 1032 ΧΧΧΙΙ.
372 968 474 1052 Hujus
498 971 666 1034 orationem
691 972 856 1035 subsecutae
878 971 1084 1056 ¹multitudinis
1106 993 1212 1056 preces

166 1069 248 1120 sum.
290 1055 479 1140 Eurylochus
494 1077 533 1119 ex
546 1059 677 1120 concilio
691 1057 849 1121 itineribus
868 1059 996 1121 occultis
1020 1060 1060 1121 sd
1081 1073 1213 1142 portam,

165 1155 259 1225 atque
283 1142 354 1204 inde
381 1143 518 1224 protinus
533 1145 564 1206 in
579 1141 728 1206 AEtoliam
744 1145 889 1227 profugit.
931 1144 1003 1208 Jam
1018 1145 1112 1224 enirn,
1134 1160 1166 1209 et
1180 1145 1214 1207 id

166 1230 265 1312 magis
293 1229 326 1290 in
355 1230 430 1308 dies,
458 1226 556 1292 AEtoii
588 1230 791 1293 defectionem
817 1231 993 1293 nudabant:
1026 1251 1123 1314 eoque
1146 1233 1213 1316 ipso
1226 1237 1350 1293 AErohts·

165 1315 247 1378 forte
264 1313 410 1398 'tempore
435 1313 571 1394 ⁸Thoos,
598 1316 738 1398 princeps
760 1318 870 1398 gentis,
893 1337 983 1400 quem
1007 1319 1154 1404 miserant
1174 1307 1353 1381 adsectionum

101 1419 109 1430 ·
164 1401 367 1490 Antiochum,
386 1401 528 1481 redierat,
550 1403 682 1484 indeque
697 1401 881 1486 Menippum¹
902 1424 1006 1465 secum
1032 1404 1212 1484 adduxerat,
1225 1374 1322 1424 nudam.

163 1489 244 1570 regis
258 1489 403 1570 legatum.
446 1487 517 1566 Qui,
540 1488 713 1571 priusquam
728 1489 891 1552 concilium
906 1489 943 1550 iis
959 1489 1090 1568 daretur,
1112 1492 1213 1574 inple·

165 1586 273 1637 nerant
284 1575 421 1637 omnium
436 1594 522 1636 aures
537 1586 694 1637 terrestres
709 1575 889 1657 navalesque
904 1575 1008 1658 copias
1022 1572 1211 1638 commemo·

167 1661 292 1810 ‘nihilid
310 1661 512 1809 eieiqgaqrqqqm
538 1661 1213 1828 qipantppdztplqriaqqppltlpprqppxffllepirgqvee}

168 1833 334 1896 credebant
348 1769 550 1895 riiulti'tudinis
566 1834 696 1913 animos)
722 1833 868 1894 ‘tanturn
883 1833 990 1893 advehi
1011 1832 1087 1910 auri,
1111 1845 1146 1895 ut
1164 1836 1213 1916 ip-

167 1919 245 1979 ‘sos
259 1939 357 1980 emere
372 1917 528 1980 Romanos
543 1917 661 2000 possit'
704 1917 892 1999 Adparehat,
908 1917 981 1998 quid
1004 1937 1041 1978 ea
1063 1920 1162 1981 oratio
1180 1913 1212 1982 in

169 2004 299 2066 concilio
322 2015 443 2065 motura
468 2015 557 2080 esset.
582 2023 654 2064 nam
678 2013 711 2064 et
726 2004 843 2064 venisse
858 2025 921 2082 eos,
941 2014 983 2080 et,
999 2023 1064 2084 quae
1078 2017 1214 2085 agerent,

168 2090 272 2152 omnia
293 2087 440 2150 Romanis
466 2088 575 2169 legatis
602 2088 834 2158 deferebanturs
858 2101 900 2166 et,
919 2107 1102 2169 quamquam
1117 2109 1214 2172 prope

167 2176 286 2237 abscisa
300 2195 347 2236 res
362 2185 438 2251 erat,
465 2185 646 2237 tamennon
665 2175 704 2235 ab
728 2195 760 2234 re
782 2195 847 2236 csse
866 2174 1011 2245 Quinctio
1036 2175 1133 2237 visnm
1157 2186 1214 2254 est,

167 2261 319 2322 sociorum
333 2260 452 2341 aliquos
467 2259 586 2340 legatos
600 2259 744 2322 interesse
755 2259 782 2320 ei
798 2259 938 2336 concilio,
951 2260 1002 2340 qui
1015 2259 1214 2324 admonerent

159 2345 315 2409 Romana
330 2346 485 2409 societatis
499 2343 637 2424 AEtolos,
648 2347 698 2426 qui
713 2365 819 2406 vocem
836 2345 960 2408 liberam
972 2346 1094 2408 mittere
1105 2347 1214 2408 adver·

162 2429 217 2494 'sus
242 2435 322 2516 regis
345 2432 480 2514 legatum
506 2432 659 2493 auderent.
700 2431 902 2494 Athenienses
928 2432 1062 2494 maxime
1087 2433 1118 2494 in
1144 2453 1212 2494 eam

165 2539 231 2582 rem
246 2518 349 2581 idonei
364 2518 419 2579 visi
437 2513 518 2595 sunt,
545 2521 571 2556 ¹⁰
583 2538 638 2600 pro
661 2528 707 2579 ter
730 2527 787 2604 et¹¹
811 2517 941 2578 civitatis
967 2517 1158 2600 dignitatem,
1181 2529 1214 2580 et

166 2613 320 2667 vetustum
336 2604 513 2666 societatem
529 2623 599 2664 cum
656 2603 735 2665 tolis.
759 2603 855 2664 abiis
879 2602 1039 2674 Quinctius
1056 2605 1157 2686 petiit,
1179 2617 1215 2667 ut

167 2691 284 2773 legatos
299 2689 338 2751 ad
355 2687 568 2751 Panaetolicum
584 2689 746 2750 concilium
761 2690 927 2753 mitterent.
969 2687 1075 2752 'Ihoas
1099 2691 1213 2772 primus
1226 2704 1355 2758 emerium

169 2777 202 2838 in
217 2775 399 2839 eo'ccncilio
414 2775 602 2854 renunciavit
622 2775 818 2856 legas'onem.
863 2773 1029 2858 Menippus
1049 2788 1120 2859 post
1145 2798 1213 2839 eum
1226 2771 1347 2824 Pamn-

169 2863 370 2941 intromissus,
385 2861 566 2944 ‘Optimum
581 2859 672 2923 fuisse
688 2862 838 2938 omnibus,
862 2863 913 2942 qui
927 2859 1076 2924 Graeciam
1090 2862 1214 2926 Asiam·
1228 2853 1291 2888 cum.

169 2949 182 2983 ⁶
195 2965 253 3032 que
268 2945 458 3024 incolerent,'
473 2943 526 3025 ait,
552 2947 698 3028 ‘integris
718 2949 806 3010 rebus
821 2945 954 3030 Philippi
971 2943 1105 3029 potuisse
1119 2947 1215 3012 inter·

168 3035 298 3096 ‘venire
316 3033 528 3097 Antiochum:
552 3054 607 3095 sua
622 3049 770 3116 quemque
795 3033 968 3096 habitururn
992 3033 1094 3111 hrisse,
1117 3045 1216 3116 neque

169 3121 181 3156 ‘
196 3122 300 3183 omnia
312 3121 368 3182 sub
383 3131 489 3182 nutum
505 3119 711 3202 ditionemque
723 3119 895 3183 Romanam
911 3132 1102 3202 perventura.
1124 3117 1219 3183 Nunc'

168 3206 334 3291 ‘quoque,’
357 3207 466 3288 inquit,
482 3206 528 3267 ‘si
544 3205 637 3268 modo
651 3227 714 3283 vos,
726 3225 791 3286 quae
806 3205 982 3282 inchoastis,
998 3205 1126 3266 consilia
1140 3226 1214 3268 oon·

168 3293 313 3357 ‘stanter
338 3289 500 3375 perducitis
524 3291 563 3352 ad
588 3291 715 3368 exitam,
739 3291 863 3372 poterit,
889 3287 957 3350 Diis
970 3288 1161 3370 'juvantibus
1183 3302 1215 3352 et

168 3379 181 3413 ‘
196 3377 311 3441 AEtoiis
323 3379 423 3457 sociis,
438 3376 610 3440 Antiochus
625 3369 760 3460 quamvis
776 3376 937 3438 inclinatas
950 3371 1073 3438 Graeciae
1089 3373 1214 3437 res'res·

167 3465 306 3528 ‘tituere
332 3467 363 3528 in
387 3465 545 3548 pristinam
571 3463 761 3545 dignitatem.
813 3461 860 3524 Ea
886 3473 987 3524 autem
1012 3463 1044 3524 in
1066 3462 1214 3525 ‘libertate

168 3551 296 3635 ‘posita
310 3563 368 3630 est,
383 3571 447 3633 quae
462 3551 522 3614 suis
537 3561 597 3613 stat
613 3549 736 3626 viribus,
751 3569 812 3611 non
827 3569 866 3610 ex
881 3548 980 3611 alieno
998 3547 1123 3610 arbitrio
1137 3569 1214 3630 pen·

167 3636 270 3700 ‘det'
313 3637 525 3717 Athenienses,
546 3636 652 3721 quibua
668 3635 783 3717 primis,
804 3647 875 3718 post
890 3635 1004 3716 regiam
1019 3635 1215 3717 legationem,

168 3723 302 3803 dicendi,
318 3744 383 3806 quse
397 3725 520 3803 velient,
541 3733 679 3806 potestas
694 3721 776 3783 sacta
789 3732 845 3800 est,
868 3721 1022 3784 mentione
1037 3721 1121 3783 omni
1137 3721 1215 3801 regis

166 3811 379 3893 praetermissa,
411 3809 557 3874 Romanae
580 3809 735 3872 societatis
760 3805 893 3888 AEtoios,
920 3808 1156 3888 meritorumque
1183 3806 1214 3865 in

303 3941 517 3994 *monumen
795 3948 937 4003 ¹¹etpnqrtesr
948 3940 1021 3990 Gron.

208 4058 308 4108 atta·
319 4095 325 4109 .
337 4095 344 4109 .
357 4095 363 4108 .
375 4075 437 4123 quens
446 4062 548 4107 admunt
562 4055 679 4105 chnts'o·
744 4058 756 4093 θ
782 4053 819 4103 Aa
837 4052 920 4116 munio]
949 4052 1037 4101 Praeter
1057 4050 1109 4098 hoec
1129 4048 1215 4097 omnis.

176 4124 255 4187 chun]
273 4125 438 4192 Suprs,c.12.
461 4123 601 4171 Dicaearcho
602 4121 682 4186 ficta
713 4120 815 4168 Forsitan
826 4131 904 4166 rsmsn
922 4120 973 4182 quis
992 4118 1064 4174 msiit,
1080 4115 1140 4179 quad
1158 4113 1216 4162 editi

173 4193 281 4250 protos-is,
291 4189 314 4238 id
325 4187 498 4250 comumnes,
509 4188 539 4234 od
549 4183 681 4234 Arattoehusn
715 4186 805 4248 quidam
816 4185 910 4241 habent,
919 4191 970 4232 osas
979 4184 1058 4230 musio.

176 4256 252 4304 minas
262 4269 313 4303 ssss
326 4256 418 4310 dicitnr,
429 4253 491 4302 auiis
501 4249 683 4300 iscrsThcsntis
748 4250 768 4284 ¹⁰
783 4248 878 4311 Propter
895 4257 917 4296 et
932 4245 1038 4308 civitoth]
1061 4243 1137 4305 Vulgo
1155 4256 1216 4292 nime

177 4317 246 4382 ipdns
255 4321 382 4370 mentione.
399 4321 444 4367 Sed
456 4317 628 4378 intelligendum
639 4325 684 4372 est,
713 4323 735 4362 st
750 4322 846 4375 propter.
879 4311 930 4360 Nos
939 4311 1082 4360 restituimus
1092 4325 1146 4358 eum
1156 4309 1216 4356 ordi·

165 4395 202 4431 ·et
213 4385 297 4448 ipsum,
311 4386 450 4434 circunsacto
460 4382 601 4444 magistratus
614 4381 684 4430 moui
715 4395 769 4427 nem
785 4378 980 4439 occursumque
997 4375 1094 4427 hsbctut
1111 4377 1135 4425 in
1153 4373 1216 4425 vict.

177 4451 260 4512 spatio,
267 4451 296 4498 sd
307 4451 446 4499 Antiochum
455 4449 585 4514 profectum
593 4457 684 4508 sumat
717 4445 767 4494 cod.
779 4455 803 4496 st
813 4443 838 4492 in
847 4443 925 4510 priscis
935 4443 1008 4496 editis.

176 4513 264 4582 majore
276 4516 413 4569 emanata
423 4523 524 4569 novem
534 4527 620 4577 regem.
