3068 5186
407 334 494 420 ΗΒ.
515 333 689 398 xxxvm.
710 335 793 400 cir.
813 335 893 398 mv.
1118 343 1198 400 ³⁸⁹·
1279 339 1339 384 --cs

133 487 1330 660 nnnGnlnnnnnssrrlunnnnrt·

133 662 261 744 probris,
284 663 366 744 quod
391 664 549 746 splendere
573 665 673 728 aliena
695 664 808 728 invidie
826 665 1000 743 voluissent,
1023 676 1055 728 et
1076 665 1174 748 spolia

133 749 161 789 ⁸⁸
174 768 213 810 ex
235 748 373 812 Africani
387 751 542 834 triumpho
565 761 713 833 peterent.
757 749 920 814 Silentium
935 750 1052 816 deinde'
1066 752 1104 815 de
1125 749 1172 814 A·

133 832 250 896 fricauo
265 833 334 899 fuit.
356 837 489 900 “vitam
504 835 619 898 literni
681 837 784 900 'tsine
801 837 949 900 desiderio
962 838 1055 900 urbis.
1098 833 1286 910 Mo-Afffl

132 918 262 984 rientem
278 941 345 984 rure
370 943 408 986 eo
422 923 489 1007 ipso
504 923 574 986 loeo
594 943 666 1006 sepe
678 923 715 984 iri
729 943 762 984 se
783 921 909 1005 jussisse
928 923 1039 1002 ferrrnt,
1062 945 1171 988 monu·
1182 925 1337 980 mulsa·

131 1017 329 1088 mentumque
355 1008 397 1070 ibi
421 1009 574 1089 edificari,
599 1029 639 1070 ne
664 1010 753 1072 funus
779 1010 837 1072 sibi
864 1010 896 1072 in
922 1011 1044 1092 ingrate
1073 991 1232 1095 patriai*

131 1090 229 1156 lieret.
273 1092 327 1156 Vir
342 1095 566 1157 memorabilis:
589 1095 705 1158 bellicis
729 1107 842 1174 tamen,
867 1117 958 1180 quarn
979 1097 1075 1181 pacis,
1096 1099 1171 1162 arti·

131 1177 189 1242 bus
213 1180 461 1244 memorabilior¹
485 1183 584 1264 prima
606 1203 675 1264 pars
688 1183 768 1261 vitae,
790 1203 881 1264 quam
903 1194 1067 1266 postrema,
1093 1184 1170 1248 fuit:

132 1265 206 1346 quia
218 1266 250 1326 in
261 1265 390 1347 juventa
411 1267 493 1330 bella
507 1269 626 1330 assidue
646 1281 752 1351 gesta:
784 1289 855 1330 cum
876 1281 1002 1332 senecta
1023 1290 1070 1331 res
1093 1289 1170 1352 quo·

131 1370 191 1432 <pre
205 1349 381 1432 defloruere,
405 1375 464 1416 nec
485 1355 612 1436 praebita
637 1365 684 1417 est
708 1355 838 1416 materia
858 1353 991 1436 ingenio.
1034 1354 1116 1425 Quid
1130 1359 1171 1421 ed
1214 1386 1218 1396 ¹

129 1436 263 1520 primum
287 1439 477 1503 consulatum
503 1441 662 1518 secundus,
687 1437 805 1502 etiamsi
835 1460 991 1502 censuram
1019 1436 1168 1522 adjicias?

128 1523 205 1603 quid
228 1523 366 1587 Asiatica
387 1527 510 1610 legatio,
524 1539 557 1589 et
577 1526 749 1589 mletudine
771 1526 897 1588 adversa
917 1524 1042 1604 inutilis,
1063 1539 1096 1588 et
1116 1527 1169 1589 lilii
1273 1529 1281 1548 '

128 1628 203 1672 casu
228 1609 407 1692 deformata,
433 1625 465 1675 et
490 1623 560 1696 post
584 1612 713 1673 reditum
738 1612 919 1674 necessitate
946 1622 998 1674 aut
1021 1613 1168 1675 subeundi

124 1691 247 1777 judicii,
262 1709 315 1758 aut
336 1698 424 1760 simul
439 1719 509 1760 cum
532 1697 631 1781 patria
646 1698 825 1760 deserendi?
857 1695 963 1760 Punici
977 1709 1080 1760 tamen
1095 1699 1168 1761 belli

127 1783 305 1881 perpetrati,
327 1803 389 1864 quo
404 1783 520 1861 nullum
532 1803 631 1886 neque
652 1783 751 1884 majus
769 1804 868 1884 neque
888 1783 1085 1868 periculosius
1102 1784 1168 1848 llo-

127 1870 898 2020 ”limi”lintlttditffln
914 1956 1018 2018 nm.
1039 1940 1193 2038 qm

126 2037 270 2137 princeps
285 2040 343 2104 fnit
365 2039 412 2104 M.
430 2041 553 2104 Porcius
567 2041 657 2121 Cato,
672 2043 722 2124 qui
736 2043 804 2104 vivo
828 2062 948 2124 quoque
963 2062 1002 2142 eo
1015 2043 1168 2144 adlatrare

126 2128 1167 2298 {tldiltltillrtllln‘nltlrfffflssstlllgtll‘

124 2316 199 2360 nem
223 2299 442 2381 promulgasse.
486 2299 558 2363 Fuit
582 2313 685 2364 autem
711 2301 829 2383 rogatio
854 2299 943 2362 talis:
981 2302 1033 2342 ‘⁸⁸
1045 2299 1165 2380 Velitis,
1177 2317 1313 2384 nomm,
1382 2351 1387 2358 .

122 2382 136 2503 ἶ
144 2381 292 2484 jubeatis,
302 2397 462 2488 queratur,
472 2407 538 2468 quae
549 2387 679 2488 pecunia
687 2398 788 2486 capta,
799 2385 913 2464 ablata,
924 2398 1032 2450 coacta
1042 2387 1081 2486 ab
1092 2410 1163 2489 rege
1175 2401 1295 2504 affl.

120 2467 307 2640 «illiti
321 2472 1164 2643 tillqlzzulnillltfflillislltlsslffi
1294 2568 1302 2584 ·

121 2641 135 2675 ‘
149 2653 200 2704 tor
213 2643 346 2704 urbanus
361 2643 400 2705 ad
414 2654 552 2706 senatum
567 2644 699 2706 referat?
724 2664 814 2726 quem
828 2664 896 2706 eam
911 2665 975 2706 rem
985 2645 1060 2708 velit
1073 2667 1162 2710 seua-

122 2727 198 2790 ‘tns
213 2748 346 2810 quarere
361 2730 400 2791 de
414 2729 462 2807 iis,
473 2731 525 2814 qui
541 2745 682 2813 praetores
697 2750 778 2792 nunc
793 2727 894 2792 suntl’
917 2729 998 2794 Huic
1012 2733 1163 2815 rogationi

120 2812 223 2897 primo
239 2813 278 2886 Q.
293 2827 326 2877 et
339 2811 374 2877 L.
390 2813 533 2878 Mummii
555 2815 803 2878 intercedebant:
827 2826 965 2879 sensnum
979 2839 1108 2901 quarere
1123 2819 1162 2882 de

17 2905 24 2916 '
120 2901 253 2983 pscium
267 2920 328 2964 non
351 2901 446 2964 relata
460 2903 493 2963 in
507 2903 671 2984 publicum,
693 2901 738 2965 ita
752 2915 787 2965 ut
802 2913 894 2965 antea
907 2923 1026 2986 semper
1047 2903 1162 2968 factum

122 2998 214 3065 esset,
229 3005 346 3069 aequum
368 2988 542 3050 censebant.
580 2985 695 3051 ¹Petillii
717 2988 909 3052 nobilitatem
929 2999 962 3051 et
983 3009 1108 3070 reguum
1128 2992 1161 3052 in

120 3085 231 3136 senatu
260 3071 436 3157 Scipionum
463 3074 657 3136 accusabant.
711 3071 750 3137 la.
773 3073 879 3136 Furius
910 3071 1062 3157 Purpureo
1084 3070 1161 3139 conss

121 3157 241 3237 solaris,
266 3160 317 3240 qui
342 3158 503 3223 indecem
526 3159 633 3241 legatis
655 3159 687 3221 in
708 3159 784 3222 Asia
805 3159 912 3238 fuerat,
935 3159 1025 3222 latius
1046 3181 1160 3242 rogan-

120 3243 195 3307 dum
219 3245 384 3318 censebat:
407 3265 469 3308 non
493 3265 558 3326 qua
572 3246 610 3307 ab
625 3244 780 3312 Antiocho
802 3245 895 3308 modo
910 3246 1175 3333 pecuniaacaptsel

118 3329 233 3410 forent,
256 3330 310 3394 sed
325 3352 390 3414 quse
415 3333 455 3394 ab
475 3331 542 3394 aliis
567 3331 686 3415 regibus
703 3330 914 3417 gentibusque,
933 3329 991 3394 Cn.
1006 3329 1160 3397 Manlium
1180 3337 1188 3366 '⁶

118 3417 278 3480 inimicum
304 3418 466 3480 incessens.
522 3416 564 3480 Et
589 3415 624 3480 u.
650 3415 768 3501 Scipio,
796 3437 888 3498 quem
914 3417 1011 3500 magis
1035 3438 1091 3501 pro
1115 3441 1160 3500 se,

118 3523 211 3584 quam
230 3503 371 3566 adversus
396 3505 506 3586 legem,
530 3503 684 3566 dicturum
707 3503 885 3586 adparebat,
911 3503 1062 3566 dissuasor
1086 3527 1158 3590 pro·

118 3591 221 3656 esaie
236 3589 262 3653 is
284 3603 498 3674 postmortem
523 3586 560 3653 P.
574 3589 710 3652 Africani
732 3589 843 3669 fratris,
861 3589 917 3651 viri
937 3590 1072 3653 omnium
1096 3591 1159 3655 for·

260 3719 528 3787 tlsllicistomsumgis,
542 3737 607 3786 quom
620 3721 780 3785 pacisurfilua
812 3719 1010 3772 lammens.

151 3825 175 3866 θ’
202 3827 218 3858 ·
241 3823 277 3876 Er
301 3825 404 3890 Asrlmi
433 3823 553 3888 munta]
588 3825 623 3874 Er
653 3837 757 3875 sensnm
778 3825 863 3876 relent
882 3825 911 3874 de
932 3842 960 3875 er
980 3827 1087 3892 potonis,
1105 3843 1159 3892 quas

115 3891 222 3956 adpone
234 3889 344 3940 Africano
352 3889 502 3954 triumphato.
655 3900 721 3955 capta
731 3891 759 3938 sb
769 3891 1000 3955 Aurioclsomquod
1011 3897 1071 3966 ejus,
1078 3894 1102 3942 id
1112 3905 1158 3958 est,

150 3957 174 3994 Ν
191 3957 262 4006 Vsus
277 3953 365 4004 mma
379 3957 436 4020 egit]
463 3955 503 4004 Ds
517 3953 623 4003 bscrllls
653 3959 682 4004 ds
693 3971 719 4004 eu
731 3953 817 4004 scilicet
826 3955 887 4004 illius
902 3959 1006 4021 pscnme
1021 3973 1158 4023 pariaque

115 4021 229 4088 Scipionis
244 4022 429 4087 operaepretium
446 4019 569 4082 estlegers
584 4035 623 4084 ep.
654 4021 677 4068 in
688 4021 802 4086 publicum
820 4021 946 4071 oelsrsuou
963 4035 1007 4072 est.
1041 4023 1077 4071 De
1093 4039 1119 4072 sa
1132 4039 1160 4072 rs

114 4093 158 4142 86.
169 4087 273 4138 Seneca.
652 4087 724 4144 dixit,
735 4101 782 4134 oon
798 4086 931 4150 simpliciter
949 4087 977 4135 ds
993 4103 1028 4145 so,
1043 4089 1096 4151 quis
1111 4103 1158 4137 vox

150 4152 172 4191 Ν
202 4153 283 4210 Velitis,
295 4151 403 4212 jubentis,
424 4157 548 4213 queratur,
574 4163 621 4212 pse
649 4153 746 4213 mmm
771 4149 842 4198 nimio
868 4151 988 4200 iuterrdlo
1013 4153 1099 4201 dierat:
1131 4167 1157 4204 et

112 4215 222 4280 penta]
240 4217 314 4266 Nobis
329 4217 451 4264 mnodum
467 4226 569 4277 mpetu
584 4226 621 4264 est
653 4225 707 4264 uota
722 4227 759 4264 esr
777 4213 873 4264 lmmds
889 4215 992 4265 casulum
1009 4229 1158 4268 ”neruosa-

2 4308 8 4336 .
114 4296 161 4331 vor
183 4289 303 4346 premier.
347 4281 398 4330 llas
418 4280 560 4340 roruiouuar
580 4279 621 4328 de·
651 4281 922 4342 sulcorum,dsssrsitc
930 4291 1068 4331 mumur-
1100 4285 1157 4334 Non

112 4356 278 4410 utrmque
303 4347 411 4396 formulis
439 4343 536 4393 Moruni
561 4345 621 4393 luci-
653 4346 785 4394 rbsimllirer
793 4356 893 4394 semetra
902 4347 1157 4398 ontiooesrid.l.r.c.

114 4425 172 4476 pere
189 4413 265 4462 ”leur
281 4411 621 4476 ammonianetintcgnest
652 4412 785 4460 tiberinos
801 4409 958 4473 ipsollbrmc.
972 4413 1010 4461 ll.
1028 4413 1100 4474 lgirur
1114 4429 1158 4478 pro

112 4479 209 4542 suisque
226 4477 327 4527 numnis
341 4487 447 4526 conans
464 4476 516 4524 hac
532 4474 619 4524 aretha
652 4485 765 4596 aaaron·
778 4475 823 4527 boc
840 4475 892 4527 loco
912 4475 1034 4540 lusurus
1050 4489 1158 4546 putam!

129 4540 621 4612 aasumnmmusnun
676 4540 757 4592 uma
