3038 5200
381 376 438 432 rso
712 385 714 390 ·
757 321 765 326 ⁸
801 365 885 428 uun
905 363 1007 426 mvn

211 545 285 599 nc.
296 547 358 598 559.¹
379 521 581 611 pretautibus.
608 522 666 584 ‘et
681 521 784 584 omnia
798 520 975 583 discrimina
996 517 1082 596 talia,
1105 516 1213 599 quibus
1229 513 1355 578 ordines
1371 511 1438 576 dis·

214 612 285 668 Λιθ·
298 613 352 664 194.
381 613 610 688 ‘cernerentur,
635 620 666 670 et
683 608 865 686 concordia,
884 619 916 670 et
939 604 1127 668 ”libertatis
1151 623 1236 686 aque
1261 599 1437 664 minuenda

382 700 484 762 ‘esse
507 696 557 759 Ad
570 695 843 777 quingentesimum
860 692 1145 775 quinquagesimum
1160 700 1303 753 octavum
1319 707 1437 749 annum

379 783 393 844 .‘
406 784 440 847 in
466 782 639 866 promiscuo
666 791 836 863 spectatum
863 801 953 842 esse.v
983 778 1066 850 Quid
1081 788 1207 862 repente
1229 776 1360 862 lactum,
1383 793 1438 834 cur

382 869 560 933 ‘inmisceri
586 867 642 929 sibi
668 867 700 929 in
721 889 815 930 cavea
838 865 945 928 Patres
970 867 1090 949 plebem
1115 862 1336 927 nollent?·cur
1352 859 1435 922 dives

382 959 394 991 ‘
409 975 572 1039 pauperem
587 973 796 1016 consessorem
816 953 990 1044 fastidiret?
1015 971 1125 1014 novam
1140 962 1173 1012 et
1186 949 1350 1032 superbam
1366 945 1436 1008 libi-

383 1044 394 1076 ‘
409 1043 523 1120 dinem,
536 1042 574 1103 ab
585 1041 696 1103 nullius
712 1052 783 1102 ante
797 1039 897 1122 gentis
910 1050 1019 1100 senatu
1034 1057 1131 1118 neque
1148 1035 1365 1112 desideratam,
1381 1053 1434 1095 ne·

383 1129 467 1211 ‘que
483 1125 676 1190 institutam?
721 1126 879 1189 Postremo
894 1126 993 1210 ipsum
1009 1144 1130 1208 qnoque
1144 1121 1337 1199 Africanum,
1354 1119 1434 1200 quod

384 1215 489 1277 consul
505 1225 611 1277 auctor
625 1212 692 1297 ejus
708 1215 752 1275 rei
772 1213 889 1290 fuisset,
913 1211 1091 1295 poenituisse
1118 1210 1230 1272 ierunt.
1256 1206 1335 1268 adeo
1359 1205 1433 1267 nibil

383 1313 503 1364 motum
523 1322 561 1362 ex
577 1301 714 1382 antiquo,
729 1303 755 1340 ⁹³
767 1299 924 1382 probabile
935 1309 1003 1360 est:
1026 1293 1262 1375 veteribus,·nisi
1278 1313 1346 1374 qua
1365 1311 1435 1354 usus

383 1387 538 1449 evidenter
553 1386 664 1468 arguit,
681 1387 756 1448 stari
770 1387 899 1448 malunt.

217 1483 250 1534 U.
262 1487 356 1536 05⁵9.
426 1471 490 1534 LV.
512 1471 667 1554 Principio
682 1472 765 1551 anni,
791 1493 852 1554 quo
867 1470 903 1534 L.
919 1470 1090 1552 Cornelius,
1111 1469 1151 1541 Q.
1176 1465 1334 1530 Minucius
1362 1485 1433 1528 cou-

217 1550 289 1662 ἴα
302 1550 355 1660 Ῑ9ῗί·
383 1559 462 1621 eules
493 1558 625 1636 fuerunt,
655 1569 740 1620 terrae
765 1571 865 1621 motus
890 1559 935 1622 ita
951 1559 1047 1621 crebri
1064 1556 1359 1632 nunciabantunut
1374 1573 1433 1614 non

218 1615 374 1728 Q'ffimss
384 1646 427 1706 rei
442 1655 562 1707 tantum
578 1645 682 1727 ipsius,
698 1645 752 1707 sed
767 1645 909 1707 feriarum
925 1665 1046 1725 quoque
1061 1645 1102 1706 ob
1115 1643 1149 1705 id
1164 1643 1362 1717 indictarum,
1378 1639 1432 1700 ho·

217 1743 372 1795 ωιτη
383 1732 482 1794 mines
496 1731 632 1793 tederet.
647 1751 719 1792 nam
735 1751 833 1811 neque
855 1742 978 1792 senatus
998 1731 1116 1808 haberi,
1139 1749 1235 1812 neque
1261 1723 1433 1808 respublica

216 1821 302 1861 m·
384 1816 588 1879 administrari
600 1827 733 1898 poterat,
745 1815 944 1878 sacrificando
959 1815 1173 1898 expiandoque
1184 1813 1343 1896 occupatis
1361 1832 1431 1873 cou-

382 1903 506 1966 sulibus.
537 1901 707 1980 Postremo,
719 1901 899 1976 decemviris
916 1902 998 1964 adire
1013 1902 1107 1964 libros
1118 1899 1221 1981 jussis,
1233 1921 1273 1962 ex
1288 1919 1432 1980 responso

382 2009 489 2052 eorum
509 1987 694 2071 supplicatio
709 2009 763 2072 per
778 1988 909 2050 triduum
926 1988 995 2051 fuit.
1010 1987 1151 2050 coronati
1172 1986 1212 2048 ad
1236 1984 1342 2056 omnia
1365 1984 1432 2067 pul·

381 2075 500 2137 vinaria
511 2073 776 2158 supplicaverunt:
800 2073 995 2156 edictumque
1010 2087 1068 2152 est,
1077 2086 1111 2136 ut
1123 2093 1242 2151 omnes,
1251 2072 1304 2154 qui
1320 2093 1359 2133 ex
1373 2091 1433 2132 una

284 2187 287 2194 ·
303 2187 306 2196 ¹
383 2159 501 2225 familie
516 2171 628 2239 essent,
644 2161 757 2242 pariter
771 2159 986 2243 supplicarent.
1003 2161 1078 2223 item
1086 2180 1129 2221 ex
1145 2160 1329 2222 auctoritate
1344 2178 1432 2220 seua·

382 2257 432 2310 tus
455 2246 595 2311 consules
621 2245 793 2325 edixerunt,
816 2267 854 2308 ne
882 2246 959 2329 quis,
982 2246 1119 2328 quodie,
1141 2257 1228 2309 terre
1243 2259 1331 2308 motu
1353 2265 1431 2306 uun·

383 2333 476 2414 clato,
498 2334 578 2396 feria
600 2331 723 2396 indicta
747 2343 857 2413 essent,
880 2353 917 2395 eo
942 2333 991 2395 die
1007 2334 1100 2395 alium
1117 2344 1204 2394 terrae
1220 2345 1339 2394 motum
1353 2352 1430 2392 uun·

216 2417 346 2496 Provmcie-
384 2421 490 2483 claret.
524 2418 708 2481 ¹Provincias
724 2419 835 2482 deinde
860 2420 999 2481 consules
1014 2421 1108 2504 prius,
1128 2431 1193 2482 tum
1208 2431 1353 2504 praetores
1369 2439 1430 2480 sor-

216 2485 365 2534 ”lm‘lm'w'
384 2507 445 2569 titi.
489 2505 647 2568 Cornelius
662 2503 804 2582 Galliam,
827 2503 982 2568 Minucius
996 2504 1125 2589 Ligures
1149 2507 1249 2568 sortiti
1269 2517 1353 2568 sunt.
1397 2503 1430 2566 C.

321 2623 325 2632 ·
385 2589 560 2656 Scribonius
585 2594 741 2671 urbanam,
766 2589 813 2654 M.
827 2589 1191 2676 Valeriusperegrinam,
1213 2592 1247 2656 L.
1271 2591 1429 2654 Cornelius

385 2677 533 2758 Siciliam,
562 2677 599 2742 L.
628 2677 750 2741 Porcius
781 2675 964 2757 Sardiniam,
987 2680 1023 2741 C.
1051 2679 1216 2744 Flaminius
1244 2677 1430 2762 Hispaniam

280 2787 285 2796 ·
384 2766 568 2842 citeriorem,
591 2763 638 2828 M.
654 2764 775 2827 Fulvius
789 2763 972 2848 Hispaniam
987 2766 1172 2830 ulteriorem.

427 2851 506 2914 LVI.
528 2850 615 2913 Nihil
628 2851 700 2913 belli
715 2872 753 2914 eo
768 2872 849 2913 anno
864 2854 1111 2936 exspectantibus
1129 2851 1309 2929 consulibus,
1332 2851 1430 2914 litera

216 2949 326 3025 liguum
386 2936 436 3001 M.
450 2936 548 3000 Cincii
564 2935 734 3020 (prefectus
749 2937 799 3000 ish
815 2936 891 3000 Pisis
902 2940 980 3021 erat)
995 2940 1124 3002 adlata:
1142 2937 1311 3020 ‘Ligurum
1322 2939 1428 3021 viginti

218 3014 354 3082 mlum·
385 3025 396 3059 ⁶
410 3025 507 3086 millia
521 3035 717 3102 armatorum,
732 3022 942 3107 conjuratione
960 3048 1015 3112 per
1029 3025 1135 3089 omnia
1149 3025 1353 3088 conciliabula
1363 3025 1428 3086 uni·

385 3111 500 3174 ‘versoe
519 3111 618 3193 gentis
639 3111 732 3189 facta,
748 3109 920 3174 Lunensem
940 3113 1071 3198 primum
1094 3133 1200 3196 agrum
1217 3112 1428 3196 depopulatos,

385 3199 396 3232 ‘
411 3195 553 3261 Pisanum
566 3197 676 3260 deinde
685 3198 776 3259 finem
789 3208 1003 3280 transgressos,
1013 3220 1136 3262 omnem
1146 3219 1231 3261 oram
1240 3199 1334 3259 maris
1344 3218 1427 3281 pera·

216 3293 345 3356 Adventu
384 3282 534 3368 ‘grasse'
551 3282 658 3366 Itaque
668 3282 823 3345 Minucius
834 3284 952 3363 consul,
965 3286 1013 3347 cui
1024 3283 1149 3368 Ligures
1158 3285 1315 3369 provincia
1323 3304 1427 3346 evene·

217 3357 335 3408 Romano-
383 3384 442 3451 rat,
456 3393 497 3434 ex
510 3371 690 3434 auctoritate
706 3368 829 3432 Patrum
848 3372 879 3432 in
895 3369 1008 3434 Rostra
1023 3372 1171 3450 ascendit,
1186 3383 1218 3434 et
1233 3371 1341 3450 edixit,
1363 3367 1428 3432 ‘Ut

218 3436 278 3472 ’ω’
383 3459 395 3493 ‘
409 3459 544 3538 legiones
561 3457 626 3519 duae
639 3456 771 3534 urbanae,
785 3477 851 3540 qua
865 3458 1018 3539 superiore
1029 3477 1112 3544 anno
1126 3458 1307 3540 conscripta
1321 3467 1427 3534 essent,

383 3545 394 3579 ‘
408 3553 479 3626 post
490 3543 571 3604 diem
583 3541 734 3603 decimum
747 3541 858 3604 Arretii
872 3544 1022 3607 adessent.
1036 3545 1067 3608 in
1079 3565 1183 3606 esrum
1195 3545 1296 3606 locum
1309 3565 1342 3605 se
1356 3543 1427 3606 duas

381 3629 393 3663 ‘
407 3629 541 3711 legiones
552 3629 682 3691 tubanas
693 3628 884 3712 scripturum.
896 3630 969 3693 item
984 3632 1107 3694 “sociis
1117 3642 1149 3694 et
1159 3629 1273 3693 Latino
1285 3628 1428 3707 nominis,

474 3783 575 3834 hadel.
586 3784 660 3836 Grau.
671 3785 810 3852 Crev.llup.
1032 3785 1242 3836 amensamens
1251 3789 1328 3838 Grou.

407 3892 431 3931 θ’
452 3888 468 3920 ⁶
492 3888 614 3942 numne
638 3892 708 3957 epae]
751 3893 889 3942 aurasium
921 3891 1019 3956 effingit.
1059 3893 1126 3942 Sociis
1142 3903 1165 3942 et
1181 3891 1262 3942 inea
1278 3894 1372 3950 mai.
1385 3907 1429 3942 unu

375 3973 434 4022 epae
444 3971 523 4021 purum
539 3969 580 4005 eut
597 3963 748 4006 necessarium
763 3970 803 4007 aut
819 3959 889 4008 etiam
920 3957 973 4020 ipsis
991 3959 1125 4016 drimtibus,
1146 3959 1193 4026 ⁸secl
1212 3959 1378 4022 mugientibus
1399 3961 1429 4006 le·

375 4024 432 4072 urile
443 4033 486 4071 est.
519 4021 629 4071 Libenter
645 4022 772 4084 legeremus
784 4023 889 4072 libertatis
916 4025 1016 4086 gulisque
1033 4039 1115 4082 aarum
1135 4037 1182 4072 non
1201 4024 1315 4082 omniurn,
1337 4024 1377 4072 sed
1392 4023 1430 4085 uui

375 4103 447 4152 eque.
462 4088 538 4147 idest,
550 4103 601 4150 quse
612 4103 677 4152 aequa
689 4089 751 4137 iuter
765 4088 826 4138 cives
836 4103 886 4136 om·
918 4102 948 4136 ex
963 4089 990 4136 iis
1007 4089 1086 4137 milbee
1100 4091 1154 4136 diue
1168 4089 1279 4137 debebant.
1311 4088 1429 4136 Nimirum

375 4169 416 4202 nes
428 4167 477 4202 esse
488 4152 564 4200 debet.
918 4163 975 4202 mue
990 4168 1062 4215 quum
1078 4154 1209 4216 reipublice
1226 4167 1284 4216 opus
1302 4167 1350 4201 uon
1369 4163 1431 4201 esset
1514 4203 1515 4214 ἢ

406 4217 429 4252 ⁹³
452 4217 467 4246 ⁶
488 4215 602 4265 Probabile
616 4217 658 4282 eet]
680 4217 758 4268 Facile
774 4217 890 4282 probatur,
918 4219 1007 4279 magnis
1025 4219 1170 4276 exercitibus,
1192 4233 1239 4266 non
1259 4219 1368 4266 omnibus
1384 4219 1432 4268 La-
1514 4261 1515 4268 ,

376 4280 441 4330 facile
451 4279 533 4342 placet.
916 4283 961 4331 tini
976 4285 1074 4332 nominis
1095 4285 1184 4347 populis
1201 4283 1374 4346 imperiumst
1389 4285 1431 4330 mi·
1514 4285 1515 4322 ἲ

409 4345 431 4383 ⁹¹
446 4343 513 4393 Sotiis
530 4356 552 4396 et
569 4345 650 4396 latino
665 4348 760 4412 mm]
784 4349 886 4399 Histria
916 4347 987 4397 lites:
1003 4351 1043 4398 sed
1054 4351 1125 4397 resin
1138 4350 1216 4398 orbem
1231 4349 1289 4397 ibat.
1322 4349 1432 4397 Similiter

378 4410 553 4470 suntmembra,
568 4413 593 4460 in
610 4412 692 4476 quibus
703 4415 886 4477 posteritatem·
917 4413 984 4476 pene
1006 4425 1117 4464 muctam
1142 4413 1269 4463 ontionem
1294 4412 1371 4462 habes
1393 4428 1432 4462 eu·

379 4489 421 4540 per
440 4475 560 4540 supinatis
581 4492 675 4530 nusum
694 4479 791 4544 explicet
809 4491 832 4530 et
849 4495 887 4532 re·
919 4477 1166 4542 pretaxatas&
1200 4476 1432 4542 liuiuslocieeaitn
