3068 5186
340 354 343 362 '
446 366 525 426 Lm.
546 364 722 431 mvtlt
741 363 824 430 cult
842 363 879 427 v.
1130 371 1192 430 tos

147 532 477 672 rm
490 523 1084 692 belesmensem
1102 532 1343 676 mnu

147 715 206 777 pos
220 707 253 758 et
267 695 390 776 flumen,
404 697 595 761 occidentem
609 721 618 774 3
642 719 708 775 arx,
723 717 789 778 quae
811 697 944 780 inposita
965 707 1012 760 est
1033 697 1151 760 tumulo
1160 696 1187 776 d,
1198 665 1328 786 mm*

147 782 296 846 orientem
312 795 441 864 spectat.
466 784 563 846 arnnis
578 783 705 864 Aretlro,
728 805 766 848 ex
781 782 987 846 Athamania⁸
1005 783 1111 862 uirens,
1133 805 1185 846 ca-
1274 791 1277 798 '

147 869 194 930 alit
208 871 240 930 in
255 870 353 932 smum
368 870 470 948 maris,
493 872 532 932 ab
545 871 669 934 nomine
688 871 864 954 propinqua
885 870 968 932 urbis
990 869 1187 934 Ambracium
1287 931 1297 956 ,

146 955 343 1036 adpellatum.
367 969 566 1040 preterquam
592 958 671 1040 qnod
696 959 768 1020 hinc
790 957 888 1020 annuis
913 957 1022 1036 maurit,
1043 957 1116 1018 hinc
1136 971 1186 1022 tu·

144 1043 240 1119 muli3
274 1061 362 1104 muro
386 1064 506 1125 quoque
532 1044 620 1108 firmo
644 1055 731 1127 septa
754 1054 831 1120 eret,
854 1055 979 1125 patente
1005 1045 1036 1106 in
1060 1045 1188 1106 circuitu

146 1129 250 1211 paullo
273 1130 401 1212 amplius
417 1133 477 1193 tria
496 1132 592 1194 millia
611 1151 763 1214 passuum.
807 1129 929 1192 Fulvius
948 1131 1021 1192 bina
1040 1151 1059 1192 a
1078 1151 1187 1213 campo

146 1227 258 1294 castra,
272 1217 396 1278 modico
420 1217 498 1278 inter
513 1239 545 1278 se
560 1219 704 1281 distantia
725 1217 895 1293 intervallo,
911 1237 1005 1278 unum
1027 1218 1186 1280 castellum

146 1302 215 1364 loco
229 1303 314 1364 edito
336 1316 444 1366 contra
459 1325 558 1366 arcem
574 1304 697 1386 objecit.
710 1325 749 1365 ee
761 1304 864 1364 omnia
883 1303 963 1364 vallo
978 1323 1014 1364 ac
1037 1302 1119 1364 fuam
1142 1305 1188 1366 ita

139 1386 273 1471 jungere
297 1402 397 1472 parat,
411 1411 450 1451 ne
466 1391 564 1452 exitus
580 1391 702 1452 inclusis
726 1390 765 1450 ab
786 1389 871 1465 urbe,
890 1409 965 1450 neve
988 1389 1089 1451 editus
1112 1390 1185 1452 foris

143 1475 186 1537 ad
214 1475 328 1537 auxilia
350 1476 582 1538 intromittenda
606 1487 693 1538 esset.
735 1475 788 1547 Ad
812 1473 925 1536 famam
949 1475 1185 1556 obpugnationis

142 1560 314 1624 Ambraciae
330 1560 466 1626 Stratum
487 1563 553 1644 jam
575 1561 678 1624 edicto
699 1557 850 1622 Nicandri
872 1561 1008 1643 pretoria
1030 1581 1183 1624 convene-

142 1659 215 1709 rant
233 1645 344 1710 AEtoli.
391 1647 466 1710 lude
489 1649 588 1731 primo
611 1648 708 1730 copiis
733 1647 874 1709 omnibus
901 1646 1183 1728 advprohibendsm

142 1735 331 1830 obsidionnn
346 1735 446 1798 venire
469 1736 501 1796 in
516 1736 619 1796 mimo
634 1735 743 1796 luerat.
759 1733 881 1810 deinde,
901 1744 1062 1816 postquam
1077 1735 1184 1796 urbem

139 1822 802 1990 tlmfflffiffntttlt‘lltffltt
815 1819 1185 1994 llit'ltrllzttll

140 1994 267 2076 placuit.
284 2013 352 2056 cum
376 1995 460 2056 mille
474 1994 625 2076 expeditis
647 1993 832 2076 Eupolemus
847 1992 1042 2054 Ambraciam
1062 1993 1183 2073 prolec-

140 2093 203 2158 tua,
217 2101 271 2162 per
286 2081 422 2144 nondum
444 2081 607 2144 commissa
622 2082 700 2142 inter
715 2101 748 2142 se
766 2078 955 2140 munimenta
970 2079 1074 2140 urbem
1089 2078 1184 2140 intra·

137 2167 192 2228 vit.
237 2165 394 2229 Nicandro
420 2189 489 2230 eum
514 2180 616 2230 cetera
629 2186 722 2230 manu
743 2165 843 2314 ppmo
866 2162 1059 2246 Epirotarum
1084 2175 1185 2226 carna

62 2291 65 2296 ,
138 2263 230 2316 noete
246 2254 371 2335 adgredi
398 2253 687 2332 consiliumxl'uerat,
701 2254 762 2314 hau
800 2249 882 2312 facili
903 2251 942 2312 ab
965 2247 1113 2312 Romanis
1128 2271 1183 2312 au·

137 2341 227 2418 rillio,
243 2341 314 2420 quia
337 2340 447 2402 flumen
470 2342 627 2402 intererat.
653 2339 774 2416 deinde,
798 2337 1001 2419 periculosum
1028 2338 1183 2419 inceptum

136 2439 237 2504 ratus,
252 2448 291 2486 ne
307 2446 368 2506 qua
391 2427 538 2488 sentirent
552 2425 696 2504 Romani,
719 2438 752 2488 et
767 2443 918 2505 regressus
943 2423 1014 2486 inde
1030 2424 1060 2484 in
1082 2434 1182 2486 tutum

132 2533 202 2574 non
233 2523 322 2590 esset,
353 2512 513 2574 deterritus
539 2515 578 2574 ab
609 2514 667 2574 hoc
697 2511 837 2590 consilio,
867 2507 907 2570 ad
936 2509 1180 2593 depopulandum

132 2598 342 2662 Acarnaniam
359 2599 416 2660 iter
430 2599 588 2660 convertit.
1039 2616 1045 2634 ·

181 2683 222 2746 V.
246 2683 370 2763 Consul,
392 2683 456 2765 jarn
480 2684 687 2763 munimentis,
711 2685 819 2768 quibus
846 2684 992 2770 sepienda
1012 2683 1083 2745 urbs
1105 2693 1181 2760 erat,

133 2771 201 2853 jam
216 2771 368 2852 operibus,
386 2790 452 2851 quae
467 2770 628 2833 admovere
646 2773 741 2833 muris
755 2773 894 2854 parabat,
915 2770 1069 2855 perlectis,
1088 2770 1180 2851 quin-

137 2879 198 2939 que
213 2858 302 2919 simul
317 2856 392 2919 locis
408 2858 523 2920 moenia
535 2869 582 2920 est
605 2857 774 2940 adgressus.
797 2861 879 2922 ⁰tria
892 2857 1014 2943 paribus
1037 2857 1181 2919 interval·

136 2946 174 3008 lis
191 2944 325 3006 faciliore
347 2943 432 3008 aditu
448 2964 590 3026 acampo
616 2946 758 3007 adverws
781 2948 807 2984 ¹⁰
822 2944 999 3030 Pyrrheum,
1022 2944 1104 3025 quod
1126 2965 1177 3005 vo·

136 3043 221 3109 cant,
237 3030 390 3106 admovit3
424 3051 517 3092 unum
534 3052 551 3093 e
567 3031 689 3113 regione
706 3027 929 3115 ¹¹AEsculapii3
962 3051 1057 3094 nuum
1072 3030 1179 3092 adver-
1193 3033 1350 3100 obpugnatio.

137 3139 189 3180 sua
215 3139 326 3180 arcem.
378 3117 532 3180 Arietibus
558 3137 661 3180 muros
687 3117 853 3198 quatiebat,
883 3117 1030 3183 maenibus
1061 3115 1180 3178 falcatis

137 3204 319 3286 detergebat
340 3204 458 3287 pinnas.
502 3203 680 3286 Oppidanos
703 3205 802 3286 primo
822 3217 854 3266 et
869 3206 909 3268 ad
928 3203 1059 3286 speciem
1085 3214 1117 3266 et
1140 3203 1179 3266 ad

93 3305 95 3310 ’
139 3293 218 3354 ictus
234 3291 390 3368 moenium,
404 3311 474 3352 cum
489 3291 616 3352 terribili
632 3291 734 3352 sonitu
754 3290 864 3370 editos,
879 3311 972 3374 pavor
987 3309 1023 3351 ac
1044 3289 1179 3373 trepida·

136 3379 184 3440 tie
198 3379 289 3461 oepit.
304 3377 427 3455 deusde,
442 3387 476 3438 ut
489 3389 597 3460 prater
612 3399 697 3460 spem
712 3388 794 3439 stare
813 3399 915 3440 muros
930 3376 1080 3454 viderunt,
1103 3397 1177 3438 con-

135 3465 224 3530 lectis
251 3486 350 3528 rursus
376 3464 495 3542 animm,
525 3465 557 3524 in
584 3464 692 3526 arietes
723 3467 749 3504 ¹²
759 3463 966 3526 tollenonibus
996 3464 1203 3526 libramenta·

133 3553 252 3636 plumbi
276 3561 330 3613 ant
349 3571 489 3613 saxonnn
518 3553 543 3588 ¹⁸
556 3551 711 3635 stipitesve
727 3551 866 3613 robustos
879 3550 1072 3616 incutiebant
1081 3573 1091 3628 ;
1119 3549 1176 3611 lal-

165 3725 218 3766 *αι
230 3718 276 3766 del.
287 3715 361 3765 Grou.
373 3719 444 3766 Creu.
500 3715 512 3749 ‘¹
523 3731 569 3779 quc
578 3718 648 3778 paritr
660 3719 684 3766 in
696 3717 781 3765 tumulo
791 3726 821 3765 eu
831 3715 896 3766 End.
948 3721 959 3748 ⁸
969 3715 1096 3764 Acamanta
1108 3715 1175 3764 End.

161 3849 246 3901 ⁹Tru'c
263 3850 353 3912 peribu·
371 3847 493 3896 intnmllr't
594 3850 635 3896 ud-
667 3852 750 3910 girans,
784 3849 832 3897 uari
850 3849 879 3896 rb
895 3845 1055 3910 Mesua,
1071 3848 1098 3905 r'i,
1115 3846 1176 3908 quod

129 3914 210 3977 ruit]
226 3915 329 3976 intellige
351 3930 381 3962 ex
399 3932 421 3962 c.
436 3929 485 3976 req.
507 3914 550 3960 trie
568 3929 639 3976 open
668 3866 822 3980 extemplnm
830 3911 1176 3977 Erculapli‚Groeois'Arxnn·

127 3981 238 4030 edum!
256 3997 328 4029 uuum
346 3979 475 4044 Pyrrheum
492 3979 596 4027 admotu
623 3995 637 4028 ι
668 3983 752 4029 rarior.
792 3981 878 4028 Eadem
904 3979 976 4026 mma
996 3978 1075 4025 &unt
1100 3973 1177 4023 latiro‘

129 4046 216 4110 quibua
233 4047 323 4096 diversa
344 4046 438 4094 mauu!
458 4059 486 4092 er
508 4059 560 4106 qua
585 4055 639 4108 pure
668 4045 941 4104 Diniarmbtr'arruirus·

128 4113 292 4162 minantur:
309 4112 341 4160 ita
355 4123 381 4159 nt
391 4111 491 4173 quinque
504 4126 519 4156 a
530 4107 639 4159 numni·
702 4109 724 4144 ¹⁹
739 4109 755 4140 ⁶
769 4108 931 4170 Tollenouibut]
950 4107 1004 4156 Vid.
1022 4117 1072 4156 not.
1092 4106 1132 4154 82.
1147 4105 1176 4152 ed

129 4178 319 4242 openedrerrus
328 4176 473 4226 Ambraciam
483 4176 575 4224 adnutu
586 4177 637 4224 fue·
670 4176 794 4226 :irruet
1103 4219 1107 4227 ,

126 4246 185 4293 rire
704 4235 1176 4316 ¹³Stipitrr....robartcu]8n'pis=se

163 4307 188 4342 Β
200 4305 339 4371 Pyrrhum]
355 4307 404 4355 aul
420 4309 485 4357 lorus
499 4307 533 4355 alc
547 4306 638 4354 ridetur
669 4305 760 4365 rohes,
777 4305 899 4353 durissimo
919 4301 988 4362 bpro.
1008 4301 1132 4370 ¹ltelylnnr,
1146 4317 1178 4351 en

129 4375 207 4424 duur
223 4390 238 4420 a
255 4373 344 4436 Pyrrho
359 4387 422 4434 rege,
436 4375 503 4436 cnjus
517 4372 637 4434 regirmin
669 4385 716 4434 quo
736 4371 788 4418 brec
809 4383 898 4434 sumpte
919 4369 1019 4426 lauret,
1036 4380 1063 4417 ut
1082 4379 1177 4431 appares

1 4425 2 4488 l
130 4439 386 4490 umalama
399 4437 619 4495 ulmineae.
669 4452 699 4484 «ι
715 4433 797 4496 aman
815 4439 868 4502 aa
880 4435 1018 4498 augmento,
1031 4432 1178 4490 nutem

164 4504 185 4538 ¹¹
209 4502 344 4570 AEaculth]
366 4503 421 4553 Hoc
442 4504 531 4554 dictum
551 4500 637 4552 intelli·
668 4499 756 4566 epitra-
