3026 5164
342 323 348 332 ”
402 363 481 423 cur.
494 362 560 424 xn
581 363 664 424 one.
677 361 852 424 xxxvru.
1089 341 1149 430 'sss

9 551 15 562 ·
106 512 210 576 omnia
224 513 360 578 tardiora
373 515 529 578 lecerunt:
553 515 675 578 interim
690 513 725 576 P.
742 513 901 578 Cornelius
916 528 949 579 et
960 514 1010 578 M.
1020 517 1196 600 Baebius,1t.
1207 537 1238 590 0.
1249 541 1322 592 ιη’

104 603 156 684 qui
172 601 204 662 in
219 603 376 666 consulatu
391 603 466 664 nihil
483 603 679 665 memorabile
692 613 862 683 gesserant,
887 603 919 664 in
934 604 1081 686 Apuanos
1097 604 1152 669 Li·
1163 603 1235 658 M·
1246 605 1305 658 1⁸&

104 706 196 768 gures
211 689 377 750 exercitum
393 687 584 750 induxerunt.

138 771 329 847 XXXVIII.
346 771 482 856 Ligures,
498 775 549 855 qui
565 784 637 836 onte
653 773 815 836 adventum
828 774 859 836 in
874 775 1059 856 provinciam
1074 799 1154 840 con-

105 858 204 920 sulum
235 880 296 921 non
326 871 554 941 exspectassent
583 859 706 936 bellum,
742 861 896 943 inproviso
931 862 1075 944 obpressI,
1112 865 1153 926 ad

105 945 267 1008 duodecim
282 945 378 1007 millia
392 946 548 1008 hominum
564 945 747 1007 dediderunt
761 967 803 1007 se.
847 945 919 1024 Eos,
944 949 1082 1012 consulto
1097 971 1152 1031 per
1195 1005 1197 1010 .

105 1031 209 1094 literas
223 1032 304 1115 prius
319 1043 436 1110 senatu,
460 1032 608 1094 deducere
632 1053 672 1093 ex
692 1033 844 1094 montibus
860 1034 891 1093 in
907 1053 996 1114 agros
1012 1055 1154 1117 campes-

104 1131 168 1180 tres
197 1117 302 1200 procul
329 1118 367 1179 ab
394 1119 497 1195 domo,
525 1139 563 1180 ne
589 1117 704 1180 reditus
729 1139 797 1200 spes
824 1129 913 1196 esset,
937 1118 1097 1182 Cornelius
1122 1132 1157 1182 et

102 1200 224 1265 Baebius
239 1214 421 1280 statuerunt,
436 1205 552 1268 nullum
567 1205 660 1266 alium
674 1215 746 1266 ante
760 1204 851 1266 linem
865 1205 920 1266 rati
937 1204 1000 1266 fore
1015 1205 1154 1288 Ligusti-

102 1289 136 1350 ni
153 1289 235 1350 belli.
276 1289 359 1371 Ager
382 1290 519 1372 publicus
544 1291 649 1372 populi
674 1287 805 1355 Romani
830 1303 896 1352 erat
910 1291 941 1352 in
957 1288 1154 1370 Samnitibus,

100 1378 131 1416 ²⁶
144 1375 196 1456 qui
224 1372 490 1438 Taurasinorum
523 1376 644 1458 [luerat.
688 1374 724 1438 In
755 1397 824 1437 eum
855 1373 960 1457 quum]
995 1377 1154 1460 traducere

101 1457 230 1542 Ligures
241 1461 386 1545 Apuanos
398 1462 519 1538 vellent,
532 1463 703 1538 edinerunt,
718 1464 744 1507 ⁹7
757 1460 882 1542 Ligures
896 1463 934 1524 ab
949 1461 1051 1526 Anido
1064 1485 1153 1526 mon·

101 1547 185 1608 tibus
201 1547 384 1610 descendere
400 1569 469 1610 cum
493 1548 594 1610 liberis
609 1545 866 1628 conjugibusque:
899 1568 953 1608 sua
977 1550 1082 1612 omnia
1104 1570 1152 1611 se·

105 1653 177 1695 cum
203 1643 371 1715 portarent.
426 1632 563 1714 Ligures,
594 1653 671 1714 saepe
700 1653 753 1714 per
780 1634 898 1714 legatos
925 1634 1091 1716 deprecati,
1113 1656 1152 1696 ne
1165 1643 1294 1722 aparatio

35 1763 36 1766 ,
104 1730 245 1802 penates,
267 1719 381 1796 sedem,
416 1719 448 1780 in
475 1740 534 1800 qua
559 1718 656 1800 geniti
682 1729 794 1797 essent,
823 1719 963 1799 sepulcra
989 1718 1151 1802 majorum,
1166 1709 1288 1788 sanarum

105 1817 286 1885 cogerentur
302 1806 479 1886 relioquere,
495 1825 590 1882 arma,
605 1804 725 1866 obsides
741 1804 972 1884 pollicebantur.
988 1819 1151 1886 postquam
1163 1788 1214 1826 ω
1241 1785 1299 1824 ‘¹⁶¹¹'

103 1891 182 1952 nihil
209 1891 423 1972 impetrabant,
445 1911 542 1972 neque
572 1891 649 1952 vires
674 1889 714 1950 ad
740 1890 915 1951 bellandum
931 1901 1026 1968 erant,
1050 1892 1152 1956 edicto

103 1987 279 2058 penserunt.
334 1975 480 2038 Traducti
508 1989 578 2037 sunt
606 1975 729 2057 publico
759 1989 861 2038 sumtu
887 1975 927 2036 od
950 1977 1154 2060 quadraginta

103 2062 203 2124 millia
217 2063 378 2124 liberorum
399 2061 533 2144 capitum
558 2082 627 2123 cum
652 2060 772 2122 feminis
798 2062 964 2142 puerisque.
993 2064 1152 2144 2⁹argenti

104 2148 181 2210 data
196 2159 316 2210 centum
332 2158 364 2209 et
377 2148 597 2228 quinquaginta
612 2147 709 2208 millia
719 2146 746 2225 ¹¹,
762 2150 788 2186 ⁹⁰
802 2147 893 2225 unde,
909 2148 940 2208 in
956 2169 1048 2209 novas
1063 2149 1153 2228 aedes,

102 2245 330 2316 compararent,
357 2253 424 2314 quae
456 2254 532 2315 opus
558 2243 668 2296 essent.
698 2253 771 2313 agro
798 2233 960 2295 dividendo
991 2234 1154 2315 dandoque
1227 2233 1233 2244 '

100 2319 210 2397 iidem,
233 2320 284 2400 qui
298 2320 505 2397 traduxerant,
528 2317 685 2381 Cornelius
709 2330 741 2380 et
763 2316 881 2380 Baebius
901 2320 1065 2402 praepositi.
1080 2341 1154 2404 pos·

11 2431 17 2438 ·
100 2405 272 2468 tulantibus
287 2415 389 2466 tamen
403 2405 486 2486 ipsis,
503 2404 689 2485 quinqueviri
705 2404 744 2465 ab
759 2419 865 2467 senatu
880 2404 956 2482 dati,
971 2426 1098 2486 quorum
1116 2427 1155 2468 ex

101 2491 234 2554 consilio
264 2501 399 2572 agerent.
453 2488 623 2554 Transacta
648 2511 691 2570 re,
718 2509 811 2570 quum
835 2505 968 2554 veterem
990 2493 1158 2556 exercitum
1197 2501 1199 2504 ’

136 2631 150 2666 ι
164 2621 270 2671 lacunam
287 2622 347 2671 hanc
366 2621 472 2670 indicavit
483 2625 551 2671 modo
561 2621 675 2671 asteriscis
687 2621 824 2679 Gronmim,
834 2637 880 2671 non
892 2623 1009 2686 explevit3
1027 2623 1160 2675 Crevieriua

95 2697 192 2746 autern,
203 2699 228 2736 ut
239 2689 262 2736 in
273 2699 348 2745 tutu,
358 2688 434 2738 babet.
709 2691 722 2726 h
738 2687 788 2736 add.
800 2687 920 2738 uernum
931 2688 1003 2738 Grou.
1015 2689 1083 2739 Cres.

134 2793 159 2828 ω
184 2793 230 2848 Qut
252 2793 422 2843 Taurasinomm
448 2791 549 2906 [bsasrat.
585 2793 615 2844 Ia
646 2795 1158 2872 sestenioenumerarem,apponersotrocem

97 2858 615 2986 tatulfflllzt'attn
646 2859 1159 2984 aad*2.tt,²,tl¹l‘l.1tt¹::2tttttt

100 2997 160 3038 sunt
183 2987 280 3050 adjecta.
313 2987 352 3034 Da
373 2987 549 3034 TaurasIncrum
574 3003 615 3034 no·
647 2986 762 3047 aliiquam
776 2985 887 3050 argentei.
912 2985 1158 3038 Secundncentumet

100 3053 302 3102 minedubiratur.
334 3051 487 3099 Invenedit.
500 3065 542 3114 pro
554 3051 615 3098 Tau·
649 3049 810 3112 quinquaginta
829 3049 899 3096 millia
916 3052 1048 3098 sestertium
1065 3064 1159 3114 aequant

100 3116 537 3176 raaiamarlagitunteaeGronovio,
556 3113 616 3162 Tau-
649 3129 734 3164 marcas
760 3115 847 3174 argenti
875 3125 988 3180 amrates
1014 3118 1061 3164 586
1087 3117 1156 3165 {eres

99 3183 241 3230 sanamur.
258 3181 381 3230 Taurania
392 3182 467 3244 oppidi
476 3179 616 3228 mentionem
648 3195 737 3226 summa
747 3177 882 3246 perridIcule
900 3179 989 3238 exigua,
1003 3195 1055 3240 quae
1066 3182 1158 3246 inqua.

100 3245 158 3294 facit
171 3245 264 3304 Plinius,
274 3245 291 3294 l.
303 3258 343 3294 ιιι.
354 3259 375 3293 c.
388 3249 412 3293 5.
645 3244 747 3304 draginta
759 3245 877 3292 bominum
890 3243 959 3290 millia
970 3244 1091 3295 dividatur.
1108 3247 1157 3295 tte·

138 3311 161 3348 ²⁷
176 3309 270 3373 ligures
285 3309 312 3356 sb
328 3307 401 3356 Anido
415 3308 520 3355 novitiora
529 3310 613 3357 deess-
645 3310 768 3356 secandum
791 3324 845 3370 ergo
866 3307 971 3356 duximus
992 3311 1156 3360 inconcinnum

101 3373 168 3436 des]
199 3375 614 3436 Hrmcsatrernurnquadragesinrurn
646 3374 835 3423 additamentum.
868 3371 991 3422 Rursussi
1012 3375 1048 3423 rel
1070 3376 1158 3426 intelli·

101 3439 614 3500 librumSigoniusctaliirnoneotexunico
645 3453 725 3500 garons
746 3439 784 3487 vel
804 3437 934 3499 adiiciamus
953 3439 1032 3501 pondo,
1057 3439 1158 3490 immane

101 3503 236 3567 exemplari
246 3505 305 3566 quod
317 3503 340 3550 in
352 3501 475 3551 Germania
486 3503 556 3564 sorar,
572 3504 614 3550 de·
646 3504 735 3566 pondua
746 3503 833 3565 argenti
844 3514 955 3562 exurget:
973 3517 1055 3550 marcac
1066 3517 1156 3552 nostu-

100 3570 214 3633 acrIptaro
233 3585 290 3617 esse.
323 3567 402 3632 Itaque
423 3569 549 3616 ιιιὶιιιιιιιιηι
568 3583 615 3616 non
646 3569 1158 3631 teassllssl'b.preterquumquodserIsImIIe

102 3645 151 3694 est,
161 3635 221 3697 quorl
231 3634 251 3681 la
261 3632 363 3697 pluribus
372 3635 396 3682 in
407 3633 465 3682 locis
475 3631 615 3682 deformatus
646 3647 693 3680 non
704 3643 739 3679 est
750 3644 869 3692 argentum
879 3647 925 3680 non
942 3632 1055 3693 signatum
1066 3634 1156 3696 Liguri·

101 3700 240 3762 reperiatur.
272 3696 344 3746 Velut
354 3697 399 3747 boc
410 3697 460 3746 loco
470 3711 537 3758 grate
548 3713 614 3745 meo·
646 3696 848 3746 bordarumesac.
874 3697 1105 3760 Suspicamurpodus
1115 3714 1156 3762 per

103 3765 161 3812 dum
172 3775 216 3821 est,
226 3763 285 3826 quod
296 3763 395 3810 feliciter
413 3776 509 3828 purgare
525 3762 616 3810 videtur
646 3759 676 3806 rb
685 3763 773 3824 urgenti
782 3761 820 3809 hic
828 3762 922 3810 indicari
929 3762 1040 3820 denarios,
1048 3765 1156 3826 quemad-

103 3829 231 3878 Mnratus:
248 3826 344 3892 Idgroaa
359 3827 449 3889 Apuani
466 3828 493 3874 ds
509 3827 616 3874 montbar
647 3825 742 3875 modum
761 3825 786 3874 in
804 3827 958 3890 compluribus
976 3827 1025 3876 aliis
1041 3828 1098 3878 lucia
1117 3828 1155 3876 bae

103 3895 261 3943 dssamdsreat.
294 3891 370 3940 Verba
385 3891 611 3940 suntadicr'acunsu·
643 3905 719 3948 vocas,
745 3893 833 3954 argenti
861 3893 929 3956 bigati
958 3891 994 3940 vel
1019 3895 1158 3957 quadrigati,

103 3957 163 4007 lum.
640 3957 792 4018 junctarum
810 3970 908 4004 numero
926 3957 1006 4012 millio,
1023 3959 1154 4018 exprimunt

137 4023 160 4058 Β
173 4022 268 4088 Argenti
287 4023 341 4069 dora
361 4029 447 4069 contram
464 4030 485 4068 et
503 4022 611 4084 quanqam-
644 4020 728 4080 bigatos
747 4021 781 4068 vel
803 4022 943 4082 quadrigatos
961 4021 1074 4070 denarios.
1106 4022 1153 4072 Sed

100 4084 257 4154 gimmilliu]
276 4085 402 4134 Glareanus
411 4085 555 4133 dubitantem
571 4086 612 4133 ad·
644 4099 715 4147 quum
726 4085 813 4132 denarii
827 4086 1154 4136 incaementatum.

93 4153 222 4213 jialsadaan
236 4160 301 4212 poto,
314 4152 442 4200 ιιιιιιιιιιιι.
477 4151 530 4199 Hoc
548 4148 612 4200 uelut
644 4151 713 4198 modo
722 4151 948 4213 pondusrnarcsrum
965 4152 1054 4215 argenti
1067 4152 1152 4200 Parisi-

101 4232 134 4266 ex
151 4217 241 4266 oraculo
256 4217 383 4280 Proiectum
401 4215 545 4280 arripueram
562 4214 612 4262 edi.
643 4214 732 4263 ensium
750 4214 970 4264 retentaturus
989 4217 1154 4265 crediderimus

102 4293 167 4330 tores
184 4295 262 4330 ornnes
282 4293 307 4330 et
326 4281 495 4330 incomestum
505 4281 610 4327 inserue-
643 4293 764 4328 numanam
775 4279 819 4328 boc
829 4279 881 4328 Ioco
891 4295 940 4328 eaae
957 4279 1113 4344 depravatum,
1125 4293 1151 4330 et

101 4358 246 4411 anteaquam
257 4355 335 4394 umen
345 4345 403 4394 nibil
421 4346 451 4394 ait
468 4345 544 4392 minus
555 4359 610 4408 pro-
643 4346 756 4394 rnioorena
767 4360 795 4394 eo
806 4359 874 4408 quern
887 4344 962 4392 Livius
972 4345 1075 4396 dederat.

101 4411 184 4461 babile.
217 4411 295 4460 Primo
313 4412 376 4458 enirn
390 4424 437 4460 con
458 4409 613 4458 existimanus
676 4407 807 4478 ”allodem
817 4407 953 4470 suwsaeder]
967 4411 1017 4458 lmo
1027 4415 1094 4460 redes:
1105 4425 1153 4475 qua

102 4490 134 4528 ea
145 4491 187 4528 uu
203 4475 272 4528 tuae
291 4475 423 4527 hunorum
441 4485 468 4526 nt
484 4491 553 4542 quun
571 4488 613 4540 per
644 4487 699 4526 rece
711 4475 888 4526 contuebuntur
898 4485 921 4526 er
931 4477 1013 4527 donus
1024 4488 1048 4526 er
1058 4477 1114 4539 agri.
