3110 5204
401 365 480 424 LIB.
494 365 642 432 xxxiii.
662 368 746 428 CAP.
759 367 868 427 XLIV.
1115 375 1173 440 lbi

113 517 260 584 barbua‘
279 529 312 580 et
336 517 410 580 ¹¹0.
426 515 602 582 Scribonius
629 516 756 597 turios,
778 520 890 584 multos
913 522 940 560 ²²
951 523 1109 602 pecuarios
1130 523 1173 588 ad

113 605 229 688 populi
251 603 404 685 judicium
428 603 641 669 adduxerunt:
665 615 725 667 tres
742 626 781 670 ex
796 607 843 670 bis
858 606 1055 670 condemnati
1080 619 1171 688 eunt3

113 712 163 754 ex
178 711 285 754 eorum
300 689 474 752 multaticia
487 690 618 773 pecurua
642 691 776 756 ²³adem
799 691 949 754 ininsula
971 691 1067 754 Fauni
1090 693 1172 757 fece·

117 789 206 840 runt.
249 774 328 840 Ludi
344 774 479 858 plebeii¹²
499 797 555 858 per
576 775 703 840 biduum
728 778 899 856 instaurati,
925 790 957 840 et
977 778 1099 862 epulum
1115 779 1174 842 fuit
1219 847 1222 852 ,

115 863 265 926 ludorum
280 883 399 926 caussa

166 946 282 1010 XLlll.
302 945 339 1011 L.
355 945 494 1010 Valerius
512 944 638 1012 Flaccus
661 959 693 1012 et
715 947 764 1014 M.
788 949 923 1028 Porcius,
948 971 1008 1032 quo
1033 951 1083 1014 die
1104 971 1171 1016 nta-
1183 966 1216 1016 tJ.
1226 965 1258 1018 ο.
1267 967 1325 1021 551.

117 1035 289 1116 gistratum
313 1034 456 1110 inierunt,
479 1033 518 1094 de
538 1035 700 1115 provinciis
721 1046 815 1118 quum
836 1037 876 1099 ad
890 1049 1028 1101 senatum
1052 1038 1170 1102 retulis·
1181 1033 1256 1082 Μ·
1269 1031 1325 1107 ΝΡ·

119 1131 203 1200 sent,
219 1119 323 1184 Patres
335 1129 527 1200 censuerunt,
543 1120 553 1152 ‘
568 1120 669 1192 Quum
685 1123 717 1184 in
732 1119 884 1206 Hispania
899 1134 1018 1186 tantum
1030 1125 1172 1204 glisceret
1182 1095 1330 1212 15¹3ssan

120 1206 275 1286 ‘bellum
300 1217 336 1268 ut
347 1203 413 1286 jam
438 1205 589 1276 consulari
610 1219 642 1271 et
669 1208 745 1270 duce
771 1221 804 1272 et
827 1210 961 1274 exercita
983 1231 1059 1292 opus
1080 1223 1173 1292 esset,
1184 1227 1249 1276 eoa.

121 1291 134 1326 ‘
151 1292 287 1374 placere,
298 1292 438 1354 consules
448 1290 632 1376 Hispaniam
643 1293 816 1356 citeriorem
827 1306 859 1356 at
869 1293 989 1356 Italiam
1003 1297 1174 1379 provincias

123 1377 136 1412 ‘
154 1389 209 1442 aut
224 1398 401 1461 comparare
418 1377 495 1442 inter
511 1399 555 1455 se,
569 1390 624 1440 aut
638 1379 748 1441 sortiri.
794 1377 864 1441 Utri
878 1377 1035 1462 Hispania
1050 1383 1172 1463 provin-
1184 1397 1321 1451 Provincia.

120 1465 203 1526 ‘cia
216 1465 374 1542 evenisset,
397 1485 466 1526 eum
482 1464 556 1528 duas
572 1464 705 1544 legiones
728 1476 760 1526 et
781 1465 914 1546 quinque
936 1466 1031 1528 millia
1052 1469 1184 1532 socium·

121 1547 254 1612 ‘Latini
280 1550 421 1630 nominis,
448 1560 480 1612 et
503 1550 683 1630 quingentos
709 1551 827 1630 equites
853 1570 956 1614 secum
979 1562 1112 1631 portare,
1141 1565 1174 1616 et

122 1633 245 1698 ‘naves
271 1637 376 1718 longas
399 1635 507 1716 uiginti
531 1635 651 1698 ducere.
693 1634 781 1698 Alter
808 1637 913 1698 consul
936 1637 1011 1700 duas
1037 1637 1172 1718 legiones

121 1721 307 1786 ‘scriberet
352 1719 410 1784 His
438 1719 569 1784 Galliam
605 1721 791 1804 prouinciam
821 1723 952 1786 obtineri
991 1722 1065 1784 satis
1092 1744 1172 1801 esee,

125 1807 139 1841 ‘
155 1807 260 1870 fractis
273 1808 414 1890 proximo
426 1829 506 1870 armo
521 1806 693 1870 Insubrium
705 1820 737 1870 et
751 1806 896 1874 Boiorum
917 1807 1046 1872 animis?
1091 1807 1171 1872 Cato

125 1889 323 1974 Hispaniam,
343 1891 480 1956 Valerius
504 1892 626 1956 ltaliam
645 1905 693 1958 est
719 1895 855 1957 sortitus.
900 1893 1046 1960 Praetores
1061 1895 1173 1958 deinde

126 1978 299 2058 provincias
318 1981 428 2059 sortiti,
447 1977 483 2040 C.
499 1979 654 2042 Fabricius
669 1978 814 2042 [atacinus
828 1980 985 2057 urbanam,
1001 1978 1037 2042 C.
1052 1979 1173 2042 Atinius

126 2061 232 2126 Labeo
247 2067 449 2148 peregrinam,
461 2063 519 2128 Cn.
532 2063 667 2130 Manlius
682 2064 778 2128 Vulso
793 2063 941 2144 Siciliam,
954 2064 1016 2146 Ap.
1029 2063 1174 2128 Claudius

125 2147 212 2212 Nero
221 2147 404 2234 Hispaniam
413 2151 598 2231 rdteriorem,
607 2151 640 2214 P.
651 2151 774 2214 Porcius
786 2149 875 2214 lraeca
884 2151 978 2228 Pisas,
988 2162 1024 2212 ut
1034 2152 1073 2212 ab
1086 2164 1175 2232 tergo

125 2233 287 2317 Liguribus
299 2249 397 2300 esset:
414 2237 450 2298 P.
465 2237 600 2300 Manlius
616 2239 648 2302 in
664 2235 846 2319 Hispaniam
862 2237 1032 2300 citeriorem
1048 2235 1174 2317 adjutor

127 2324 243 2384 consuli
260 2323 360 2386 datur.
402 2321 442 2386 T.
455 2323 611 2400 Quinctio,
626 2325 773 2405 suspectis
784 2344 846 2384 non
858 2324 956 2386 solum
969 2321 1127 2386 Antiocho
1143 2332 1176 2384 et

127 2404 253 2486 AEtolis,
268 2410 323 2472 sed
339 2407 435 2472 edam
450 2407 572 2470 Nabide
586 2408 887 2472 lacedemoniorum
908 2419 1047 2491 tyranno,
1067 2427 1178 2490 proro-

127 2507 235 2576 gatum
248 2493 281 2552 in
293 2511 406 2554 annum
423 2493 583 2573 imperium
595 2505 652 2570 est,
662 2495 737 2556 duas
746 2494 881 2572 legiones
890 2504 924 2554 ut
935 2493 1070 2552 haberet.
1078 2493 1111 2552 in
1123 2512 1175 2554 eas

128 2579 154 2639 si
167 2575 241 2658 quid
257 2575 460 2658 supplementi
473 2597 548 2658 opus
560 2587 648 2652 esset,
659 2577 802 2638 consules
810 2578 952 2653 scribere,
964 2587 996 2638 at
1007 2575 1130 2638 mittere
1142 2576 1174 2640 in

130 2659 346 2724 Macedoniam
366 2658 453 2741 jussi.
496 2659 557 2742 Ap.
571 2660 700 2722 Claudio
715 2671 822 2742 praeter
844 2661 1008 2742 legionem,
1028 2681 1120 2741 quam
1136 2661 1175 2733 Q.

130 2747 242 2812 Fabius
252 2747 411 2824 habuerat,
423 2746 483 2809 duo
494 2747 591 2810 millia
598 2747 737 2828 peditum
749 2756 782 2808 et
793 2745 941 2808 ducentos
951 2747 1068 2827 equites
1079 2767 1175 2809 noros

129 2834 318 2898 conscribere
337 2833 526 2916 permissum.
571 2831 628 2894 Par
650 2853 792 2894 numerus
815 2831 952 2914 peditum
978 2832 1176 2914 equitumque

130 2941 277 2984 novorum
292 2918 327 2981 P.
347 2917 466 2980 Manlio
491 2919 523 2980 in
552 2918 725 2982 citeriorem
748 2916 931 3001 Hispaniam
957 2917 1116 2980 decretus:
1142 2930 1176 2982 et

130 3007 209 3090 legio
225 3005 342 3084 eadem,
365 3026 431 3086 quae
449 3005 549 3068 fuerat
573 3005 629 3066 sub
649 3003 789 3066 Minucio
810 3017 949 3082 pretore,
964 3004 1048 3066 data.
1079 3003 1121 3066 Et
1139 3001 1175 3064 P.

129 3091 237 3154 Porcio
259 3091 353 3158 Iaca
376 3092 417 3154 ad
435 3090 589 3156 Etruriam
611 3091 694 3153 circa
708 3087 792 3152 Pisas
811 3090 872 3152 duo
883 3090 980 3152 millia
992 3088 1129 3171 pediturn
1141 3101 1176 3153 et

132 3179 288 3262 quingenti
311 3178 426 3260 equites
446 3198 485 3240 err
507 3175 627 3240 Gallico
650 3177 786 3238 exercitu
812 3176 937 3238 decreti.
981 3173 1017 3238 ln
1032 3173 1175 3238 Sardinia

131 3275 327 3346 prorogatum
342 3265 501 3346 imperium
513 3263 697 3345 Sempronio
712 3261 830 3343 Longo.

173 3347 286 3412 XLIV.
308 3349 469 3412 Provinciis
495 3351 539 3413 ita
561 3349 738 3426 distributis,
763 3345 913 3424 consules,
938 3344 1112 3426 priusquam
1135 3346 1176 3407 ab

132 3436 207 3500 urbe
236 3436 506 3518 proficiscerentur,
531 3456 584 3498 ver
608 3455 726 3496 sacrum
760 3454 799 3496 ex
820 3431 999 3514 pontificum
1018 3430 1105 3513 jussu
1128 3431 1340 3519 sedunorum

131 3543 209 3600 cere,
235 3523 353 3604 “quod
371 3523 410 3586 A.
425 3521 583 3586 Gornelins
605 3519 777 3582 Mammula
797 3529 907 3600 praetor
926 3529 1051 3580 voverat
1070 3519 1109 3580 de
1127 3539 1175 3580 se·
1186 3507 1273 3560 f³⁰¹¹¹¹¹¹

132 3619 221 3672 natus
246 3609 399 3673 sententia
422 3609 586 3692 populique
602 3607 700 3689 jussu,
731 3604 791 3668 Cn.
812 3603 951 3682 Servilio,
972 3602 1008 3666 C.
1025 3603 1177 3668 Flaminio
1188 3573 1256 3634 ω’·

130 3693 316 3767 consulibus.
338 3695 425 3760 armis
444 3707 515 3778 post
537 3715 599 3756 uno
614 3705 648 3756 et
666 3692 776 3772 viginti
791 3691 906 3756 factum
928 3701 985 3769 est,
1008 3711 1100 3772 quam
1121 3711 1177 3754 uo-

46 3839 51 3850 ·
160 3823 397 3874 ‘mamaeam
512 3819 875 3874 casamassancia.
985 3819 1146 3886 ,plautae

164 3937 186 3972 ⁸¹
200 3935 384 3986 ‘careantur
394 3939 455 3984 eurio
465 3935 581 4004 mammae]
598 3936 638 3985 De
703 3935 725 3968 Β
740 3933 869 3998 Pecuarius]
910 3929 1049 3982 Pareuonrm
1075 3933 1179 3996 publico.

131 4003 224 4052 amicae
235 4003 335 4050 maximo
348 4003 393 4050 uid.
408 4011 458 4049 not.
469 4003 506 4050 28
518 4003 546 4050 ed
559 4015 598 4050 rrr.
615 4003 638 4050 7.
670 4013 722 4048 ram
733 4003 898 4063 redemptores,
913 4007 940 4045 nt
957 3995 1005 4061 jam
1021 3998 1178 4046 necavimus

135 4067 244 4118 &terum
265 4069 405 4130 suspicamur
430 4082 509 4114 rotem
535 4067 640 4114 wareo
670 4065 788 4114 admeti.

134 4132 400 4196 bictemereadjecram
416 4147 475 4192 esse,
493 4143 518 4180 et
531 4129 640 4179 ricco-io
703 4129 813 4178 ”Hera
837 4129 862 4175 ia
880 4127 954 4178 aecta
974 4123 1060 4192 Fauna]
1095 4124 1179 4176 Edem

134 4213 257 4260 momen
275 4213 325 4248 esre
343 4197 466 4254 Scribonii,
479 4211 526 4246 non
543 4194 641 4244 titulum
673 4194 746 4247 Fanni
757 4191 863 4242 ininsula
872 4191 991 4240 Tiberina.

133 4263 260 4316 nemora
292 4262 386 4310 Etenim
408 4262 452 4310 hoe
474 4272 578 4324 tempore
597 4275 639 4310 cu·
704 4257 802 4312 “Quod
813 4258 842 4309 A.
862 4255 975 4306 (ἳωπάὴα
988 4253 1112 4304 muca
1121 4271 1181 4317 pre·

133 4327 220 4376 rioaern
229 4325 359 4376 maximum
374 4325 444 4376 iniere
463 4325 492 4376 0.
508 4323 639 4375 Mamilium
673 4332 707 4371 tor
726 4323 824 4387 moeret]
854 4319 909 4374 vid.
931 4331 981 4376 not.
1000 4322 1039 4374 bl.
1060 4321 1088 4372 td
1109 4331 1181 4374 utt-

133 4391 409 4507 v'naiurrpapperebitfilei
419 4391 520 4444 cortem
537 4391 599 4442 inter
615 4405 640 4439 se
673 4388 698 4438 9.
707 4402 783 4454 supra.

135 4469 217 4510 {Kill-
245 4467 356 4507 dim.
400 4492 406 4507 .
