3080 5196
345 395 404 452 aas
765 379 849 443 Tm
869 381 970 441 mvn
1005 366 1011 372 '

175 559 209 608 U.
221 553 317 606 (1.562.
338 543 415 626 joris
436 543 539 605 formas
561 539 683 602 navium
698 550 773 614 erat,
792 539 821 583 7⁰
834 537 867 598 in
885 536 993 618 quibus
1015 545 1077 598 tres
1099 535 1240 616 hepteres
1262 545 1295 596 et
1310 551 1395 614 qua·

177 621 316 674 ΝΜ·
343 644 413 694 tum
435 631 563 692 hexeres
589 626 731 688 habebat.
761 637 870 707 praeter
898 624 952 684 has
982 623 1090 684 decem
1120 623 1258 684 triremes
1288 631 1393 682 erant.

342 721 367 764 ⁷¹
379 729 411 779 et
426 717 458 778 hi
468 717 479 756 f
491 715 597 776 adesse
611 713 714 774 hostes
730 732 769 772 err
784 711 907 794 specula
920 709 1053 790 quedem
1066 727 1246 790 cognovere.
1291 705 1391 769 Utra-

344 825 402 894 que
428 803 532 876 classis
557 812 680 882 postero
706 798 756 860 die
782 798 849 859 luce
875 797 983 880 lirinus,
1006 805 1163 877 tamquam
1186 816 1225 856 eo
1243 794 1293 855 die
1308 814 1392 876 pug-

179 908 258 967 Pugns
267 904 328 954 inter
344 901 464 968 nahua,
479 910 496 950 e
510 899 600 970 portu
614 885 727 947 movit:
758 896 800 962 et,
816 894 978 967 postquam
992 901 1170 964 superavere
1184 879 1299 942 Rhodii
1316 901 1391 962 pro-

178 973 287 1048 :suaet
345 976 543 1052 montorium,
559 973 639 1054 quod
660 973 699 1032 ab
726 969 801 1032 Sida
822 971 976 1052 prominet
997 971 1030 1031 in
1055 969 1163 1047 altino,
1179 968 1338 1050 extemplo
1355 979 1393 1028 et

175 1037 287 1086 Rhodios.

345 1062 501 1144 conspecti
516 1061 558 1120 ab·
569 1059 706 1120 hostibus
727 1069 808 1135 sunt,
828 1067 859 1118 et
879 1058 938 1139 ipsi
958 1075 1010 1118 eos
1025 1055 1176 1118 viderunt.
1235 1059 1261 1102 ⁷²
1274 1055 1325 1116 Ab
1338 1075 1394 1116 re-

343 1150 432 1231 glise
449 1148 572 1209 sinistro
598 1165 703 1222 cornu,
728 1143 810 1228 qnod
829 1144 869 1205 ab
894 1144 957 1205 alto
982 1141 1137 1224 objectum
1162 1152 1238 1221 erat,
1264 1141 1391 1204 Hanni-

343 1236 405 1314 bal,
421 1235 528 1297 dextro
543 1232 733 1314 Apollonius,
757 1241 990 1313 purpuratorum
1011 1249 1099 1308 unus,
1113 1241 1250 1311 praerat.
1274 1241 1306 1291 et
1322 1228 1395 1311 jans

343 1321 376 1384 in
399 1321 531 1383 frontem
562 1319 692 1380 directas
721 1318 876 1379 habebant
904 1334 1006 1378 neves.
1066 1315 1181 1378 Rhodii
1211 1316 1304 1396 longe
1332 1335 1392 1396 ag·¹

256 1431 257 1436 ¹
344 1411 427 1471 mine
452 1407 623 1469 veniebant.
652 1405 751 1486 prima
780 1404 921 1486 pretoria
945 1403 1029 1464 naris
1054 1401 1186 1464 Eudami
1216 1416 1301 1480 erat3
1333 1421 1390 1463 eo-

181 3153 288 3202 Vincunt

182 3215 276 3266 Rhodii.

344 1497 437 1578 gebat
461 1513 570 1575 agmen
595 1490 778 1553 Chariclitus
785 1514 794 1568 3
827 1489 1032 1572 Pamphilidas
1058 1489 1167 1551 media
1196 1489 1284 1550 classi
1310 1509 1393 1570 pras·

345 1593 422 1644 erat.
466 1579 632 1656 Eudamus,
648 1589 810 1660 postquam
826 1577 960 1639 hostium
979 1578 1075 1638 aciem
1090 1577 1271 1638 instructam
1285 1587 1319 1637 et
1333 1595 1392 1657 pa·

345 1680 443 1730 ratam
467 1667 507 1727 ad
529 1663 767 1727 concurrendum
782 1663 868 1742 vidit,
884 1675 916 1726 et
938 1664 1003 1744 ipse
1025 1663 1057 1725 in
1083 1664 1179 1725 altum
1194 1663 1342 1739 evehitur,
1357 1671 1392 1723 et

344 1755 498 1836 deinceps,
522 1773 587 1834 quse
616 1753 828 1832 sequebantur,
854 1763 1007 1812 servantes
1033 1750 1170 1812 ordinem
1199 1751 1230 1811 in
1254 1749 1392 1810 frontem
1430 1807 1441 1832 ,

347 1841 476 1922 dirigere
495 1839 592 1921 jubet.
650 1837 697 1899 Ea
718 1859 765 1898 res
787 1838 885 1920 primo
911 1837 1075 1899 tumultum
1090 1837 1228 1919 praebuit.
1243 1856 1314 1897 nam
1333 1853 1395 1896 nec

345 1927 390 1988 sic
415 1928 446 1987 in
470 1927 566 1988 altum
591 1935 711 2004 evectus
734 1935 810 2001 erat,
825 1936 859 1985 ut
881 1924 955 1984 ordo
976 1924 1111 1984 omnium
1134 1924 1256 1984 navium
1271 1923 1311 1983 ad
1327 1933 1393 1984 ter·-

346 2035 411 2075 sam
438 2012 581 2095 explicari
612 2017 736 2094 posset:
773 2021 806 2071 et
834 2011 980 2072 festinans
1008 2011 1074 2092 ipse
1103 2027 1291 2092 praepropere
1320 2027 1392 2069 cum

306 2152 308 2158 ,
344 2101 479 2180 quinque
505 2098 577 2159 solis
606 2099 733 2175 naribus
762 2095 927 2158 Hannibali
957 2097 1100 2158 obcurrit.
1129 2097 1233 2175 ceteri,
1258 2095 1330 2178 quia
1357 2095 1392 2155 in'

345 2185 478 2250 frontem
506 2186 635 2268 dirigere
657 2183 738 2267 jussi
764 2194 860 2261 erant,
885 2203 947 2244 non
973 2184 1185 2264 sequebantur.
1243 2181 1391 2243 Extremo

348 2273 462 2355 agmini
483 2272 542 2333 loci
569 2272 644 2333 nihil
671 2271 712 2332 ad
736 2281 849 2331 terram
872 2270 970 2332 relicti
993 2283 1078 2347 erat3
1110 2269 1393 2352 trepidantibusque

348 2360 385 2420 iis
408 2361 486 2420 inter
508 2380 550 2437 se,
569 2358 635 2440 jam
658 2359 690 2419 in
706 2357 815 2419 dextro
829 2376 923 2418 cornu
938 2357 1078 2420 adversus
1093 2353 1299 2418 Hannibalem
1314 2375 1393 2437 pug-

349 2446 490 2507 nabetur.

390 2528 507 2592 XXIV.
530 2527 593 2591 Sed
611 2541 767 2592 momento
789 2529 934 2612 temporis
956 2541 988 2592 et
1009 2529 1132 2591 navium
1146 2530 1251 2608 virtus,
1271 2539 1304 2591 et
1319 2549 1393 2590 usus

348 2617 393 2679 rei
419 2617 577 2678 maritimrs
601 2627 746 2677 terrorem
773 2637 895 2678 omnem
910 2615 1039 2678 Rhodiis
1065 2616 1185 2678 demsit.
1208 2635 1278 2678 narn
1302 2625 1335 2676 et
1361 2615 1395 2675 in

348 2704 446 2765 altum
467 2703 604 2764 celeriter
626 2721 737 2764 evectae
758 2723 849 2764 naves
864 2703 965 2764 locum
979 2715 1050 2786 post
1072 2721 1241 2784 sequarque
1255 2701 1396 2763 venienti

350 2790 390 2850 ud
408 2801 519 2850 terram
536 2789 646 2850 dedere
657 2811 667 2866 ;
697 2801 739 2867 ct,
762 2790 787 2850 si
813 2779 873 2869 qua
895 2801 1089 2852 concurrerat
1114 2803 1210 2852 rostro
1228 2809 1296 2851 cum
1312 2790 1392 2849 hos-

349 2875 427 2937 tium
443 2875 522 2953 nasi,
538 2888 592 2937 aut
606 2895 726 2958 proram
749 2875 915 2954 lacerabat,
939 2889 990 2937 aut
1011 2897 1110 2939 remos
1127 2876 1311 2959 detergebat,
1327 2885 1398 2952 aut,

350 2962 446 3023 libero
469 2963 549 3023 inter
569 2963 690 3024 ordines
715 2963 850 3023 discursu
874 2975 1078 3043 praetervecte,
1103 2963 1134 3024 in
1158 2963 1282 3048 puppim
1305 2961 1397 3043 inpe-

318 3043 321 3062 ‘
350 3059 416 3111 turn
433 3048 535 3110 dabat.
558 3051 691 3111 maxime
714 3049 858 3110 externrit
881 3049 1013 3131 hepteris
1028 3051 1123 3132 regia,
1142 3073 1161 3112 a
1183 3048 1280 3112 multo
1295 3048 1397 3108 mino-

351 3157 384 3198 re
400 3135 524 3196 Rhodia
539 3155 614 3196 nave
634 3155 693 3196 uno
716 3137 780 3197 ictu
795 3134 945 3196 demersa.
1003 3136 1109 3218 Itaque
1127 3135 1193 3218 jam
1209 3135 1292 3197 haud
1306 3134 1398 3195 dubie

353 3223 512 3284 dexterum
533 3243 627 3283 comu
649 3221 780 3283 hostium
807 3221 839 3282 in
860 3221 964 3304 fugam
989 3223 1166 3285 inclinabat.
1224 3221 1398 3284 Eudamum

353 3310 384 3370 in
407 3311 482 3385 alto,
503 3309 699 3370 multitudine
722 3309 843 3370 navium
866 3310 998 3370 maxime
1015 3308 1181 3388 Hannibal,
1199 3310 1308 3371 ceteris
1330 3327 1397 3369 om·

351 3397 440 3457 nibus
467 3395 557 3476 longe
583 3407 787 3477 praestantem,
811 3396 979 3476 urguebat:
1012 3409 1044 3458 et
1072 3396 1329 3474 circumvenisset,
1355 3395 1399 3474 ni,

352 3483 440 3563 signo
464 3483 583 3543 sublato
608 3503 646 3543 ex
671 3483 813 3564 pretoria
836 3502 923 3560 naue,
949 3481 1022 3563 (quo
1037 3483 1201 3565 dispersam
1218 3482 1346 3544 classem
1367 3483 1399 3544 iu

351 3587 448 3630 unum
471 3567 575 3649 colligi
601 3589 668 3629 mos
683 3569 761 3648 erat)
781 3571 807 3615 ⁷³
817 3588 934 3648 omnes,
948 3591 1014 3652 qua
1037 3571 1069 3631 in
1084 3569 1193 3632 dextro
1208 3589 1305 3632 cornu
1318 3569 1400 3630 vice·

636 3699 692 3749 ‘ulis'
702 3701 774 3751 Gron.
970 3705 1050 3768 tregia
1058 3704 1116 3752 Eat

388 3809 413 3846 7⁰
426 3807 452 3856 ln
468 3809 545 3872 quihus
561 3816 603 3856 tres
619 3808 861 3876 tormentatur]
931 3810 1277 3879 patremmvulgoasngu.
1306 3809 1405 3863 Modius

356 3875 471 3924 Ultimum
491 3887 569 3922 rocem
591 3874 675 3922 merito
692 3875 754 3924 delet
775 3874 865 3950 Gronq·
897 3887 995 3924 testetur
1004 3877 1049 3938 legi
1063 3879 1088 3925 in
1099 3877 1170 3928 MSS.
1180 3879 1227 3927 suis
1240 3879 1404 3944 quomodcedi

357 3957 415 3988 nus.
896 3959 1031 3991 curavimus.

385 4005 409 4043 ⁷1
425 4003 454 4053 Et
471 4005 495 4053 hi
510 4003 667 4067 cdcsschostes]
690 4003 720 4052 Et
737 4005 769 4068 hi,
788 4007 866 4064 idest,
881 4015 887 4024 ·
929 4007 951 4044 ⁷³
964 4007 1043 4055 Omnes
1057 4025 1105 4071 qrrae
1122 4012 1147 4057 in
1165 4011 1239 4058 dextro
1259 4026 1327 4058 consu
1344 4010 1406 4066 cisq-

356 4072 415 4131 regii
424 4086 515 4134 quoqne
526 4082 681 4130 cognorerunt
693 4071 769 4119 adesse
779 4072 868 4131 hostes,
895 4071 959 4135 rant]
984 4073 1034 4120 lmo
1050 4076 1074 4122 in
1091 4076 1150 4132 leun,
1167 4075 1212 4134 vel,
1225 4078 1246 4124 si
1262 4078 1334 4126 levior
1348 4092 1406 4122 mu-

356 4137 551 4197 quemsdmodum
561 4133 643 4182 Rhodii
654 4136 681 4182 sb
692 4137 814 4202 Aspendiis
825 4153 864 4184 su·
896 4141 953 4186 tatio
973 4139 1057 4202 placet,
1075 4141 1101 4186 irs
1117 4141 1194 4190 chau.
1249 4145 1311 4192 Nsos
1333 4145 1359 4191 in
1373 4131 1407 4192 'sis

357 4201 448 4248 dieram
459 4201 537 4250 hones
547 4200 633 4248 vicinos
644 4215 702 4249 esse.
724 4213 727 4218 '
744 4201 819 4262 Vulgo
829 4201 864 4255 le‘·
896 4220 948 4266 quae
960 4205 1062 4267 proxime
1073 4207 1214 4270 procedunt,
1225 4209 1332 4258 dertmm
1351 4225 1408 4268 coc-

358 4265 515 4323 giturrtah'i:
538 4265 605 4316 male.
647 4268 759 4324 Andreas,
774 4269 865 4316 etMo·
897 4285 930 4316 nu
948 4268 1048 4318 hostium
1066 4269 1186 4334 inclinasse
1207 4273 1300 4323 dicitur.
1341 4275 1410 4338 Ergo

358 4331 454 4390 gunsina
466 4329 544 4388 editio,
554 4343 578 4379 et
589 4345 648 4379 unus
659 4348 672 4379 e
684 4333 754 4380 MSS.
764 4333 867 4392 Hermii,
898 4335 927 4382 ab
938 4333 1033 4383 Rhodiis
1044 4335 1129 4384 laevum
1138 4339 1312 4392 cornu'vicerst.
1353 4341 1409 4390 Το-

359 4395 525 4458 praesensores
544 4399 572 4443 ii:
597 4413 648 4460 quae
660 4399 728 4462 probs
740 4399 809 4445 lectio
825 4412 867 4448 est.
900 4411 925 4448 ts
943 4399 1014 4462 praelii
1033 4401 1131 4449 namatio
1150 4403 1172 4450 id
1192 4403 1279 4466 probat.
1323 4391 1409 4456 Simila

345 4459 406 4508 ‘Sed
421 4460 504 4507 melius
521 4461 594 4510 adhuc
613 4475 692 4512 noster
701 4464 788 4513 Victor.
806 4467 869 4524 ethi,
901 4465 968 4523 Livii,
988 4465 1035 4514 sive
1060 4465 1201 4516 librariorum
1229 4481 1331 4518 erratum
1354 4484 1410 4520 sum

358 4526 476 4589 quomodo
487 4525 609 4577 edidimus.
637 4577 640 4587 ,
901 4529 954 4578 slihi
973 4529 1021 4597 jans
1038 4531 1157 4597 aliquoties
1172 4535 1311 4596 notavimus,
1325 4537 1409 4588 sumi.
