3038 5200
381 397 439 458 174
595 421 598 430 ·
781 385 866 448 ΤῙΤΙ
884 385 986 447 mvn

209 555 354 612 tuceta.
381 545 420 606 alr
443 544 528 606 omni
551 545 642 606 simul
666 553 752 628 parte
774 543 908 626 adgressi
931 555 1013 606 sunt.
1056 541 1171 604 Consul
1186 541 1331 624 exemplo
1345 559 1432 605 erm

208 621 283 672 Ν·
296 624 350 676 ¹³⁴·
380 651 490 715 capere
513 631 626 694 milites
647 630 748 713 jussit.
764 641 898 692 armatos
922 630 993 691 inde
1015 629 1182 713 paullisper
1200 628 1372 691 oontinuitr
1396 643 1430 694 st

379 730 412 781 et
438 717 581 781 stolidam
608 717 751 779 fiduciam
777 717 859 778 hosti
889 725 1025 798 augeret,
1051 727 1083 778 et
1109 716 1286 798 disponeret
1311 715 1430 798 copias,

378 805 489 886 quibus
511 825 636 886 quaque
658 803 753 888 portis
776 813 979 885 erumperent.
1022 801 1098 864 Dure
1121 803 1257 884 legiones
1278 802 1429 864 “duabu

378 891 596 975 principalibus
621 891 716 973 portis
738 889 827 970 signa
851 889 958 951 efferre
981 887 1083 972 jussoe.
1107 890 1161 951 sed
1192 889 1223 950 in
1249 889 1318 972 ipso
1344 889 1429 952 exitu

380 979 427 1040 ita
455 977 585 1040 conferti
613 976 758 1039 obstitere
788 973 881 1055 Galli,
907 985 942 1037 nt
967 976 1145 1038 clauderent
1168 975 1260 1038 uam.
1306 974 1371 1037 Diu
1396 977 1425 1038 in

379 1063 530 1146 angustiis
554 1073 723 1146 pugnaturn
746 1075 803 1126 est.
823 1083 880 1124 nec
904 1062 1017 1124 dextris
1037 1063 1134 1144 magis
1155 1061 1326 1144 gladiisque
1340 1083 1427 1144 gere·

380 1149 472 1212 batur
484 1171 543 1228 res,
564 1169 654 1232 quam
671 1150 764 1212 scutis
779 1148 1015 1231 corporibusque
1030 1149 1104 1232 ipsis
1119 1149 1217 1210 obnisi
1229 1150 1426 1230 urguebant3

379 1234 524 1315 Romani,
540 1247 574 1299 ut
588 1237 676 1318 signa
695 1236 776 1298 foras
800 1237 961 1312 efferrent3
984 1234 1076 1314 Galli,
1096 1246 1132 1296 ut
1151 1246 1205 1297 aut
1226 1235 1283 1318 ipsi
1306 1235 1339 1296 in
1359 1255 1424 1298 oes-

376 1335 426 1385 tra
448 1335 655 1406 penetrarent,
680 1323 840 1385 aut-exire
855 1321 1010 1384 Romanos
1034 1321 1241 1404 prohiberent.
1266 1341 1327 1384 nec
1354 1335 1423 1385 ante

377 1409 410 1472 in
432 1411 512 1474 lranc
535 1421 588 1472 aut
609 1409 693 1470 illam
716 1421 834 1491 partem
856 1410 971 1470 moveri
991 1409 1072 1470 acies
1086 1419 1262 1492 potuerrmt,
1277 1429 1373 1490 quarn
1387 1409 1426 1480 Q.

376 1493 532 1558 Victorius
547 1495 671 1580 “primi
693 1495 748 1578 pili
770 1495 916 1572 centurio,
940 1507 972 1557 et
993 1495 1030 1557 C.
1045 1495 1166 1556 Atinius
1189 1495 1329 1557 tribunus
1344 1496 1422 1558 mili-

376 1593 455 1660 turn,
486 1593 599 1664 quarta
627 1583 688 1660 hic,
717 1582 768 1643 illc
796 1582 935 1643 secunde
964 1582 1102 1664 legionis,
1141 1581 1218 1660 (reru
1247 1583 1280 1642 in
1310 1583 1421 1665 asperis

375 1667 491 1752 proeliis
521 1689 600 1750 saepe
623 1667 788 1748 tentatam)
818 1669 905 1751 signa
932 1669 1056 1730 ademta
1080 1667 1231 1749 signiferis
1258 1669 1291 1730 in
1322 1670 1422 1731 bootes

375 1753 571 1837 injecerunt¹.
587 1754 660 1816 dum
676 1765 820 1838 repetunt
834 1756 918 1818 enise
932 1755 1063 1836 signnm,
1078 1757 1195 1838 priores
1208 1755 1377 1817 seerurdani
1390 1775 1421 1817 se

376 1853 469 1923 porta
483 1840 610 1924 ejecere.

417 1925 547 1990 XLVII.
569 1927 640 1990 Jam
660 1928 692 1989 hi
713 1939 800 1989 extra
818 1929 931 1991 vallum
954 1929 1143 2011 pugnabant,
1167 1939 1279 2010 quarta
1303 1928 1420 2010 legione

374 2013 407 2075 in
432 2027 523 2098 porta
545 2015 688 2092 harente,
715 2033 807 2095 quum
834 2015 910 2076 alius
936 2015 1083 2076 tumultus
1106 2017 1179 2076 “ex
1203 2035 1310 2076 arersa
1334 2029 1420 2098 parte

373 2113 542 2164 castrorum
569 2114 616 2164 est
639 2113 771 2164 exortus.
794 2102 827 2164 in
847 2104 999 2184 ⁸⁷portam
1027 2101 1221 2183 quaestoriam
1247 2102 1421 2184 inruperant

372 2185 474 2250 Galli:
507 2189 740 2272 resistentesque
766 2189 951 2269 pertinacius
977 2188 1155 2250 occiderunt
1178 2186 1212 2248 L.
1234 2185 1418 2257 Postumium

373 2288 566 2354 quaestorem,
588 2275 637 2336 cui
651 2273 814 2360 Tympano
835 2274 894 2337 snit
916 2295 1099 2356 cognomen,
1117 2285 1149 2336 et
1164 2272 1211 2334 M.
1226 2273 1372 2353 Atinium,
1387 2288 1420 2337 et

373 2357 408 2423 P.
424 2359 650 2445 Sempronium,
666 2360 858 2444 ⁰⁸praefectus
874 2362 1002 2440 socium,
1023 2373 1055 2422 et
1076 2361 1226 2422 ducentos
1245 2361 1339 2422 fenne
1360 2362 1419 2423 mi·

373 2443 453 2509 lites.
497 2447 599 2532 Capta
621 2448 660 2509 ab
683 2467 720 2508 ea
741 2458 828 2529 parte
850 2460 950 2509 castra
971 2459 1069 2526 erant,
1092 2448 1191 2510 donec
1206 2448 1352 2510 ‘’eohors
1366 2469 1416 2510 ex·

373 2533 587 2613 traordinnria,
613 2534 706 2595 missa
730 2553 750 2593 a
771 2534 895 2595 consule
920 2534 959 2595 ad
982 2535 1127 2596 tuendam
1143 2534 1334 2616 quartarium
1349 2554 1417 2619 por·

373 2633 451 2698 turn,
474 2631 506 2682 et
528 2641 592 2699 eos,
615 2619 664 2701 qui
688 2619 770 2682 intra
783 2619 895 2682 vallum
918 2633 1015 2700 erant,
1038 2622 1151 2703 partim
1166 2621 1292 2699 oceidit,
1307 2622 1420 2704 partim

372 2705 491 2788 expulit
505 2707 623 2784 castris,
646 2717 678 2766 et
698 2706 938 2789 inrumpentibus
953 2707 1084 2770 obstitit.
1128 2707 1244 2770 Eodem
1260 2707 1324 2769 fere
1340 2719 1418 2770 tem-

370 2809 447 2874 pore
470 2804 502 2855 et
524 2804 633 2874 quarta
655 2792 735 2874 legio
757 2813 827 2854 cum
847 2794 964 2856 duabus
979 2792 1224 2856 extraordinariis
1239 2794 1418 2856 cohortibus

372 2887 464 2960 porta
485 2879 596 2963 erupit.
618 2880 663 2941 ita
684 2879 774 2941 simul
797 2881 857 2941 tria
878 2881 986 2963 proclia
999 2881 1082 2942 circa
1095 2892 1197 2944 castra
1210 2879 1283 2942 loeis
1297 2880 1417 2944 distan-

370 2963 452 3026 tibus
468 2978 573 3028 erant:
598 2967 940 3048 clamoresquedissoni
961 2968 1001 3029 ad
1024 2969 1156 3030 incertos
1179 2987 1303 3029 suorum
1325 2987 1414 3030 even·

372 3062 421 3113 tus
449 3071 468 3114 a
493 3054 632 3135 prasenti
662 3054 831 3114 certamine
856 3054 974 3116 animos
998 3056 1201 3137 pugnantium
1227 3055 1413 3117 avertebant

370 3135 478 3219 Usque
495 3139 534 3201 sd
549 3140 708 3202 meridiem
728 3141 821 3221 equis
843 3141 963 3218 viribus,
988 3161 1024 3202 ac
1045 3161 1139 3225 prope
1161 3141 1227 3227 pari
1249 3161 1315 3226 spe,
1341 3161 1412 3226 pug-

369 3235 479 3288 naturn
502 3239 560 3290 est.
575 3227 662 3290 labor
684 3236 716 3287 et
736 3237 825 3288 aestus
840 3227 979 3289 ”mollia
1000 3239 1032 3290 et
1052 3227 1145 3290 fluida
1167 3249 1298 3310 corpora
1312 3225 1415 3290 Gallo

369 3331 449 3391 urm,
464 3322 496 3376 et
509 3312 635 3376 minime
650 3313 801 3396 patientia
815 3313 892 3394 sitis,
907 3335 999 3396 quum
1016 3315 1163 3376 decedere
1179 3335 1286 3398 pugna
1299 3314 1411 3398 coegis-
1498 3369 1499 3386 ,

366 3409 426 3476 set,
447 3399 479 3460 in
499 3420 614 3483 paucos
634 3411 783 3462 restantes
804 3401 939 3484 inpetum
955 3401 1089 3463 Romani
1109 3402 1258 3480 feoenrnt,
1277 3402 1411 3483 fusosque
1497 3433 1499 3450 .

365 3485 582 3565 compulerunt
612 3486 643 3548 in
670 3497 779 3548 castra.
824 3485 951 3568 Signum
981 3487 1053 3550 inde
1081 3489 1218 3572 receptui
1246 3509 1267 3550 a
1292 3488 1408 3550 consule

364 3567 475 3632 datum
490 3583 537 3632 est
545 3594 557 3649 3
580 3572 621 3633 ad
635 3573 717 3655 quod
731 3595 801 3656 pars
816 3572 913 3655 major
926 3585 1107 3659 receperunt
1131 3595 1197 3637 sese
1205 3599 1216 3654 3
1241 3595 1324 3657 pars,
1346 3593 1408 3638 τοι·

748 3675 865 3734 rjecerunt
874 3672 1029 3726 Gramctev.

380 3743 419 3784 Ἥ
434 3747 529 3798 Drmbur
547 3753 704 3815 principalibus
726 3755 807 3820 portis]
832 3755 874 3814 lis,
904 3759 1000 3807 storiam
1017 3759 1041 3807 in
1060 3759 1169 3810 inferiore
1185 3767 1410 3823 mnamoprrre

364 3817 532 3865 moderna
542 3817 644 3882 laevaque
656 3833 783 3870 castrorum
799 3835 872 3874 enat.
904 3827 998 3886 regione
1019 3835 1091 3890 porta
1111 3826 1244 3874 decorasse
1267 3841 1309 3888 per
1331 3823 1410 3872 mrim

364 3878 417 3930 Viri.
430 3894 479 3930 not.
491 3883 529 3931 15.
540 3885 568 3930 ad
580 3881 596 3930 l.
608 3895 648 3933 nl.
660 3901 680 3934 c.
692 3889 716 3936 5.
906 3901 985 3938 aetates
993 3901 1093 3939 statuere
1101 3905 1152 3938 mos
1162 3891 1240 3940 fuerit.
1252 3889 1305 3939 vid.
1314 3902 1363 3938 not.
1373 3889 1411 3936 23.

393 3943 418 3979 Β
436 3943 452 3974 ⁸
464 3945 577 4012 Prirnipilr'
586 3951 695 4016 certurio]
710 3949 763 3999 vid.
773 3962 823 4000 not.
831 3953 871 4003 4⁵.
904 3955 931 4002 ad
950 3955 967 4003 l.
987 3969 1014 4004 x.
1031 3971 1054 4003 e.
1071 3957 1111 4005 ³2.
1129 3971 1205 4019 snpra,
1224 3968 1249 4004 et
1264 3955 1369 4020 lipsium
1382 3953 1411 4000 δὲ

361 4010 391 4060 ad
403 4025 432 4064 u.
444 4013 485 4062 27.
904 4020 977 4071 Milic.
988 4020 1055 4072 Rom.
1067 4020 1084 4069 l.
1094 4035 1119 4073 v.
1129 4021 1192 4070 Dtrl
1203 4024 1226 4072 3.
1238 4033 1263 4070 et
1274 4023 1299 4070 5.

392 4073 418 4112 ω
435 4073 470 4126 Er
487 4095 562 4128 omres
577 4080 651 4142 porte]
675 4079 757 4144 scripti
775 4081 814 4132 alii
830 4083 872 4130 od·
971 4087 986 4116 '¹
998 4085 1115 4151 Profectus
1128 4087 1221 4150 rodurn]
1245 4085 1301 4137 Vid.
1317 4095 1367 4136 nn.
1382 4083 1410 4132 ed

359 4157 431 4201 sem,
459 4143 550 4206 quidam
579 4162 648 4194 soar.
681 4147 811 4196 Gronovius
842 4163 871 4200 ex
904 4153 1175 4204 vnr.36.etxrrnr.7.
1344 4203 1349 4212 ,

360 4208 496 4270 quibasdam
516 4211 676 4262 vestutioribus
696 4211 763 4260 editis
780 4216 870 4278 recepit
933 4211 957 4250 ⁸⁹
975 4216 1055 4265 Colore
1073 4217 1258 4280 mmmdtnoio]
1282 4216 1337 4267 Vid.
1357 4223 1407 4266 not.

360 4271 450 4322 erasm·
475 4277 547 4325 recte.
578 4277 613 4325 lbi
635 4277 698 4325 enirn
720 4289 787 4344 porta
808 4297 871 4344 quse·
902 4278 1140 4332 adl.xxvn.c.12.

357 4338 436 4388 morta.
934 4345 958 4382 ⁷⁰
974 4343 1054 4394 Mollis
1072 4355 1093 4395 rt
1102 4347 1192 4410 fluida]
1213 4346 1251 4396 Sic
1269 4347 1339 4396 habet
1355 4346 1410 4395 Vir·

391 4399 416 4440 θ’
432 4401 523 4452 Portam
542 4405 688 4472 qrrertorr'rm]
715 4409 785 4457 Porta
806 4425 868 4472 quse·
901 4411 1042 4460 tontodex:
1058 4426 1101 4462 aec
1116 4414 1194 4463 debuit
1209 4412 1408 4464 rubeimon-

360 4469 431 4516 etoris
441 4469 522 4516 eadem
532 4469 622 4518 videtur
630 4471 712 4533 luisse,
722 4487 747 4521 rc
759 4475 869 4524 decuma·
900 4476 988 4526 norim.

357 4547 407 4594 lter·
423 4535 477 4587 ideo
495 4535 556 4588 osta
576 4538 708 4600 questoria,
726 4541 786 4600 ruod
805 4556 868 4606 qure-
