3080 5196
226 529 262 582 U.
272 530 302 580 C.
313 529 370 580 561.

225 597 260 654 Α·
270 594 298 646 C»
311 597 365 652 191.

227 1095 356 1150 menda

226 1163 331 1212 deitates

396 357 457 422 aro
726 409 731 420 ,
793 327 1006 422 ,rururvn
1054 373 1070 426 ,ι

394 505 528 580 Romam
542 515 681 578 trecenta
694 503 792 568 millia
804 505 943 570 modium
957 503 1062 583 tritici,
1073 501 1209 569 ducenta
1221 501 1448 586 qmnqmgiats

393 593 521 670 hordei3
544 592 662 674 equites
676 591 869 676 quingentos,
893 591 1071 675 elephantos
1086 589 1193 671 viginti
1208 609 1314 670 regem
1330 589 1372 652 ad
1387 588 1450 654 Μ’.

393 677 526 742 Acilium
535 678 692 742 consulem
702 677 873 740 missurum.
888 675 937 740 De
948 675 1100 740 frumento
1109 675 1243 756 utrisque
1254 696 1447 758 responsum,

394 765 439 827 ita
451 782 574 826 usurum
589 785 626 827 eo
637 764 784 847 populum
798 763 981 842 Romanum,
993 765 1019 826 si
1035 763 1166 847 pretium
1182 761 1370 846 acciperent.
1395 759 1447 824 Dc

394 851 491 914 classe
507 849 811 932 Karthaginiensibus
826 851 1004 927 remissum;
1028 862 1229 932 preterquam
1244 849 1270 910 si
1292 847 1369 929 quid
1390 869 1446 910 ua·

394 938 476 1000 vium
488 957 526 998 ex
541 936 654 1000 loedere
666 935 822 1000 deberent.
834 937 873 998 dc
887 937 1018 1022 pecunia
1031 937 1106 1000 item
1123 955 1315 1021 responsum,
1330 933 1445 1014 nullam

394 1033 466 1086 ante
482 1022 563 1084 diem
579 1032 779 1106 accepturum

437 1106 477 1171 V.
501 1110 602 1181 Quum
626 1109 690 1172 haec
712 1108 818 1172 Romae
838 1111 1019 1192 agebantur,
1038 1109 1185 1174 Chalcide
1200 1108 1386 1186 Antiochus,
1409 1128 1447 1170 ne

227 1227 382 1278 meol-
395 1207 528 1261 cessaret
542 1217 596 1279 per
609 1196 802 1260 hibernorum
823 1208 953 1280 tempus,
975 1196 1087 1280 partim
1104 1197 1170 1280 ipse
1191 1195 1380 1262 sollicitabat
1402 1193 1445 1258 ci·

224 1292 307 1344 licitst·

393 1283 534 1346 vitatium
550 1282 668 1348 animos
682 1283 841 1346 mittendis
854 1283 974 1364 legatis,
985 1283 1098 1365 partim
1110 1283 1190 1346 ultro
1206 1283 1246 1362 ad
1261 1302 1333 1346 cum
1356 1284 1380 1319 ¹⁹
1393 1302 1446 1342 ve.-

394 1370 542 1438 niebant:
565 1367 660 1431 sicut¹
674 1367 807 1452 Epirotae
827 1369 982 1430 communi
1001 1367 1101 1450 gentis
1115 1389 1276 1446 consensu,
1294 1379 1328 1428 et
1346 1365 1413 1428 Elei
1428 1387 1445 1428 e

393 1454 601 1540 Peloponneso
615 1466 772 1529 venerunt.
815 1453 882 1516 Elei
906 1454 1049 1516 auxilium
1072 1455 1214 1530 adversus
1237 1453 1372 1515 Aehaeos
1390 1473 1442 1534 pe·

394 1543 510 1620 rebant,
533 1561 620 1624 quos,
641 1553 711 1624 post
735 1541 848 1602 bellum
870 1561 934 1602 non
960 1561 1000 1601 ex
1026 1561 1081 1600 sua
1111 1541 1264 1604 sententia
1295 1538 1443 1616 indictum

393 1627 561 1705 Antiocho,
592 1628 724 1710 primum
757 1626 873 1689 civitati
896 1647 956 1687 snae
981 1645 1068 1686 arma
1093 1626 1239 1688 inlaturos
1264 1623 1442 1688 credebaut

393 1713 482 1777 Mille
505 1713 542 1776 iis
568 1713 687 1796 pedites
711 1733 780 1774 cum
806 1712 884 1773 duce
914 1710 1053 1774 Cretensi
1075 1710 1225 1795 Euphane
1248 1724 1322 1774 sunt
1348 1710 1441 1772 missi.

392 1799 588 1882 Epirotarum
603 1799 718 1880 legatio
741 1807 807 1860 erat
828 1795 953 1860 minime
975 1798 1007 1858 iu
1030 1810 1150 1880 partem
1170 1799 1265 1861 ullam
1282 1795 1371 1860 liberi
1391 1810 1442 1874 aut

393 1886 538 1970 simplicis
557 1885 662 1947 animi.
705 1883 798 1966 Apud
820 1905 922 1964 regem
940 1883 1071 1966 gratiam
1089 1885 1198 1962 initam
1212 1883 1361 1962 volebant
1374 1904 1442 1946 cum

392 1995 442 2052 eo,
457 1983 493 2036 ut
504 1981 653 2050 caverent,
665 1991 704 2040 ne
715 1968 998 2050 quidobfenderent
1012 1967 1179 2032 Romanos.
1195 1971 1346 2054 petebant
1361 1969 1442 2032 enim

391 2061 420 2100 ¹⁸
437 2059 497 2122 ‘ne
509 2079 541 2123 se
551 2075 665 2120 temere
675 2057 706 2118 in
718 2076 856 2118 caussam
868 2054 1042 2133 deduceret,
1053 2057 1209 2140 expositos
1221 2057 1367 2120 adversus
1380 2053 1441 2117 lta·

280 2217 285 2228 ³
392 2143 491 2206 ‘liam
510 2166 567 2227 pro
589 2143 673 2206 omni
692 2139 820 2221 Gracia,
838 2153 870 2206 et
886 2143 1001 2224 primos
1017 2141 1136 2224 inpetus
1152 2142 1366 2206 Romanorum
1387 2163 1441 2204 ex·

385 2231 404 2294 .‘
419 2241 571 2313 capturos.
601 2226 675 2306 Sed,
686 2229 710 2290 si
723 2229 788 2310 ipse
799 2241 903 2310 posset
912 2229 1103 2290 terrestribus
1115 2228 1332 2310 navalibusque
1344 2228 1441 2310 copiis

392 2316 404 2350 ‘
419 2317 578 2398 presidere
593 2315 699 2398 Epiro,
715 2314 825 2398 cupide
838 2333 907 2376 eum
922 2317 947 2388 ².¹
960 2315 1091 2376 omnesl
1110 2314 1253 2398 Epirotas
1268 2327 1302 2376 et
1319 2314 1441 2376 urbibus

392 2401 451 2465 ‘et
464 2403 610 2484 portubus
625 2401 686 2463 suis
704 2411 891 2482 accepturos.
907 2401 933 2461 si
954 2401 986 2461 id
1000 2421 1064 2476 ,non
1079 2416 1193 2482 posset,
1214 2401 1383 2483 deprecari,
1403 2421 1440 2462 ne

392 2485 450 2550 ‘se
474 2488 573 2549 nudos
597 2498 689 2568 atque
714 2487 844 2548 inermes
872 2485 1012 2560 Romano
1039 2487 1119 2549 bello
1145 2485 1317 2568 objiceret!
1373 2483 1440 2548 Hac

392 2573 545 2654 legatione
567 2572 599 2636 id
619 2573 669 2654 agi
684 2571 864 2653 adparebat,
886 2583 930 2651 ut,
950 2573 1012 2634 sive
1031 2573 1125 2656 (quod
1145 2573 1242 2655 magis
1258 2573 1438 2651 credebaut)

392 2659 587 2727 abstinuisset
611 2657 717 2740 Epiro,
738 2658 901 2739 ”integra
927 2659 984 2722 sibi
1006 2660 1111 2721 omnia
1135 2663 1162 2699 ¹³
1178 2659 1258 2742 apud
1285 2660 1439 2722 exercitus

383 2737 548 2816 Romanos
562 2755 681 2820 essent,
712 2742 875 2806 conciliata
897 2745 1076 2828 satisapud
1103 2766 1203 2828 regem
1221 2746 1333 2826 gratia,
1357 2745 1443 2826 quod

392 2831 547 2913 accepturi
570 2830 699 2892 luissent
713 2829 884 2892 venientem
898 2853 907 2908 3
935 2831 996 2893 siue
1011 2831 1157 2910 venisset,
1175 2833 1215 2893 sic
1230 2852 1356 2914 quoque
1373 2852 1443 2914 spes

390 2917 485 2986 venite
509 2916 549 2978 ab
572 2914 722 2999 Romanis,
741 2914 831 2994 foret,
861 2916 954 2998 quod,
981 2937 1043 2980 non
1066 2931 1246 3000 exspectato
1268 2917 1442 2999 longinquo

391 3002 507 3065 auxilio
531 3002 570 3063 ab
592 3023 635 3078 se,
659 3002 812 3083 praesentis
831 3003 943 3064 viribus
965 3005 1207 3066 subcubuissent.
1262 3001 1348 3064 Huic
1376 3015 1437 3065 tam

390 3088 541 3173 perplexa
556 3087 712 3169 legationi,
735 3088 806 3168 quia
825 3109 888 3149 non
904 3087 977 3150 satis
999 3089 1031 3164 in
1051 3101 1173 3173 promtu
1197 3100 1274 3162 erat,
1296 3089 1372 3170 quid
1392 3111 1436 3150 re·

390 3175 566 3256 sponderet,
582 3173 699 3254 legatos
714 3193 747 3234 se
769 3173 930 3235 missurum
953 3174 993 3236 ad
1007 3193 1060 3237 eos
1077 3175 1167 3254 dixit,
1182 3176 1234 3258 qui
1250 3175 1289 3236 de
1305 3177 1355 3254 iis,
1377 3197 1438 3257 quc

391 3262 432 3322 ad
443 3261 511 3324 illos
524 3279 615 3342 seque
630 3260 834 3321 communiter
848 3260 1047 3343 pertinerent,
1063 3261 1274 3346 loquerentur.-

410 3337 489 3408 'vt
523 3343 560 3408 ln
585 3343 738 3408 Boeotiam
754 3346 818 3428 ipse
833 3345 988 3430 profectus
1017 3359 1075 3426 est,
1106 3331 1283 3410 clu'isdi'fin
1306 3345 1437 3431 speciem

383 3433 442 3496 -irse
454 3432 595 3494 adversus
612 3431 768 3493 Romanos
788 3451 849 3509 eas,
870 3453 945 3513 quas
965 3444 1037 3496 ante
1058 3433 1132 3511 dixi,
1153 3423 1438 3511 habentem3'Bra-

391 3518 498 3600 chyllae
521 3530 638 3595 necem,
658 3529 690 3578 et
713 3517 824 3578 bellum
845 3539 864 3579 a
883 3518 1029 3588 Quinctio
1052 3519 1208 3598 Coroneae,
1227 3532 1353 3604 propter
1374 3517 1439 3579 Ro·

392 3621 552 3664 manorum
572 3603 703 3664 militum
726 3603 832 3683 cades,
855 3605 1003 3683 inlatum3
1036 3627 1068 3668 re
1082 3625 1154 3668 vera
1179 3627 1234 3690 per
1257 3605 1354 3668 multa
1373 3603 1439 3688 jam

423 3867 426 3874 .
523 3826 610 3878 ¹eisteti
620 3829 693 3883 Groc.
704 3833 773 3882 Cres.
1111 3831 1235 3886 *mrum
1246 3835 1309 3901 Rup.

425 4009 446 4048 ¹⁹
462 4008 477 4039 ⁸
497 4009 625 4078 l‘eniclrosrt]
640 4013 735 4075 Legstir
757 4025 785 4062 ut
800 4013 830 4063 ab
841 4015 898 4081 Epi·
962 4016 985 4051 ὓ
1001 4014 1017 4046 *
1034 4015 1126 4080 integro
1136 4017 1176 4064 sihi
1185 4017 1258 4064 omnio
1266 4018 1330 4079 uprsd
1339 4019 1443 4066 exercitur

390 4074 490 4134 rotis,et
502 4076 529 4123 ab
540 4076 613 4126 Eleis.
929 4079 1036 4130 Romnae
1053 4079 1129 4143 essent]
1151 4081 1212 4128 Dele
1231 4097 1312 4129 rocem
1328 4085 1442 4134 exoritu.
1520 4129 1521 4134 ,

424 4139 446 4174 ²⁰
459 4138 472 4166 “
486 4138 549 4190 Nare
559 4150 637 4192 ramses
646 4145 764 4194 iscam
773 4143 900 4212 deduceret]
930 4145 1016 4193 Sensus
1027 4157 1075 4192 est:
1093 4155 1120 4193 ut
1132 4158 1223 4211 possent
1241 4147 1316 4195 rideri
1331 4147 1390 4194 nibil
1406 4147 1442 4194 fe-

392 4201 647 4257 Neuelletsetemere
665 4209 689 4258 in
707 4225 796 4259 causam
816 4211 899 4273 regiam
928 4211 998 4267 cisse,
1019 4226 1064 4272 quo
1087 4207 1184 4258 Romani
1211 4211 1394 4268 offenderentur,
1421 4221 1445 4260 et
1520 4221 1521 4225 ’

391 4265 538 4329 descendere,
548 4285 623 4333 panes
633 4274 706 4335 regias
716 4275 829 4352 amplecti.
929 4275 1284 4341 integram‚nullaqueexparre
1295 4277 1445 4335 inerementi
1519 4279 1520 4316 3

425 4329 446 4364 ⁹¹
460 4331 547 4405 quaes]
563 4335 649 4402 Script'r
660 4341 800 4388 Gronorrsai
811 4350 837 4388 et
848 4355 900 4388 nos·
930 4342 957 4388 iis
967 4340 1090 4388 amicitiam
1101 4341 1234 4391 retinuisse.
1518 4335 1520 4380 l

391 4404 430 4444 ter
447 4393 510 4470 Vrct.
526 4402 630 4452 οιιιιιίὸιιι.
661 4403 805 4457 Utrumlibet
825 4405 901 4467 malls,
963 4403 1175 4466 ”operosiorem
1185 4403 1309 4474 [ἰοπιαιιοι]
1321 4407 1444 4460 Delecuar
1519 4391 1520 4438 l

391 4472 585 4527 parummterest.
657 4524 661 4530 ⁴
692 4539 701 4550 .
931 4467 1136 4524 moronensem
1146 4474 1262 4524 mentm.
