3068 5186
341 361 404 416 802
745 347 830 410 Tiri
848 347 951 408 Livii

180 527 217 580 u,
228 530 325 580 osso.
348 505 498 584 hostibus,
513 515 567 568 aut
580 505 662 588 ipsos
673 525 728 586 pro
739 503 879 566 hostibus
891 502 1057 564 habitums.
1101 499 1202 572 Quum
1214 500 1399 564 direxissent

155 645 159 652 .
181 592 252 668 40-
264 593 319 646 ¹9⁰·
349 594 391 656 sd
404 606 517 656 terram
532 613 648 674 proras,
663 589 837 672 quindecim
852 589 948 652 ferme
970 588 1013 650 eis
1036 608 1126 650 naves
1144 589 1226 650 eires
1239 585 1399 670 Myonne-

349 701 417 742 sum
430 679 648 761 adparuerunt‚
663 697 737 758 quas
752 677 851 758 primo
866 698 906 738 ex
922 675 1018 738 classe
1032 675 1118 758 regis
1131 686 1242 756 praetor
1255 695 1325 736 esse
1347 694 1397 735 ra·

338 767 412 843 tus,
425 765 540 828 institit
560 764 657 846 sequi.
673 763 814 845 adparuit
834 763 917 841 inde,
931 763 1074 846 piraticas
1090 761 1208 824 celoces
1225 773 1259 822 et
1276 761 1396 822 lembos

339 845 425 916 esse.
479 850 624 914 Chiorum
638 850 822 914 maritimam
836 870 922 912 oram
938 847 1124 932 depopulati,
1139 869 1208 912 cum
1222 847 1326 909 omnis
1341 867 1395 928 ge-

348 939 430 1000 neris
451 938 553 1020 prada
572 947 765 1014 revertentes
784 947 946 1018 postquam
971 935 1070 996 videre
1099 955 1139 996 ex
1166 935 1229 996 alto
1253 934 1396 1012 classem,

349 1019 538 1106 ⁸²in'fugam
552 1035 716 1086 vertenmt.
739 1033 771 1084 et
792 1023 947 1086 celeritate
969 1021 1162 1104 superabant,
1180 1020 1343 1082 levioribus
1364 1033 1397 1083 et

340 1110 391 1184 *ad
415 1111 448 1172 id
470 1109 643 1172 fabrefactis
657 1109 795 1190 navigiis,
811 1119 844 1170 et
860 1109 1017 1191 propiores
1032 1119 1118 1170 terrae
1133 1119 1230 1170 erant.
1277 1105 1396 1188 ltaque,

349 1197 526 1280 priusquam
549 1195 807 1279 adpropinquaret
828 1195 943 1274 classis,
963 1193 1167 1279 Myonnesum
1187 1193 1398 1278 perfugerunt.

349 1284 433 1346 unde
456 1304 490 1344 se
512 1305 532 1344 a
553 1294 643 1366 portu
664 1296 748 1345 ratus
770 1283 990 1344 abstracturum
1013 1301 1114 1358 naves,
1129 1282 1252 1362 ignarus
1268 1281 1328 1342 loci
1345 1301 1397 1342 se-

182 1379 337 1446 utymnems.
350 1371 497 1450 quebatur
518 1382 638 1452 praetor.
691 1372 717 1407 ⁸³
730 1367 917 1454 Myonnesus
939 1368 1182 1451 promontorium
1200 1368 1280 1430 inter
1294 1364 1397 1430 Teum

350 1453 538 1538 Samumque
559 1467 616 1518 est.
639 1457 705 1538 ipse
727 1455 812 1517 collis
837 1467 884 1518 est
907 1455 946 1516 in.
965 1454 1090 1516 modum
1108 1465 1197 1518 metas
1217 1455 1250 1516 in
1270 1465 1398 1516 acutum

349 1563 497 1604 cacumen
513 1542 637 1604 afundo
649 1539 1015 1624 satislatol'astigatus':1¹¹
1040 1562 1059 1602 a
1073 1541 1242 1604 continenti
1257 1553 1332 1602 artae
1346 1562 1397 1602 sa-

348 1629 433 1692 mitae
454 1629 569 1690 aditum
585 1630 691 1690 habet:
722 1650 742 1690 a
754 1629 831 1689 mari
851 1649 948 1690 exesa
962 1627 1102 1690 fluetibus
1122 1648 1212 1709 mpes
1229 1627 1397 1706 claudunt;

350 1717 396 1778 ita
408 1726 444 1778 ut
459 1715 639 1796 quibusdam
664 1715 739 1776 locis
759 1715 1014 1798 superpendentia
1032 1735 1106 1776 saxa
1120 1715 1146 1751 ⁸⁴
1156 1713 1223 1795 plus
1238 1714 1271 1861 ig
1285 1714 1400 1793 altum,

1102 1821 1118 1860 e

349 1822 595 1971 distiti
610 1812 1106 1967 iiitisitttt’iitt
1119 1811 1400 1970 &tuirstatt

350 1975 473 2058 rupibus
487 1976 653 2057 piratamm
674 1985 787 2052 essent,
803 1975 885 2036 diem
907 1974 1024 2036 trivere.
1049 1973 1184 2052 taudem,
1198 1975 1254 2036 sub
1270 1985 1394 2038 noctem

339 2082 429 2134 ,vano
456 2062 579 2144 incepto
605 2082 699 2144 quum
723 2062 919 2140 obstitissent,
944 2058 1043 2122 Teum
1066 2071 1189 2142 postero
1216 2061 1266 2124 die
1290 2081 1397 2124 acces·

341 2169 437 2220 sere:
469 2159 512 2226 et,
537 2148 570 2208 in
590 2159 690 2230 portu,
713 2148 764 2228 qui
785 2149 823 2210 ab
837 2159 926 2229 tergo
941 2147 1022 2208 urbis
1037 2157 1094 2223 est,
1112 2145 1321 2224 (Geraesticum
1336 2148 1396 2230 ipsi

340 2233 521 2316 adpellant)
537 2235 664 2296 navibus
678 2235 862 2311 constitutis,
878 2246 989 2316 praetor
1011 2233 1050 2296 ad
1072 2234 1320 2319 depopulandum
1335 2236 1396 2296 cir·

341 2341 390 2394 ¹ca
402 2321 509 2382 urbem
524 2341 630 2402 agrum
644 2321 756 2384 milites
771 2321 881 2382 emisit.

343 2465 344 2470 ,
393 2405 542 2468 XXVlll.
563 2405 643 2484 Teii,
666 2427 758 2488 quum
784 2408 814 2470 in
841 2408 937 2470 oculis
960 2407 1117 2490 populatio
1141 2419 1233 2486 esset,
1256 2417 1398 2470 oratores

349 2513 422 2554 cum
436 2493 537 2555 infulis
552 2504 584 2555 et
597 2492 774 2556 velamentis
789 2494 830 2555 ad
840 2493 1012 2556 Romanum
1028 2495 1185 2556 miserunt.
1198 2495 1307 2575 quibus
1321 2516 1396 2576 pur-

350 2580 493 2660 gantibus
514 2580 667 2642 civitatem
689 2580 789 2641 omnis
803 2580 875 2642 facti
891 2581 1023 2662 dictique
1038 2581 1157 2642 hostilis
1173 2581 1313 2642 adversus
1327 2580 1397 2642 Ro-

341 2685 469 2742 manos,
485 2667 538 2726 ‘et
544 2663 656 2746 juvisse
670 2687 722 2728 cos
734 2679 906 2728 commeatu
921 2666 1047 2728 classem
1059 2663 1204 2728 hostium·
1215 2667 1321 2748 arguit,
1337 2668 1397 2728 ‘et

350 2751 363 2783 ‘
377 2763 526 2832 quantum
540 2752 602 2812 vini
613 2750 802 2836 Polyxenidae
817 2753 1039 2835 promisissent:
1062 2774 1127 2835 quae
1142 2754 1167 2815 si
1180 2753 1283 2815 eadem
1298 2753 1395 2814 classi
1477 2797 1482 2802 -

341 2838 362 2910 ,‘
375 2837 523 2900 Romana
537 2838 655 2921 darent,
667 2852 878 2902 revocatumm
893 2862 926 2901 se
941 2840 1168 2922 apopulatione
1180 2840 1319 2915 militem3
1341 2840 1396 2900 siu

341 2925 362 2998 ,⁶
376 2925 489 3003 minus,
514 2946 570 3008 pro
595 2926 733 2989 hostibus
757 2947 809 2988 eos
831 2925 1025 2991 habiturum.'
1069 2925 1140 2988 Hoc
1162 2937 1225 2988 tam
1239 2926 1326 2988 triste
1345 2947 1396 2987 re»

348 3032 495 3158 sponsurlry
509 3032 601 3092 quum
615 3013 789 3076 retulissent
798 3013 903 3094 legati,
913 3023 1037 3076 vocatur
1051 3014 1083 3074 in
1098 3014 1276 3076 concionem
1292 3033 1394 3138 πωπω·

342 3100 762 3268 ,tlitpttdttitdt
782 3101 867 3269 iti
880 3112 1019 3248 tilii
1032 3098 1395 3268 amissi?

341 3282 514 3353 ,postquam
535 3273 665 3334 movisse
690 3293 711 3334 a
735 3271 829 3334 Sarno
844 3272 1001 3335 Romanos
1025 3273 1150 3352 audivit,
1165 3285 1207 3351 et,
1223 3273 1262 3335 ad
1277 3271 1393 3357 Myon-

340 3378 457 3430 ¹nesam
471 3359 589 3441 piratas
600 3369 786 3442 persecutos,
800 3358 945 3422 Teiorum
967 3380 1073 3442 agrum
1097 3359 1397 3442 depopulari,·nares

179 3443 381 3588 pdomfflin
409 3443 575 3507 Geraestico
607 3457 699 3528 portu
731 3459 821 3524 stare,
846 3447 910 3529 ipse
952 3447 1094 3510 adversus
1122 3445 1328 3530 Myonnesum
1361 3445 1392 3506 in

298 3553 322 3586 n·

567 3575 722 3642 ”fastigiatus
733 3577 806 3626 Gran.
818 3577 889 3629 Cres.
995 3587 1007 3612 ¹¹
1018 3579 1060 3628 add
1070 3580 1106 3628 dio
1115 3577 1177 3645 liup.

384 3688 450 3737 mIo
459 3688 544 3754 seigam
558 3691 682 3756 ammon]
699 3691 779 3741 Nares
798 3711 858 3743 suas.
889 3695 964 3742 secuti
983 3694 1045 3743 Vrct.
1066 3694 1145 3752 codici,
1171 3705 1196 3742 et
1221 3695 1261 3742 uni
1282 3709 1297 3742 e
1319 3693 1393 3747 MSS.

350 3753 406 3803 Nisi
416 3755 476 3802 sorte
486 3755 527 3803 hic
537 3755 621 3818 aliquid
632 3769 668 3806 est
676 3757 734 3806 sitii.
890 3759 997 3818 Hermi,
1006 3770 1031 3807 et
1041 3760 1136 3808 editioni
1147 3759 1254 3808 Andreae.

363 3866 366 3876 ,
384 3820 409 3856 ⁸³
422 3819 555 3883 Myonrmrr
566 3855 590 3870 ..
606 3824 664 3870 buter
675 3823 743 3872 Teum
757 3823 857 3872 Samint-
922 3823 945 3858 ὅ
962 3824 994 3871 Eo
1007 3824 1072 3888 sorte
1090 3824 1244 3889 Polpmidos]
1281 3825 1396 3875 unm

351 3901 395 3962 qus
408 3885 455 3998 md
473 3885 608 3936 Accurstius
625 3889 742 3938 videretur
756 3888 862 3952 Dujaria
891 3889 1052 3938 crediderimus
1062 3890 1155 3939 Livium
1170 3892 1292 3955 scripsisse,
1303 3889 1394 3955 Basar-

351 3959 411 3998 snter
451 3966 502 3999 eum
518 3951 678 4016 hisdemque.
717 3955 794 4018 Atque
813 3955 857 4002 hoo
890 3966 910 4004 re
926 3965 1017 4018 renrpors
1034 3954 1184 4019 Polyxenidas.
1227 3956 1311 4022 Neque
1329 3957 1395 4005 enim

352 4017 423 4063 modo
438 4017 567 4084 descriptus
581 4032 615 4067 css
628 4019 686 4067 sirus
701 4021 825 4085 Myonnesi
844 4037 858 4068 ι
889 4038 921 4082 so,
933 4021 955 4067 id
967 4033 1010 4077 est,
1019 4036 1098 4070 versus
1113 4037 1165 4070 caro
1180 4021 1304 4082 regionem,
1315 4025 1338 4072 in
1349 4037 1397 4084 qua

348 4080 506 4196 &aliquam
527 4146 553 4194 io
572 4111 668 4198 altum.
689 4151 857 4216 ‚praoinssnrJ
888 4087 1398 4215 idiieiiimdnlldldiiiioiidieeirmioirmriliffi'i

352 4211 453 4273 longius
466 4213 609 4277 porrigantur
623 4231 702 4264 versus
719 4215 789 4263 sirum
806 4231 857 4263 mr·
890 4217 1047 4281 Myonnesum
1066 4229 1106 4264 sut
1123 4217 1199 4265 Teum
1219 4231 1315 4281 peterse
1348 4217 1399 4264 Sed
1440 4251 1442 4256 .

352 4291 388 4334 re,
402 4294 470 4339 quam
486 4295 537 4341 qus²
554 4279 578 4326 in
593 4281 691 4330 statione
710 4295 765 4330 sunt
782 4297 860 4339 nares,
889 4281 912 4328 in
923 4299 952 4339 es
962 4284 1012 4331 ioca
1027 4283 1079 4331 ideo
1092 4293 1182 4332 rantum
1193 4287 1265 4342 veuit,
1274 4297 1302 4333 ut
1311 4297 1397 4346 sequa·

350 4343 657 4406 muluamprominesnt.
723 4353 725 4360 '
888 4358 927 4396 tur
949 4349 1073 4408 Rommos,
1093 4365 1148 4400 cum
1170 4349 1252 4413 quibus
1273 4351 1398 4412 omilim

349 4419 353 4430 ·
385 4407 593 4469 ⁸⁵Supsrstcntissn
613 4412 714 4475 rupibus]
739 4411 816 4474 Vulgo
833 4415 859 4461 t'n
885 4415 1033 4478 jussuum.
1368 4409 1373 4416 ι

350 4474 450 4534 norom
474 4473 857 4544 Sustulimuspraepositiorrem,ob·
