3068 5186
280 365 341 428 sm
506 419 509 426 ,
705 357 790 421 um
807 335 911 421 mvn

116 519 154 572 tt.
164 517 195 574 c.
205 523 264 574 564.
285 515 474 602 ‘sociosque
488 527 570 595 sunt,
585 516 623 578 iis
634 513 686 599 jus
698 515 829 579 abeundi
840 513 1045 597 manendique
1057 523 1134 576 esto.
1157 509 1271 576 Servos
1281 533 1338 577 seu

116 587 152 642 Δ·
163 587 194 642 ⁰·
206 588 262 642 ¹⁸⁸·
286 601 299 639 ‘
312 602 465 686 fugitivos,
475 604 617 667 seubello
627 615 746 687 captos,
757 625 811 666 seu
825 605 876 686 qui
892 603 969 664 liber
983 613 1091 686 captus
1107 613 1161 664 eut
1176 601 1338 684 transfuga

286 689 300 726 ‘
314 691 383 770 erit,
398 691 519 752 reddito
533 690 681 753 Romanis
696 691 855 772 sociisque.
877 687 1067 772 Elephantos
1082 688 1199 752 trudito
1215 709 1338 767 omnes,

286 777 411 859 ‘neque
427 776 502 839 ulios
517 788 636 859 parato.
667 774 798 840 Tradito
809 789 842 840 et
855 795 946 838 naves
960 777 1068 860 longus
1083 787 1341 856 armamentaque

288 865 434 927 ‘esrumr
451 867 559 927 ³¹neve
573 866 683 948 plures,
698 885 790 950 quum
806 865 913 927 decern
935 869 1027 925 hoves
1049 863 1211 938 actuarias,
1239 860 1340 940 (nulls
1388 883 1392 890 ·

224 959 228 968 “
288 951 459 1036 ‘querum¹
474 951 541 1033 plus
553 971 645 1034 quam
660 951 786 1035 triginta
797 952 887 1014 remis
898 949 1018 1032 agatur)
1031 949 1162 1012 habeto:
1179 969 1258 1010 neve
1269 969 1343 1010 mo-

287 1036 300 1071 ‘
314 1058 418 1099 nerem
434 1058 472 1099 ex
487 1038 559 1100 b'elli
574 1059 690 1118 caussa,
707 1039 867 1122 quodipse
882 1039 1028 1100 inlatums
1044 1037 1111 1098 erit.
1146 1033 1233 1097 Neve
1247 1035 1340 1096 nsvi-

287 1123 389 1206 ‘gato
405 1125 483 1187 citra
496 1123 748 1210 ³²Calycednum,
766 1120 1091 1207 neveSurpedonem,5
1105 1122 1340 1204 promontoria:

288 1209 301 1244 ‘
316 1219 402 1274 extra
412 1231 515 1294 quam,
530 1212 555 1274 si
568 1233 628 1295 qus
646 1214 730 1274 navis
741 1213 911 1296 pecuniam,
926 1209 1124 1292 stipendium,
1138 1218 1192 1271 sut
1202 1209 1337 1290 legatos,

289 1295 302 1332 ‘
316 1308 368 1360 sut
383 1299 503 1361 obsides
515 1300 658 1384 portabit.
680 1293 798 1362 Milites
809 1297 948 1360 mercede
959 1294 1149 1358 conducendi
1159 1316 1198 1356 ex
1210 1295 1247 1356 iis
1256 1315 1334 1377 gen-

289 1383 302 1418 ‘
316 1385 408 1464 tibus,
430 1405 495 1467 quae
517 1387 573 1450 sub
595 1387 709 1448 ditione
726 1385 829 1468 populi
845 1383 976 1445 Romani
992 1393 1073 1460 sunt,
1097 1380 1256 1444 Antiocho
1271 1381 1338 1463 regi

289 1467 363 1553 ‘jus
378 1492 418 1533 ne
432 1483 514 1535 cstot
537 1472 777 1535 nevoluntsrios
792 1469 915 1552 quidem
930 1468 1106 1552 recipiendi.
1138 1467 1341 1530 Rhodiorum
1395 1511 1399 1519 -
1431 1471 1434 1476 '
1468 1501 1470 1540 :

241 1603 246 1612 .
288 1556 303 1592 ‘
316 1558 504 1622 sociorumve
518 1578 583 1641 quae
598 1558 675 1620 aedes
690 1556 875 1638 aedificiaque
890 1557 970 1618 intra
984 1555 1059 1616 fines
1078 1555 1163 1637 regni
1185 1555 1336 1618 Antiochi

288 1643 301 1678 ‘
316 1657 397 1723 sunt,
407 1665 467 1727 quo
473 1644 543 1727 jure
552 1655 622 1706 unte
633 1643 745 1705 bellum
754 1644 885 1722 luemnt,
895 1663 932 1704 eo
942 1641 1131 1704 Rhodiorum
1143 1643 1339 1705 sociorumve

288 1729 416 1794 ‘sunto
460 1729 493 1792 Si
510 1752 574 1812 quse
588 1730 722 1815 pecuniae
737 1730 896 1808 debentur,
917 1749 1021 1792 earum
1037 1730 1158 1792 exactio
1175 1741 1255 1792 esto.
1300 1726 1335 1792 Si

286 1816 300 1850 '‘
314 1819 388 1899 quid
399 1818 533 1881 ablutum
545 1829 602 1895 cst,
617 1817 650 1879 id
659 1817 867 1900 conquirendi,
882 1815 1098 1898 cognoscendi,
1114 1816 1336 1900 repetendique

287 1901 361 1985 ‘jus
376 1904 451 1967 item
467 1913 542 1966 esto.
576 1901 609 1965 si
628 1925 703 1986 quas
718 1906 816 1983 urbes,
831 1925 906 1986 quas
920 1903 1000 1966 trudi
1012 1913 1143 1987 oportet,
1169 1904 1191 1966 ii
1215 1915 1334 1982 tenent,

195 2009 199 2020 ‘
287 1989 300 2024 ‘
316 1991 423 2072 quibus
433 1990 606 2054 Antiochus
621 1990 718 2070 dedit,
731 2002 781 2054 et·
795 2011 835 2053 ex
847 1992 884 2053 iis
899 1990 1039 2073 presidia
1053 1990 1213 2067 deducito3
1230 1991 1335 2072 utique

286 2075 397 2140 ‘reete
417 2077 587 2158 tradantur,
612 2089 727 2140 curato.
763 2077 925 2160 8³Argenti
950 2077 1036 2161 probi
1059 2076 1223 2140 duodecim
1238 2077 1334 2139 millis

285 2184 624 2251 ’pumamdAGromCren
719 2185 897 2249 idsrpedeuium
907 2184 970 2251 Rup.
1066 2183 1166 2233 ¹etdel.
1179 2183 1252 2233 Grcu.
1262 2182 1334 2236 Crer.

318 2265 342 2302 ³¹
360 2269 423 2318 Nsus
446 2267 520 2330 plures
546 2283 611 2330 psum
637 2267 709 2314 deden
728 2282 794 2316 noces
824 2263 1336 2317 noviusl.nt.del’ec.Vet.c.3.uthsne

285 2333 407 2395 munde]
434 2333 481 2381 Hie
497 2333 605 2382 dissentit
620 2332 698 2380 Livius
716 2348 729 2380 s
748 2331 793 2380 Po·
824 2331 986 2380 difficultstem
1003 2331 1079 2391 tollst,
1098 2333 1206 2380 emendst
1221 2349 1254 2382 ex
1266 2331 1335 2398 Poly·

284 2397 356 2462 iybio,
373 2397 411 2461 qui
422 2399 502 2447 decem
517 2414 586 2447 naves
603 2409 727 2447 constratas
740 2397 791 2446 Au·
823 2398 871 2446 bio.
904 2395 1334 2461 ArgmtiprobiAttici(dp7sple'Ar-

285 2463 491 2512 tiochoeoucessss
506 2479 556 2512 esse
567 2463 632 2520 dicit,
649 2462 736 2512 nullam
752 2479 792 2513 ac·
824 2462 881 2512 τικὸ
898 2460 984 2528 &pls-s)
1001 2462 1114 2510 duodecim
1131 2461 1204 2510 millia
1217 2461 1334 2516 teleusin.

286 2529 397 2578 tuerism.
437 2528 567 2578 Gronovius
590 2529 649 2576 Livii
675 2529 743 2577 verbs
765 2529 794 2576 sd
824 2526 950 2575 Talentum
978 2536 1056 2575 sutem
1082 2527 1199 2588 ‹utogiuts
1224 2527 1336 2576 librarum

286 2592 407 2659 Polybisni
425 2605 546 2642 contextus
561 2609 665 2643 normam
682 2593 794 2654 reingere
824 2593 961 2656 ponderibus
984 2591 1105 2650 Romsuis,
1216 2593 1264 2639 ium
1287 2604 1339 2653 est,

285 2658 377 2708 nititur.
421 2659 468 2706 Sed
497 2659 534 2708 bie
562 2659 688 2735 i'olybium
717 2659 795 2724 potius
826 2671 853 2707 ut
885 2667 984 2707 testatur
1004 2656 1079 2706 Verre
1101 2659 1156 2721 apud
1199 2657 1290 2715 linium,
1311 2659 1332 2709 l.
1383 2711 1388 2718 ¹

285 2724 794 2856 {tillim‘itii‘ltl'niit
826 2725 1000 2852 {diffini
1021 2721 1331 2852 immittit
1382 2795 1386 2806 ·

286 2853 414 2908 Monerem
431 2855 549 2916 distinguit
565 2855 641 2904 Livius
658 2872 671 2904 s
686 2870 743 2904 neve
755 2871 793 2904 ac·
826 2865 917 2902 tantum
932 2852 1045 2911 Euboica,
1060 2871 1111 2918 qne
1126 2855 1208 2903 minora
1218 2865 1274 2902 sunt
1283 2853 1331 2906 At·

286 2921 369 2972 tussis.
409 2922 533 2970 Mouerem
551 2921 631 2985 itsque
647 2920 795 2982 intelligimus
825 2920 888 2976 tieis,
907 2920 1052 2982 postulentur
1079 2921 1103 2968 in
1130 2919 1292 2968 conditionibtu
1316 2937 1334 2969 s

286 2988 475 3054 mrem-longam
488 2985 690 3044 minimulum,
704 2998 731 3033 ut
743 2989 795 3050 quse
827 2983 936 3048 Scipione
947 2983 1006 3042 latis,
1024 3001 1093 3050 supre
1103 2985 1120 3034 l.
1131 2998 1235 3034 xxxvn.
1251 3001 1274 3034 c.
1292 2987 1333 3035 45.

287 3067 336 3100 uno
354 3054 433 3101 ordine
449 3067 564 3101 remonrtn
582 3063 676 3114 mstur:
701 3053 741 3100 sed
757 3063 794 3100 ts·
826 3049 850 3096 id
871 3050 963 3112 quidem
984 3051 1068 3099 mirum
1093 3050 1164 3099 vidiri
1185 3065 1233 3097 non
1257 3049 1339 3100 debet.

198 3137 199 3140 ¹
287 3133 344 3168 tuen
364 3118 471 3168 altiorem
491 3130 516 3168 et
534 3119 666 3166 validiorem
684 3119 794 3196 enutris,
826 3114 983 3191 lfrseterqusm
1008 3117 1069 3194 quod
1094 3118 1157 3166 enisu
1178 3114 1270 3163 nullum
1289 3131 1337 3166 nu·
1405 3171 1409 3176 ,

287 3199 345 3298 lit
352 3183 793 3312 mittiulhlitiititit
825 3197 897 3304 lii
913 3181 1336 3313 liittttfftttiiltit

288 3323 346 3363 tunc
366 3314 475 3379 temporis
492 3313 584 3364 habeut.
628 3315 795 3364 conceduntur
826 3312 939 3378 polusque
968 3313 1085 3362 Romnum
1114 3315 1200 3377 aliquid
1222 3314 1335 3361 addebant
1378 3313 1383 3327 ⁹

287 3379 312 3428 si
323 3379 404 3429 decem
415 3381 522 3430 setusriae
532 3395 601 3430 usses
615 3395 697 3446 pacem
712 3380 795 3442 agenti.
827 3379 855 3426 sd
880 3379 943 3440 leges
968 3379 1082 3428 foedentur
1109 3381 1138 3428 ab
1161 3379 1337 3443 imperatoribus

287 3444 315 3492 si
325 3445 410 3493 bellum
421 3446 469 3510 ipse
485 3447 578 3507 inferat,
593 3446 664 3494 nihilo
679 3445 731 3510 plus
752 3462 794 3494 ns·
827 3445 908 3492 dittss.
951 3445 1092 3510 Exemplum
1114 3445 1202 3506 insigne
1221 3445 1292 3492 hebes
1310 3445 1335 3492 in

267 3509 352 3558 'vium
366 3510 451 3560 habere
469 3511 492 3558 ei
509 3508 658 3574 permittitur.
691 3511 717 3559 st
735 3511 796 3560 bello
828 3509 950 3558 Lutatisno
975 3511 1072 3568 ioedere,
1097 3511 1127 3560 de
1155 3527 1202 3573 quo
1229 3509 1335 3573 suprsl.

185 3593 186 3596 ¹
287 3574 420 3639 lacessatur,
448 3574 504 3626 litet
526 3577 549 3624 ei
570 3592 639 3626 nsves
660 3575 738 3638 longas
756 3592 795 3640 pn·
828 3587 884 3624 xlx.
895 3591 962 3651 capp.
974 3579 1013 3626 60.
1025 3589 1050 3624 ct
1060 3577 1100 3625 61.
1124 3578 1239 3626 Ceterum
1249 3575 1334 3624 duode-

287 3642 526 3706 rsre,sedmoueres,
544 3641 796 3691 necdeliniturearum
828 3639 874 3687 cim
895 3641 966 3688 millis
990 3641 1231 3703 talentum,‘quorum
1251 3656 1333 3688 uuum·

288 3721 407 3757 nummus.
441 3707 501 3756 Htec
514 3707 580 3756 uobis
599 3706 698 3755 mexime
732 3709 795 3755 robs-
828 3707 936 3768 quodque
950 3707 1063 3766 octogiuta
1079 3707 1259 3772 pondopendst,
1273 3706 1335 3770 paris

287 3769 344 3822 bilis
368 3772 482 3821 videntur.
516 3775 627 3822 Ceterum
652 3773 692 3835 qui
715 3724 796 3821 ¹iocum
828 3772 975 3819 suntmsrcis
991 3773 1078 3833 ergenti
1099 3773 1216 3820 1500000.
1250 3771 1336 3831 Aliter,

288 3837 352 3888 hunc
370 3839 443 3886 fusius
458 3848 580 3886 trsctstum
597 3838 675 3887 videre
691 3838 797 3898 voluerit,
828 3848 853 3883 et
873 3836 964 3899 quidem
982 3839 1150 3902 perimulae,
1167 3839 1253 3885 nodum
1271 3840 1336 3885 hunc

288 3903 350 3965 legat
367 3904 426 3952 bene
444 3904 536 3964 longum
556 3903 605 3952 Jse.
625 3903 736 3951 Gronovii
752 3904 796 3952 dis-
828 3901 858 3949 de
879 3903 972 3950 tslentis
999 3919 1051 3966 quse
1080 3903 1195 3962 octogints
1224 3903 1341 3951 librarum

289 3970 438 4018 tertationem
457 3969 600 4034 epistolicaru
618 3970 646 4016 sd
662 3969 699 4018 lo.
719 3968 796 4018 Geor·
829 3965 985 4016 Romsmrum
996 3983 1046 4016 esse
1062 3969 1170 4025 debeam,
1185 3967 1255 4016 solvit
1272 3969 1339 4017 Clst.

287 4036 352 4096 glum
364 4037 492 4092 Graevium,
511 4033 724 4084 Toumtivisno.
755 4043 765 4064 ¹
828 4031 963 4090 lnbsrreus,
984 4033 1149 4100 Disputatione
1174 4035 1203 4081 de
1229 4033 1338 4098 ponderi-

321 4101 344 4136 ³¹
357 4100 519 4165 Calycadnum]
542 4098 613 4212 Olirp
625 4099 794 4162 Cclycsndnsm.
828 4097 878 4156 bus,
894 4098 925 4149 T.
937 4111 994 4148 vrrs.
1029 4099 1250 4148 Commentariorum
1266 4101 1340 4160 regie

288 4163 396 4230 Sigonius
407 4166 537 4215 emendavit
547 4181 576 4215 er
613 4163 695 4229 ppiano
712 4165 735 4212 iu
750 4165 796 4231 sy·
828 4162 1005 4229 Inscriptionum
1035 4176 1060 4214 et
1087 4167 1218 4214 littersrum
1246 4165 1339 4213 Acsde·

286 4230 510 4282 riacnsuaboue.
828 4229 889 4277 mise.
922 4229 958 4277 Ex
972 4233 1022 4295 ejus
1032 4243 1112 4280 mente
1121 4230 1235 4280 talentum
1246 4231 1341 4291 rulgsre

321 4296 345 4331 ³³
369 4297 463 4360 Argenti
488 4297 551 4360 prsdi
581 4295 693 4344 duodecim
725 4297 797 4344 millio
827 4307 927 4359 parerat
936 4296 1001 4345 libris
1014 4297 1122 4345 Romsuis
1132 4299 1208 4360 pondo
1218 4299 1258 4347 70.
1291 4297 1339 4344 Sed

287 4361 367 4412 Attio
380 4363 463 4410 ulnus
479 4397 487 4412 .
504 4395 512 4412 .
530 4396 537 4412 .
555 4359 670 4410 Tulestum
687 4364 798 4410 nemisse
829 4360 882 4423 quis
898 4361 1007 4410 Romsnis
1026 4364 1064 4412 hic
1082 4379 1132 4411 mos
1149 4375 1207 4420 erst,
1224 4375 1252 4410 ut
1270 4362 1338 4425 quid·

285 4429 360 4492 pendo
390 4428 501 4489 octoginta
534 4425 637 4474 lionam
665 4428 796 4487 ponmribts
828 4427 880 4488 quid
892 4428 941 4474 suri
957 4429 1090 4492 argentique
1101 4429 1129 4477 sd
1149 4429 1268 4476 officinam
1284 4443 1338 4476 mo-

285 4491 382 4560 psndar]
400 4490 472 4553 Atqui
487 4491 600 4540 talentum
612 4490 717 4539 Atticum
727 4506 795 4539 sers·
826 4505 889 4540 netse
899 4494 999 4542 flandum
1012 4495 1142 4544 feriendum
1159 4493 1289 4550 afferretur.
1308 4509 1338 4541 ex

288 4563 353 4625 gints
369 4557 483 4608 minarum
497 4567 542 4607 est.
572 4555 641 4603 Mine
659 4567 736 4606 sutem
750 4558 795 4606 At·
827 4573 857 4605 eo
868 4571 973 4607 octavam
990 4565 1080 4626 portem
1096 4562 1225 4610 lust-eretur
1240 4559 1337 4623 respub·

288 4630 335 4706 ¹rice
344 4641 387 4694 ptr
397 4633 504 4677 censetur
514 4621 626 4675 Romus
636 4620 708 4674 libre.
735 4621 795 4675 Gru·
826 4622 878 4686 lits,
886 4625 941 4677 ideo
950 4641 998 4678 uon
1008 4627 1071 4681 libris
1082 4627 1121 4681 70.
1137 4627 1199 4692 quod
1209 4624 1337 4694 genuinup

63 573 67 604 l
