3026 5164
381 380 458 442 ΜΒ.
470 379 615 440 ΧΧΧΙΧ.
636 379 717 438 CAP.
733 377 832 438 xxti.
1068 385 1126 445 417

86 532 136 616 qui
158 533 199 596 ad
222 531 313 596 Luna
328 547 451 616 portum
475 533 720 618 C.Calpumium
744 546 902 616 praetorem
926 555 1123 616 consequere·
1139 549 1274 602 memes.

85 630 133 682 tur
139 643 150 698 3
173 619 400 702 nunciaretque‚
423 633 701 704 senatumaequum
724 641 856 700 censere,
880 642 918 684 ne
943 623 1007 684 sine
1026 621 1123 706 impe-
1136 614 1206 666 &⁰-
1219 617 1274 666 ¹⁸⁶·

86 706 132 768 rio
157 707 311 788 provincia
335 719 424 784 essct,
447 720 596 769 maturare
630 729 699 770 cum
725 708 882 790 proficisci.
927 709 1043 780 Quarto
1062 709 1122 790 die,

87 795 138 874 qui
162 793 268 854 missus
289 805 364 872 crat,
394 791 511 858 Lunam
528 796 620 856 venit.
645 796 748 876 paucis
772 806 843 857 ante
864 795 969 858 diebus
994 795 1122 878 Calpur-

86 879 153 942 nius
177 880 328 964 proiectus
354 893 429 942 erat.
474 880 514 942 Et
537 882 568 942 irr
591 881 730 942 citeriore
755 879 905 964 Hispania
928 881 962 944 L.
988 880 1122 945 Manlius

84 965 241 1045 Acidinus,
262 967 313 1048 qui
339 966 447 1030 eodem
471 980 617 1050 tempore,
642 989 701 1049 quo
727 965 765 1029 C.
789 967 921 1046 Atinius,
946 969 978 1030 in
1003 971 1123 1050 provin-

86 1053 165 1114 ciam
192 1054 278 1131 ierat,
306 1073 375 1114 cum
405 1053 563 1116 Celtiberis
593 1054 657 1115 acic
687 1055 832 1116 conflixit.
854 1056 970 1117 incerta
997 1056 1124 1118 victoria

84 1139 250 1202 discessum
274 1151 332 1216 est,
354 1140 410 1202 nisi
426 1141 507 1222 quod
522 1139 665 1204 Celtiberi
681 1153 780 1202 castra
794 1141 865 1203 inde
880 1154 970 1204 nocte
984 1144 1125 1224 proxima

87 1239 264 1288 moverimt:
299 1223 443 1288 Romanis
468 1241 500 1289 et
525 1248 594 1290 suos
624 1226 801 1309 sepeliendi,
824 1241 857 1290 ct
882 1230 980 1311 spolia
1004 1230 1122 1311 legendi

86 1334 125 1374 ex
156 1314 290 1375 hostibus
320 1326 454 1394 potestas
479 1314 563 1376 factu
591 1325 647 1376 est.
711 1313 825 1376 Paucos
854 1328 923 1396 post
954 1316 1028 1393 dies,
1057 1339 1123 1378 ma·

81 1396 152 1480 jore
182 1411 290 1462 coacto
323 1401 487 1478 exercitu⁰‚
518 1400 660 1462 Celtiberi
697 1401 736 1462 ad
765 1399 954 1482 Calagurrim
978 1405 1123 1486 oppidum

85 1485 166 1548 ultro
188 1485 401 1550 lacessiverunt
429 1488 535 1570 proelio
559 1485 723 1549 Romanos.
782 1487 866 1549 Nihil
895 1490 1034 1568 traditur,
1061 1510 1126 1571 quae

84 1595 194 1635 caussa
208 1595 334 1636 numero
359 1586 448 1636 aucto
469 1574 645 1636 infirmiores
668 1596 720 1636 eos
735 1573 851 1636 fecerit.
873 1577 1004 1659 superati
1020 1576 1127 1658 proelio

88 1672 170 1721 sunt.
193 1661 233 1722 ad
258 1660 418 1722 duodecim
443 1661 538 1723 millia
562 1661 717 1722 bominum
743 1682 830 1739 caesa,
847 1661 914 1744 plus
938 1663 999 1724 duo
1014 1675 1126 1745 capta:

89 1759 123 1808 et
149 1747 255 1809 castris
277 1746 430 1809 Romanus
454 1748 580 1829 potitus.
603 1758 645 1823 et,
670 1747 728 1808 nisi
751 1769 905 1810 successor
930 1751 1059 1812 adventu
1075 1771 1130 1811 suo

89 1833 270 1894 inhibuisset
291 1834 427 1916 inpetum
441 1835 574 1912 victoris,
590 1835 705 1896 subacti
722 1833 876 1906 ,Celtiberi
898 1835 1006 1899 forent.
1051 1833 1130 1898 Novi

89 1933 233 2004 praetores
249 1920 339 1982 ambo
355 1921 504 1983 exercitus
516 1922 546 1982 in
563 1920 689 1982 hiberna
703 1919 903 1984 deduxerunt.

132 2005 236 2068 XXll.
280 2005 336 2068 Per
359 2029 411 2069 eos
436 2008 510 2085 dies,
534 2007 641 2088 quibus
666 2007 729 2068 haec
750 2029 789 2068 ex
812 2003 963 2092 Hispania
988 2011 1131 2073 nunciata

87 2105 171 2172 sunt,
209 2093 307 2154 ⁸⁰ludi
332 2090 461 2154 Taurii¹
490 2115 543 2176 per
573 2093 697 2154 biduum
732 2093 805 2155 facti
836 2096 987 2178 religionis
1017 2117 1133 2159 caussa.

92 2179 128 2258 (⁸¹
143 2201 196 2262 per
211 2174 310 2248 ‹liesrl
328 2179 434 2241 decem
459 2179 656 2261 ⁸²adparatos
682 2179 791 2242 deinde
817 2181 904 2244 ludos
929 2181 976 2244 M.
1002 2181 1132 2260 Fulvius,

89 2287 168 2346 quos
193 2280 317 2329 voverat
344 2263 478 2327 AEtolico
513 2266 605 2343 bello,
631 2265 712 2327 fecit.
768 2263 859 2329 lllulti
892 2269 1057 2331 ⁸³artilices
1093 2291 1132 2331 ex

88 2351 209 2415 Graecia
222 2363 389 2414 venerunt²
414 2353 535 2415 honoris
559 2351 623 2434 ejus
644 2373 760 2414 caussa.
802 2353 995 2417 Atldetarum
1015 2376 1134 2440 quoque

89 2451 246 2502 certamen
277 2451 342 2500 tum
369 2440 467 2521 primo
496 2439 641 2502 Romanis
666 2441 841 2521 spectaculo
870 2441 937 2520 fuit,
960 2453 992 2503 ct
1011 2443 1134 2504 venatio

89 2527 167 2588 data
192 2526 312 2588 leonum
339 2537 370 2587 et
393 2527 625 2608 pantherarum3
649 2540 681 2590 et
700 2547 794 2609 prope
820 2526 908 2608 hujus
932 2527 1023 2590 seculi
1044 2529 1134 2611 copia

90 2634 127 2674 ac
154 2613 298 2674 varietate
322 2613 469 2674 ludicrum
494 2613 677 2676 celebratum
703 2627 759 2674 est.
802 2611 1000 2676 Novemdiale
1023 2613 1134 2677 deinde

89 2721 213 2762 sacrum
238 2699 346 2777 tenuit,
365 2700 446 2783 quod
471 2699 501 2762 in
526 2698 638 2762 Piceno
661 2720 715 2781 per
730 2700 862 2762 triduum
877 2700 1028 2783 lapidibus
1048 2702 1133 2784 plue·

89 2800 152 2865 rat,
179 2788 321 2868 ignesque
345 2787 482 2848 coelestes
508 2786 704 2847 multifariam
740 2787 799 2848 orti
821 2787 971 2850 adussisse
994 2788 1132 2870 complu·

91 2874 171 2934 rium
189 2873 245 2934 levi
260 2871 372 2934 adflatu
387 2875 567 2934 vestimenta
581 2873 713 2934 maxime
728 2872 915 2936 dicebantur.
971 2874 1088 2936 Addita
1102 2885 1134 2936 et

91 2981 189 3021 unum
211 2959 496 3042 diem.srrpplicatio
522 2973 569 3021 est
592 2981 630 3020 cx
655 2959 778 3020 decreto
792 2959 979 3042 pontificum,
994 2960 1077 3042 quod
1091 2983 1131 3022 ae·

91 3047 150 3108 des
166 3047 249 3127 ¹Opis
265 3046 296 3106 in
313 3044 466 3129 Capitolio
492 3046 530 3107 dc
554 3047 632 3108 coelo
658 3057 741 3106 tacta
754 3057 829 3107 erat.
845 3047 951 3108 hostiis
967 3046 1129 3128 majoribus

91 3133 234 3195 consules
260 3144 467 3214 procurarunt,
476 3134 501 3170 ⁸⁴
514 3133 674 3212 urbemque
703 3132 912 3194 lustraverunt.
958 3130 1021 3194 Sub
1047 3133 1129 3194 idem

91 3233 215 3301 ternpus
242 3232 273 3280 ct
294 3240 335 3280 ex
350 3215 480 3280 Umbria
503 3219 677 3280 nunciatum
694 3230 751 3295 cst,
766 3219 945 3281 seminarem
968 3217 1129 3281 duodecim

88 3307 188 3368 ferme
214 3326 309 3366 annos
344 3319 448 3366 natum
474 3299 638 3367 iirventum.
661 3304 692 3365 id
716 3304 885 3387 prodigium
910 3305 1120 3368 abominantes

88 3393 190 3454 arceri
236 3391 375 3453 [lornano
409 3413 481 3473 agro
519 3391 680 3472 necarique
719 3391 941 3472 quamprimum
967 3391 1131 3475 jusserunt.

123 3499 137 3524 ¹¹
149 3495 308 3550 mactomajore
317 3493 409 3538 ezer-citu
420 3489 492 3537 Grorr.
505 3491 573 3537 Cres.
703 3489 826 3537 '‘Taurilr'a
835 3490 900 3540 Eaed.
1021 3508 1078 3554 aper
1087 3495 1132 3540 dier

91 3557 190 3604 sublatis
198 3555 363 3612 decimaretur
377 3556 405 3602 ab
416 3557 573 3605 emendatione
581 3554 626 3603 illae
639 3569 704 3603 voces
720 3569 766 3602 non
778 3557 900 3605 venisseut.
909 3555 980 3604 Gran.
989 3555 1057 3608 Cres.
1070 3557 1131 3623 Rup.

89 3631 212 3670 'maereat
234 3621 307 3670 Gran.
319 3624 387 3671 Crev.

124 3703 151 3737 ⁸⁰
168 3701 229 3750 Liuii
248 3701 361 3765 Taua-ilia]
395 3701 500 3760 Hilarii,
518 3704 598 3765 quiet
631 3701 714 3760 Fulvii,
733 3701 862 3765 dequibus
883 3719 937 3752 mox
955 3705 1056 3754 dicturas
1076 3715 1130 3765 este

95 3766 179 3816 Taurii
197 3768 312 3824 dicuntur,
330 3769 443 3830 quomodo
454 3769 490 3817 lrlc
508 3783 598 3830 quoque
631 3768 772 3830 quiquidem
789 3768 831 3816 etsi
850 3769 963 3830 religionis
979 3787 1069 3834 quoque
1088 3787 1130 3818 no·

92 3834 200 3880 Andreas
213 3833 318 3890 habenae
329 3835 400 3881 duce
417 3835 485 3881 MSS.
495 3833 599 3892 Herculi,
631 3835 702 3888 mine,
719 3845 797 3881 temen
814 3833 974 3896 multomagis
995 3852 1082 3900 pompae
1106 3846 1131 3886 et

91 3899 194 3946 macari
204 3911 358 3946 memorantur
368 3915 380 3944 a
391 3897 458 3945 Festo
467 3901 509 3947 diis
520 3897 601 3959 Inferis
632 3899 791 3948 oblectationis
802 3915 867 3947 causa
878 3901 1010 3950 edebantur.

91 3979 119 4009 ex
137 3963 179 4008 lure
195 3979 267 4010 causa.
309 3963 427 4028 Tarquinio
443 3963 536 4024 Superbo
550 3979 600 4026 reg·
663 3964 685 3996 ⁸¹
700 3961 745 4010 Per
759 3965 804 4012 diet
819 3966 900 4026 decern]
920 3967 1014 4031 AdJecit
1025 3964 1132 4029 Sigonius

91 4034 174 4084 amate,
184 4044 251 4088 quum
265 4045 345 4091 magna
361 4029 468 4074 incidisset
480 4029 602 4088 pestilentia
633 4025 665 4075 ed
674 4045 712 4086 per
718 4031 763 4076 dies
773 4044 801 4076 ex
812 4030 922 4091 probabili
933 4032 1071 4096 conjectura.

92 4094 120 4138 r'ae
131 4091 232 4138 mulieres
242 4096 356 4154 gramdas.
367 4093 516 4153 earumsoetua
524 4091 599 4153 infecti
662 4094 685 4126 θ’
697 4091 828 4154 Apparatus.
836 4128 842 4141 .
850 4094 920 4156 ludos]
934 4097 1013 4158 Ludos
1023 4110 1131 4162 apparate

92 4163 152 4202 ruat
160 4171 185 4202 ea
195 4171 260 4202 earne
276 4158 385 4204 diemalitu
395 4159 473 4218 poprdv
486 4167 600 4204 tatarorum
631 4157 795 4219 magnificeque
802 4157 882 4214 news,
889 4173 913 4207 ut
931 4161 1033 4226 loquitur
1044 4163 1133 4220 Livius,

94 4220 263 4269 irnrrohtomm.
297 4221 431 4268 Obiaeludi
442 4221 519 4268 Taurii
527 4223 599 4282 appet-
631 4223 768 4271 axanae.
780 4225 805 4270 4.

93 4287 209 4342 latitant,
221 4293 241 4332 et
251 4284 316 4347 fiunt
330 4289 354 4333 in
367 4286 429 4333 Circe
446 4284 600 4344 Flaminiana
663 4287 684 4319 θ’
694 4287 802 4352 Artifices]
822 4287 932 4337 wana.
948 4293 971 4340 2.
989 4293 1017 4340 ad
1036 4291 1053 4341 l.
1065 4303 1090 4340 v.
1107 4307 1131 4341 c.

93 4351 159 4396 brtro
168 4365 240 4397 muros
250 4349 498 4412 aucerrturdillrfferi.
531 4348 600 4398 Addit
636 4354 738 4414 haupts.

91 4425 175 4461 autem
195 4413 274 4463 Livius
292 4417 401 4478 religionis
418 4431 493 4470 causa,
510 4427 536 4462 ut
555 4415 601 4462 dis·
663 4417 685 4448 Β*
704 4415 825 4480 Urlerupue
844 4419 1002 4482 lustraverunt]
1015 4421 1128 4473 viana.

91 4481 187 4538 tinguat
206 4481 291 4526 horum
307 4480 411 4527 ludorum
423 4481 540 4527 solennem
554 4493 600 4527 etr·
632 4480 682 4529 adl.
695 4493 761 4530 nit·
776 4498 796 4531 c.
807 4485 846 4535 20.
856 4483 924 4534 intra.

92 4557 192 4606 tamque
210 4546 343 4605 religionem
361 4562 373 4594 a
390 4546 451 4595 ludis
465 4545 546 4594 votivis
563 4547 599 4595 M.

143 4631 221 4677 VOL.
238 4631 288 4676 lll.
671 4633 726 4677 Ee
