3080 5196
412 397 492 460 utu.
504 387 634 460 XXXV}
654 397 735 458 CAP.
747 397 788 458 X.
1061 405 1123 466 197

83 547 136 608 bus
152 549 258 630 gestis,
284 563 317 614 et
335 549 369 614 lu
380 551 539 622 Quinctius
555 551 752 654 llaminipus,
779 550 830 633 qui
853 549 942 613 classi
965 551 997 613 in
1013 549 1130 616 Graecia
1142 554 1175 604 υ·
1186 555 1215 608 C·
1225 557 1282 608 ⁸3⁹·
1317 565 1323 572 '

84 633 252 716 praefuerat,
268 650 300 700 et
314 635 371 700 Cn.
386 637 522 700 Manlius
537 636 643 702 Vulso.
664 639 696 700 hr
712 639 843 722 patricii.
887 635 1001 699 Plebeii
1024 645 1127 704 autem
1140 620 1213 674 Μ·
1226 623 1281 674 ¹⁹³·
1318 656 1322 667 ¹

82 717 117 780 C.
131 717 250 800 laelius,
280 721 337 785 Cn.
356 723 520 804 Domitius,
550 723 589 786 C.
603 723 706 786 Livius
722 721 888 803 Salinator,
919 722 977 784 Μ’.
999 723 1127 792 Acilius.

80 804 132 867 aed
148 809 284 870 omniurn
299 811 378 871 oculi
395 811 426 873 iu
437 811 615 882 Quinctium
632 809 869 890 Corneliumque
885 809 1027 892 conjedti.
1053 831 1126 876 naut
1151 826 1154 840 '

81 901 112 951 et
136 891 167 952 in
193 911 287 956 unum
310 896 409 958 locum
433 897 582 980 petebant
609 897 701 958 ambo
724 896 855 979 patricii,
880 908 913 957 et
927 896 969 956 rei
986 895 1125 959 militaris

80 975 176 1058 glorie
197 998 303 1042 recens
324 993 485 1063 utrumque
508 983 757 1045 commendabat.
803 979 946 1042 Ceterum
961 992 1032 1044 ante
1055 1003 1123 1045 om·

80 1062 130 1125 uia
143 1079 297 1128 certamen
313 1069 523 1148 accendebant
547 1067 655 1132 iratres
676 1067 918 1144 candidatorum,
944 1066 1005 1129 duo
1020 1067 1124 1130 claris·
1153 1091 1156 1101 ·

80 1149 145 1209 simi
168 1153 266 1214 aetatis
288 1173 349 1216 suae
364 1153 573 1236 imperatores.
588 1153 687 1236 major
701 1153 800 1234 gloria
822 1153 854 1214 in
870 1151 1034 1235 Scipione:
1047 1163 1060 1192 ⁰
1084 1164 1126 1232 et,

79 1254 138 1316 quo
160 1235 270 1318 major,
297 1259 335 1300 eo
360 1243 387 1286 ¹⁷
400 1241 522 1322 propior
543 1239 711 1303 invidiam..
742 1237 877 1309 Quinctii
902 1239 1065 1317 recentior,
1090 1249 1126 1301 ut

79 1321 127 1400 qui
143 1342 183 1383 eo
197 1343 281 1386 anno
296 1325 523 1408 triumphasset.
567 1326 752 1403 Accedebat,
776 1325 858 1405 quod
879 1325 957 1386 alter
971 1325 1125 1386 decimum

74 1403 140 1486 jam
150 1429 246 1490 prope
258 1431 371 1472 annum
388 1410 522 1472 assiduus
538 1411 569 1472 in
591 1412 686 1473 oculis
702 1411 860 1481 homiuum
875 1408 994 1486 luerat3
1018 1411 1046 1449 '⁸
1059 1429 1125 1491 que
1154 1423 1158 1431 ’

76 1512 123 1552 res
150 1494 253 1555 minus
278 1496 426 1558 verendos
450 1515 576 1578 mugnus
603 1497 740 1558 homines
764 1497 832 1578 ipsa
857 1496 999 1557 satietate
1026 1494 1123 1556 facite

78 1579 184 1640 consul
200 1579 311 1642 iterum
328 1593 398 1662 post
420 1581 571 1642 devictum
587 1577 804 1660 Hannibalem,
826 1600 990 1664 censorque
1013 1580 1123 1642 lueret.

77 1661 113 1724 ln
128 1663 276 1734 Quinctio
291 1669 319 1706 ¹⁰
329 1685 407 1728 nove
421 1677 452 1728 et
466 1666 600 1730 recentis
609 1668 714 1729 omnia
734 1667 775 1729 ad
790 1667 919 1750 gratiam
936 1677 1045 1729 erant:
1074 1665 1121 1727 ni-

78 1749 121 1810 hil
136 1770 191 1811 nec
207 1753 339 1834 petierat
355 1773 373 1813 a
387 1753 501 1836 populo
516 1764 586 1834 post
600 1753 799 1837 triumphurn,
811 1773 867 1815 nec
888 1753 1016 1836 adeptus
1032 1761 1119 1814 erat:
1155 1769 1158 1776 ’

79 1835 90 1868 ‘
103 1857 158 1919 pro
172 1836 263 1899 fratre
275 1859 431 1920 germano,
444 1859 504 1900 non
517 1839 666 1920 patruele,
677 1859 710 1900 se
722 1837 833 1921 petere'
849 1839 970 1900 aiebat:
986 1839 1064 1920 ‘pro
1075 1837 1121 1899 le·
1157 1849 1160 1856 '

77 1920 89 1953 ‘
102 1932 177 2002 gato
188 1935 220 1984 et
235 1927 263 1962 ³⁰
275 1926 422 2008 participe
432 1923 637 1986 administrati
647 1924 729 1985 belli.
741 1943 775 1984 se
787 1934 877 2001 terra,
893 1923 1017 1984 fratrem
1034 1925 1121 2001 mari,

80 2005 168 2068 ‘rem
183 2009 334 2089 gessisse!
367 2006 428 2072 His
439 2011 581 2089 obtinuit,
592 2022 628 2072 ut
643 2009 833 2093 praelerretur
843 2007 1020 2086 candidato,
1031 2029 1123 2090 quern
1135 2004 1289 2088 sorbentes

78 2089 241 2156 Africanus
268 2095 362 2159 irater
389 2097 563 2174 ducebat31’
589 2115 679 2177 quem
704 2094 847 2157 Cornelia
867 2114 953 2176 gens,
979 2090 1149 2157 Comelio⁸

79 2180 200 2242 consule
216 2182 342 2244 comitia
362 2183 495 2243 habente
507 2205 517 2260 3
544 2185 569 2220 ⁸¹
583 2201 673 2262 quem
701 2191 821 2243 tantum
844 2179 1052 2264 prejudicium
1076 2201 1124 2243 se-

78 2277 178 2344 natus,
206 2267 305 2328 virum
330 2288 347 2329 e
373 2269 508 2329 civitate·
531 2269 682 2350 optimum
702 2265 884 2348 judicatum,
915 2267 965 2347 qui
995 2277 1124 2330 matrem
1159 2285 1166 2303 ’

79 2347 191 2414 ldoeam
209 2350 388 2414 Pessinunte
402 2353 573 2414 venientem
589 2353 621 2414 iu
644 2353 750 2414 urbem
760 2353 920 2436 acciperet.
963 2349 999 2414 1..
1011 2351 1127 2422 Quine-

80 2436 139 2498 tius
167 2449 201 2499 et
217 2436 275 2498 Cn.
286 2437 442 2500 Domitius
464 2438 685 2500 Ahenobarbus
711 2437 851 2499 eonsules
876 2437 958 2500 faeti.
986 2439 1063 2500 adeo
1087 2459 1127 2502 ne

80 2521 110 2582 in
134 2522 261 2604 plebeio
291 2525 414 2605 quidem
438 2525 572 2602 consule,
600 2543 692 2606 quum
719 2544 775 2608 pro
801 2521 837 2586 C.
852 2521 947 2586 letio
970 2525 1127 2604 niteretur,

79 2607 243 2670 Africanus
256 2609 360 2672 valuit.
406 2610 530 2674 Postero
553 2610 603 2672 die
625 2622 769 2692 pretores
792 2611 887 2671 creati
903 2607 939 2671 1..
950 2606 1127 2672 Scribonius

83 2689 170 2772 Libo,
196 2691 243 2755 M.
259 2693 378 2757 llrlvius
393 2695 602 2774 Centumalus,
624 2695 663 2758 A.
685 2695 798 2771 Atilius
818 2693 975 2774 Serranus,
1002 2693 1127 2760 M.Boe·

82 2779 146 2841 bius
169 2777 365 2864 Tamphilus,
394 2780 429 2843 1..
455 2780 594 2844 Valerius
619 2779 765 2865 Tappo,‘¹
794 2781 834 2853 Q.
858 2779 1000 2843 Salonius
1024 2778 1126 2845 Surru.

81 2863 225 2928 AEdilitas
251 2867 378 2949 insignis
402 2888 439 2930 eo
455 2887 535 2930 anno
559 2867 616 2928 luit
631 2865 680 2927 M.
695 2865 815 2928 AEmilii
832 2865 940 2950 Lepidi
967 2879 999 2928 et
1014 2865 1049 2928 la.
1066 2865 1126 2930 AE·

81 2951 154 3012 milii
171 2951 280 3015 Paulli.
324 2952 443 3016 Multos
466 2954 626 3036 pecuarios
652 2953 857 3014 damnarunt:
884 2973 924 3014 ex
946 2973 983 3013 ea
996 2953 1128 3034 pecunia

80 3115 641 3181 offl.,.„„‚„,‚.mureom.cm.
684 3115 899 3166 tumba
941 3113 1127 3178 *Tenum

110 3281 133 3318 ⁹⁷
150 3279 249 3342 Propior
273 3278 372 3340 incidie]
409 3277 496 3339 Sigonii
522 3278 590 3335 liber,
617 3277 845 3340 eulrtueenmrrque
861 3287 1008 3326 remunerere
1021 3277 1127 3324 rideren-

79 3355 101 3392 et
119 3361 183 3394 unua
202 3360 216 3390 e
235 3343 386 3390 Gronorisuis
403 3343 514 3391 exhibent
529 3345 587 3390 inui-
619 3353 666 3398 tur,
675 3354 714 3390 aut
730 3343 835 3400 muntia,
852 3351 932 3404 utpote
947 3340 1066 3407 ,decimum
1079 3343 1127 3402 laur

80 3409 145 3458 diem.
181 3408 215 3456 Et
225 3407 330 3454 alludunt
346 3407 446 3470 plurimi,
463 3409 588 3469 interquot
620 3417 705 3454 annum
717 3405 832 3452 habentis

80 3471 499 3534 Victorinm,prreferuutqueinuidia.
528 3473 589 3520 Seue
651 3471 676 3506 ³⁰
693 3469 805 3530 Par-ticipe
819 3469 989 3518 administrandi
999 3465 1060 3534 tert]
1080 3467 1128 3518 Hie

82 3537 589 3599 eesmrnquiuerus.1.r.e.25.pnpe
620 3536 690 3598 uulgo
708 3534 792 3595 legitur
808 3535 963 3582 administrati.
996 3533 1043 3582 Sed
1058 3543 1127 3596 pute·

17 3661 22 3668 ¹
83 3603 307 3715 meeijilreret.
340 3601 371 3649 Et
389 3601 589 3726 ibidiemmroe
620 3597 1127 3712 urusSigppiumquctorepriilliusffigohup:

158 3703 164 3716 .
209 3677 220 3715 t
248 3677 365 3717 ‚xxvrru
387 3682 409 3716 c.
439 3671 462 3715 5.
563 3680 588 3712 us
636 3683 687 3712 uam
709 3679 886 3720 ermruavrmur,
937 3679 980 3711 nna

82 3733 225 3782 ...hortm
617 3683 676 3778 libro
686 3743 736 3786 ruo,
752 3730 849 3777 editores
864 3729 964 3788 sigonio.
996 3726 1066 3781 Quod
1083 3727 1126 3775 de·

110 3795 134 3829 ²⁸
150 3795 205 3850 Quae
231 3811 266 3844 rer
287 3796 360 3842 minru
382 3795 484 3844 serendos
500 3809 588 3858 ungerer
618 3797 694 3844 dimus
704 3794 855 3859 preferebant
870 3792 924 3841 editi
934 3803 987 3840 aute
999 3793 1126 3852 Sigonium,

82 3858 184 3924 lenire]
204 3861 314 3924 Adjicere
330 3861 404 3924 potuit
421 3859 506 3920 usin,
525 3861 586 3920 quod
618 3873 728 3910 eerervar
739 3857 892 3908 vicecodex.
919 3855 1125 3921 Atquehocuobis

83 3921 188 3971 llelerius
198 3925 264 3974 Max.
284 3935 391 3984 testatur,
406 3923 423 3972 l.
437 3935 465 3973 rt.
482 3939 504 3972 e.
515 3924 538 3970 l.
557 3939 586 3971 eo
618 3923 744 3985 elegantius
754 3923 852 3972 ridetur.

85 3987 207 4038 elimatum
228 4006 280 4039 erre
299 4005 312 4036 a
329 3991 435 4052 Scipione
454 3985 513 4048 vulgi
532 3989 585 4035 ant-v
648 3991 671 4055 ¹¹¹
687 3989 757 4043 Quem
767 3997 854 4036 tanturn
868 3987 1023 4050 prejudicium
1031 3991 1126 4041 naeus,

84 4065 155 4112 mum,
177 4057 236 4118 quod
257 4066 338 4104 auctor
355 4056 434 4102 luisset
452 4052 587 4100 secernendi
617 4053 700 4116 cirum]
731 4050 810 4106 Quem
838 4051 1012 4101 commendebat
1032 4060 1124 4096 tanturn

83 4117 131 4165 loos
148 4121 262 4170 senatoris
283 4121 392 4184 spopulo
410 4119 434 4166 in
450 4117 586 4180 ludisepec-
617 4119 880 4183 praejudiciururenetus,
887 4114 1123 4178 quodnempeebem·

85 4183 161 4232 unua.
192 4185 246 4233 Vrd.
256 4201 323 4248 supro
331 4185 448 4232 lxxxiv,
459 4197 480 4230 e.
492 4185 531 4230 hl.
617 4183 718 4248 piissimo
736 4182 815 4231 ordine
836 4181 951 4246 judicetur
971 4191 1031 4227 esset
1052 4177 1086 4224 rir
1107 4193 1122 4226 e

114 4249 135 4283 ¹⁹
150 4248 166 4277 ⁹
178 4246 386 4308 Nerustreeentio]
408 4243 585 4308 Nomine-ers,
617 4248 829 4312 civitateoptimus.
863 4245 964 4294 Unicum
977 4244 1071 4292 verbum
1082 4243 1121 4292 de·

83 4311 143 4360 nulle
154 4317 271 4375 mercede,
290 4329 342 4377 quae
358 4308 392 4359 illl
403 4311 503 4358 exsoluta
515 4321 586 4373 erret,
617 4313 707 4361 daudet
724 4311 748 4358 'n
768 4311 844 4359 omnia
860 4311 930 4374 hujru
946 4309 1029 4374 periodi
1046 4323 1119 4356 mem-

84 4379 212 4436 predorsts.
244 4378 357 4433 Bersera,
375 4389 468 4438 nupera.
496 4375 584 4423 Contra
615 4379 676 4425 brer
732 4391 770 4424 ere
781 4376 1120 4434 Liviovirusrest,ermoree
1148 4371 1157 4386 ⁸

85 4439 221 4506 inseiplorre
238 4442 319 4490 merite
338 4453 383 4488 nun
398 4443 448 4503 lem
467 4450 584 4487 mutent
614 4442 682 4494 nobie
694 4441 887 4492 notatoadhtrr.
898 4455 919 4491 c.
930 4440 969 4491 67.

85 4519 136 4558 aare
150 4509 179 4558 ed
193 4509 300 4575 gratim
321 4521 392 4573 quum
407 4504 509 4557 secunde
526 4519 585 4567 cerr·
690 4519 695 4530 ¹
