3026 5164
366 419 425 472 rso
621 415 623 418 ·
781 381 986 470 mmmm

206 553 347 644 ⁰45⁰&
368 574 489 635 s'en'atus
510 569 685 646 censuisset,
709 565 729 628 ii
749 590 803 652 pro
826 567 963 630 hostibus
988 567 1220 645 trucidarentur,
1244 563 1406 640 abnuebat,

206 625 236 674 η’
247 625 276 674 L'
291 617 344 680 Μ’
368 658 379 690 ‘
394 656 558 742 quidquam
569 675 671 716 eorum
682 655 720 715 ad
733 675 775 732 sc,
786 664 838 716 aut
847 677 1028 738 quemquam
1041 675 1161 716 snorum
1174 655 1339 736 pertinere.
1353 647 1405 712 Se-

369 743 379 778 ‘
394 745 510 807 'ditione
522 743 600 802 inter
613 741 693 823 ipsos
706 734 893 820 dimicatum,
904 760 996 824 quum
1008 743 1057 802 alii
1071 742 1109 803 ad
1121 763 1164 820 ee,
1176 739 1228 802 alil
1242 739 1282 801 ad
1295 737 1406 799 Eume·

368 827 378 864 l
394 829 792 892 nemcivitatemtraherent.
801 829 831 888 id
839 827 1060 891 facilescituros
1068 837 1160 890 esse⁸.
1170 835 1407 912 percunctaren-

368 917 379 951 ‘
393 928 442 980 tur
453 918 534 1000 ipsos
548 908 742 976 Maronitas?
759 915 839 974 haud
852 915 969 993 dubius,
982 915 1125 998 perculsis
1137 907 1282 976 omnibus·
1295 923 1406 973 terrore

368 1019 431 1066 tam
453 1005 580 1078 recentis
605 1001 704 1080 credis,
729 1002 879 1062 neminem
903 1001 1019 1062 hiscere
1035 1003 1175 1062 adversus
1197 1021 1231 1062 se
1256 1010 1409 1060 ausurum.

367 1090 488 1172 Negare
503 1087 632 1172 Appius,
644 1091 653 1120 ‘
664 1087 740 1149 llem
753 1084 921 1168 evidentem
939 1109 993 1170 pro
1006 1088 1097 1150 dubia
1108 1085 1316 1170 quaerendam.
1331 1085 1357 1144 si
1374 1081 1410 1142 ab

368 1173 426 1240 ‘se
441 1179 562 1260 culpam
577 1197 728 1237 removere
750 1171 850 1262 vellet,
870 1175 1072 1236 Onomastum
1088 1183 1118 1235 et
1133 1173 1340 1248 Casandrum,
1360 1186 1412 1251 per

369 1265 379 1336 ,‘
394 1287 469 1348 quos
480 1277 550 1326 acta
561 1285 607 1325 res
620 1263 779 1338 diceretur,
793 1263 926 1324 mitteret
940 1261 1079 1340 Romam,
1094 1269 1128 1322 ut
1140 1282 1190 1323 eos
1203 1269 1331 1321 senatus
1343 1277 1412 1340 per-

368 1351 530 1414 ‘cunctari
545 1349 669 1434 posset!
704 1347 804 1410 Primo
819 1349 897 1410 adeo
914 1347 1097 1432 perturbavit
1111 1365 1148 1408 ea
1162 1369 1221 1410 vox
1238 1365 1358 1427 regem,
1378 1355 1412 1403 ut

368 1462 429 1502 non
440 1419 702 1516 eolor,uonvultus
714 1437 740 1496 ci
752 1448 914 1498 constaret.
922 1435 1042 1512 deinde,
1052 1435 1192 1496 conlecto
1203 1434 1334 1494 tandem
1347 1430 1412 1492 ani-

331 1521 339 1537 '
367 1530 429 1604 ino,
446 1527 455 1558 ‘
471 1523 669 1602 Gesandrum,
692 1523 743 1603 qui
763 1519 915 1584 Maronea
938 1521 1053 1602 fuisset,
1069 1521 1093 1581 si
1110 1522 1214 1604 utique
1237 1521 1364 1594 vellent,
1380 1539 1410 1578 se

368 1613 379 1644 ‘
394 1610 563 1674 rnissu'rnm’
576 1605 663 1673 dixit.
686 1608 964 1670 ‘AdOnom'astnm
975 1604 1175 1692 quidemquid
1186 1619 1255 1668 eatn
1270 1625 1409 1688 temper·

367 1700 378 1731 ‘
394 1699 500 1778 tiner'e,
511 1700 561 1778 qui
573 1717 634 1759 non
645 1693 736 1756 modo
745 1694 909 1774 Maroneae,
922 1694 975 1757 sed
986 1717 1023 1756 ne
1035 1696 1067 1755 in
1077 1696 1199 1776 regione
1205 1693 1332 1776 quidem
1340 1710 1409 1775 pro-

367 1779 621 1870 ‘pinquosuisset
632 1781 655 1844 ?'
689 1781 729 1843 Et
741 1783 886 1863 parcellat
901 1783 997 1864 magis
1019 1781 1198 1858 Onomante,
1216 1779 1409 1842 honoratiori

367 1871 477 1948 amico,
493 1877 524 1931 et
539 1871 678 1931 errmdem
691 1867 820 1930 indicem
833 1869 914 1932 haud
926 1869 1027 1951 paulin
1038 1867 1105 1950 plus
1120 1865 1249 1929 timebat
1258 1889 1269 1945 3
1293 1867 1366 1954 quia
1381 1879 1412 1926 et

367 1955 433 2040 ipse
448 1979 617 2019 sermonem
633 1975 702 2016 cnm
715 1977 751 2036 eo
768 1955 949 2034 contulerat,
961 1962 993 2016 'et
1008 1955 1169 2016 multorum
1181 1953 1292 2016 talium
1303 1954 1408 2016 minis-

354 2045 496 2127 'trumet
515 2044 669 2105 conscium
696 2024 838 2104 habebat.
881 2041 1034 2104 Casander
1061 2059 1189 2126 quoque,
1216 2041 1330 2120 inissis,
1357 2041 1406 2122 qni

367 2151 421 2214 per
436 2129 560 2212 Epirum
582 2131 620 2191 ad
647 2148 729 2190 mare
752 2143 1002 2212 prosequerentur
1029 2137 1108 2208 enm,
1130 2143 1167 2190 ne
1183 2147 1245 2212 qua
1261 2125 1405 2191 indicium

368 2229 535 2293 emanaret,
552 2219 578 2256 ⁸⁰
590 2237 706 2278 veneno
723 2215 853 2277 creditur
868 2215 1013 2278 sublatus.

409 2301 540 2366 XXXV.
577 2301 617 2366 Et
654 2303 745 2383 legati
782 2324 801 2363 a
819 2375 821 2384 Ι
837 2295 966 2386 Philippi
1004 2303 1165 2384 conloquio
1203 2301 1247 2366 lta
1280 2303 1406 2386 digressi

204 2389 320 2468 Philippoi
367 2390 447 2469 sunt,
463 2403 498 2455 ut
513 2391 574 2473 prae
588 2412 620 2451 se
636 2389 757 2468 ferrent,
782 2389 856 2450 nihil
881 2388 984 2453 eorum
1002 2389 1058 2450 sibi
1074 2390 1212 2471 placere:
1244 2406 1277 2454 et
1293 2391 1406 2476 Philip-

204 2459 433 2570 g‘ffiffpns,
457 2478 591 2554 minime,
618 2477 689 2557 quin
716 2474 920 2550 rebellandum
945 2489 1035 2556 esset,
1062 2477 1179 2557 dubius,
1198 2471 1278 2559 'quia
1303 2493 1405 2541 tamen

205 2558 285 2636 m'rmt,
354 2561 525 2644 ¹inmaturae
539 2563 578 2624 ad
593 2564 626 2624 id
640 2563 715 2624 vires
742 2575 837 2641 erant,
863 2565 901 2626 ad
926 2585 1041 2626 moram
1066 2563 1315 2646 interponendam
1340 2565 1405 2629 De·

368 2649 518 2729 mettium,
548 2649 695 2710 minorem
718 2645 823 2728 filium,
850 2651 969 2712 mittere
992 2649 1135 2728 Romam,
1163 2651 1247 2714 simul
1274 2653 1313 2715 ad
1328 2669 1403 2736 pur·

353 2733 469 2816 'ganda
484 2737 620 2814 crimina,
635 2734 723 2796 simul
740 2737 779 2796 ad
796 2737 1015 2818 deprecandam
1031 2739 1108 2799 iram
1124 2749 1249 2816 senatus,
1268 2741 1398 2802 statuit:

368 2815 439 2886 salis
455 2822 591 2900 credens,
607 2821 705 2903 ipsum
721 2823 813 2884 etiarn
825 2821 977 2904 juvenem,
994 2823 1076 2905 quod
1092 2821 1195 2885 Roma
1217 2825 1300 2888 obses
1325 2849 1399 2910 spe-

367 2909 467 2970 cimen
494 2909 581 2990 regiae
609 2907 716 2970 indolis
747 2909 892 2987 dedisset,
923 2911 1036 2993 aliquid
1064 2911 1210 2972 momenti
1237 2905 1402 2976 laetarum.

367 2993 492 3058 lnten'm
516 2995 722 3077 perapeciem
746 2997 848 3058 auxilii
879 2995 1034 3080 Byzantiis
1057 2997 1184 3074 ferendi,
1211 3019 1242 3059 re
1256 2999 1339 3080 'ipsa
1364 3001 1403 3062 ad

366 3095 511 3145 terrorem
530 3081 639 3164 regulis
659 3079 811 3146 Thracum
838 3081 1046 3164 injiciendum,
1073 3081 1235 3166 profectus,
1260 3087 1405 3167 perculsis

367 3167 403 3240 iis
419 3189 479 3231 uno
494 3167 611 3251 proelio,
626 3180 658 3229 et
672 3167 922 3232 Amadocoducc
936 3183 1037 3254 capto,
1062 3169 1093 3231 in
1114 3167 1332 3233 Macedoniam
1357 3195 1405 3235 re·

367 3255 434 3332 din,
450 3255 548 3316 missis
564 3255 603 3316 ad
619 3255 739 3316 adcolas
757 3254 823 3317 lstri
840 3257 968 3318 fluminis
996 3257 1150 3333 barbaroS,
1177 3271 1212 3319 ut
1232 3259 1264 3319 in
1281 3257 1403 3322 ltaliam

366 3339 580 3426 inrumperent,
611 3340 826 3404 sollicitandos.
870 3342 911 3404 Et
939 3344 970 3404 in
1007 3341 1217 3425 Peloponneso
1259 3345 1405 3408 adventus
1507 3403 1508 3424 ,

367 3423 575 3492 Romanorum
590 3428 769 3509 legatorum,
785 3430 835 3511 qui
860 3451 897 3490 cx
922 3427 1109 3491 Macedonia
1129 3431 1159 3492 in
1186 3432 1337 3496 Achaiam
1362 3433 1406 3494 ire
1506 3427 1508 3444 ’

362 3513 440 3596 jussi
469 3526 565 3593 erant,
606 3518 835 3596 espectabatur:
883 3515 1023 3577 adversus
1058 3536 1132 3596 eluas
1163 3529 1197 3579 ut
1236 3529 1406 3602 praeparata

367 3601 494 3663 consilia
510 3601 666 3680 haberent,
691 3600 834 3686 Lycortas
850 3613 957 3684 prator
972 3601 1133 3664 concilium
1148 3602 1269 3666 indixit
1304 3602 1348 3667 lbi
1366 3605 1404 3667 de

202 3682 347 3798 fiffiffls
368 3686 604 3751 Lacedaemoniis
620 3701 731 3750 aemm.
775 3691 785 3721 ‘
801 3687 847 3750 Ex
863 3689 999 3751 hostibus
1015 3705 1066 3750 ens
1083 3694 1272 3752 accusatores
1287 3691 1404 3754 factos:

343 3783 349 3799 ¹
368 3775 379 3808 ί

368 3863 379 3896 ‘
394 3873 439 3924 tes
450 3862 587 3924 fuissent.
599 3862 831 3946 quippeinbello
844 3863 933 3924 sociis
939 3862 1309 3927 RomanisAchreosusoe:
1323 3885 1406 3926 nunc

368 3949 379 3982 ‘
393 3949 515 4012 eosdem
522 3935 675 4010 Romanos
684 3949 827 4030 aequiores
836 3945 1082 4027 lacedaemoniis,
1088 3949 1407 4030 quamAchacis,csse:

368 4035 379 4068 ‘
393 4035 443 4096 ubi
458 4034 587 4096 ⁸1Areus
599 4036 691 4097 etiam
704 4047 735 4097 et
749 4035 933 4113 Alcibiades,
946 4037 1035 4098 ambo
1050 4037 1178 4114 exsules,
1189 4057 1244 4098 suo
1256 4038 1410 4115 beneficio

368 4121 379 4153 ‘
393 4123 536 4202 restituti,
548 4122 730 4204 legationem
741 4122 872 4185 Romam
879 4122 1017 4186 adversus
1028 4135 1153 4205 gentem
1168 4123 1349 4187 Achaeorum
1363 4126 1410 4187 ita

721 4254 792 4303 *aaa
800 4250 818 4295 εἰ
827 4263 885 4309 pera.
897 4247 970 4297 Gran.
979 4248 1047 4299 cm.

398 4349 420 4384 ³⁰
433 4347 515 4398 Venno
531 4351 627 4398 eredmr
644 4349 751 4412 athen]
784 4345 866 4398 runo·
898 4347 969 4412 patria
990 4361 1003 4397 a
1022 4349 1111 4398 Nabide
1139 4364 1245 4416 tyranno,
1276 4363 1348 4416 acque
1378 4351 1409 4400 ab

366 4411 440 4477 lybias
448 4430 488 4478 pro
498 4427 560 4462 certo
570 4413 677 4474 affirmat,
687 4415 741 4478 Lag.
752 4417 798 4477 n„
899 4414 992 4462 Achaeis
1008 4418 1103 4479 recepti,
1115 4431 1171 4466 mox
1185 4417 1322 4466 eorumdem
1340 4433 1411 4482 opera

398 4479 419 4512 ³¹
431 4479 502 4526 Areua
582 4489 604 4526 et
621 4480 751 4542 Alcibiades]
778 4479 866 4527 Princi·
899 4479 1107 4544 postinterfectum'
1118 4481 1193 4532 Nab'ur
1212 4483 1236 4531 lu
1251 4483 1348 4550 putrium
1362 4499 1411 4534 ret·

366 4544 475 4606 pesintcr
486 4541 670 4595 hcedaemoniea
684 4545 735 4604 riri,
744 4544 802 4607 palai
813 4544 868 4594 olir'n
900 4545 970 4596 thuri.
983 4544 1104 4597 Pausant
1117 4560 1164 4597 vu.

393 3774 597 3857 etpericulum
608 3796 684 3853 esse,
693 3797 731 3836 ne
742 3776 814 3838 victi
825 3776 922 3856 magis
937 3777 1062 3844 timendi
1073 3773 1182 3856 iurent,
1192 3779 1406 3861 quambellah·
1505 3801 1507 3822 ε
