3026 5164
366 337 442 397 LIB.
463 337 609 400 XXXIX.
630 337 711 400 cAP.
731 337 904 400 XXXVIII.
1099 346 1156 402 483

109 489 202 553 ‘nesi
218 502 307 555 esset.
329 488 427 572 lunc,
443 505 498 558 ut‘
520 495 639 578 opinor,
655 495 679 557 si
695 495 762 556 aliis
777 495 834 578 ipsi
850 492 965 576 legibus
980 493 1155 575 viveremus,
1169 491 1202 542 U·
1212 493 1240 543 0·
1252 495 1308 545 ⁵⁶8·

109 576 120 608 ‘
135 577 212 640 alias
222 578 287 641 istis
296 579 538 662 injunxissemus,
548 583 642 663 queri,
652 604 684 644 se
694 581 796 664 iniquo
801 581 870 664 jure
880 601 954 661 esse,
964 594 996 643 et
1004 581 1154 664 indignari
1168 559 1198 609 Α·
1210 561 1240 612 c·
1252 562 1306 610 ¹⁸¹¹·

108 661 119 696 ‘
135 677 271 746 possent.
296 664 368 730 Scio
381 689 450 750 ego,
466 669 524 751 Ap.
534 668 654 746 Claudi,
666 670 744 730 hanc
756 667 936 746 orationem,
947 689 1007 752 qua
1017 690 1083 730 sum
1100 670 1155 731 ad-

108 750 119 782 ‘
135 752 195 814 hnc
208 773 289 831 usus,
311 774 409 834 neque
431 757 580 817 sociorum
598 754 680 838 apud
695 757 805 832 socios,
828 775 926 836 neque
941 756 1041 818 libera
1055 757 1155 838 gentis

107 837 214 900 ‘esser
231 841 284 902 sed
293 859 362 902 vere
371 843 539 903 servorum‘
554 841 788 924 disceptantium
798 842 880 924 apud
890 843 1040 904 dominos.
1062 841 1155 924 Nam,

108 923 119 956 ‘
135 926 161 986 si
173 947 235 988 non
245 947 323 988 vana
334 928 387 989 illa
401 931 428 968 ³⁶
437 949 497 1004 vox
511 929 656 1011 praconis
666 929 734 1006 fuit,
745 949 805 1010 qua
815 929 924 992 liberos
938 951 1003 991 esse
1018 930 1154 992 omnium
1234 965 1241 979 ·

109 1010 249 1096 ‘primos
270 1013 399 1076 Achaeos
417 1013 560 1097 jussistis,
582 1016 606 1076 si
630 1015 727 1077 foedus
745 1031 844 1078 ratum
860 1027 917 1094 est,
939 1016 963 1078 si
980 1018 1109 1079 societas
1124 1029 1156 1080 et

107 1097 118 1129 ‘
136 1099 271 1162 amicitia
284 1122 323 1162 ex
337 1122 422 1182 aquo
433 1104 619 1181 observatur,
634 1123 686 1164 cur
699 1123 767 1184 ego,
778 1103 862 1184 quid,
871 1101 978 1185 Capua
991 1117 1093 1186 capta,
1109 1103 1155 1164 le-

107 1183 237 1248 ‘ceritis
253 1186 393 1266 Romani,
416 1210 477 1251 non
492 1210 611 1270 quaero;
644 1211 695 1250 vos
721 1191 869 1251 rationem
892 1190 1060 1272 reposcitis,
1081 1191 1155 1274 quid

107 1271 118 1303 ‘
134 1273 237 1336 Achai
255 1272 491 1338 Lacedaemoniis
503 1276 582 1337 bello
594 1276 682 1338 victis
694 1276 875 1338 fecerimus?
893 1274 1048 1338 interlecti
1061 1277 1155 1358 aliqui

22 1373 28 1384 “
106 1357 226 1439 ‘sunt;
250 1359 342 1442 finge,
353 1383 373 1422 a
383 1363 480 1424 nobis.
503 1362 606 1432 Quid?
630 1383 684 1424 vos
698 1375 854 1424 senatores
870 1361 1042 1445 Campanos
1058 1364 1155 1425 securi

106 1443 117 1477 ‘
133 1469 195 1510 non
207 1449 412 1530 percussistis?
430 1447 536 1512 Muros
548 1450 703 1512 diruimus.
715 1470 767 1511 vos
776 1469 839 1510 non
851 1469 951 1510 muros
963 1459 1092 1527 tantum,
1102 1451 1156 1512 sed

105 1531 117 1564 ‘
132 1535 237 1596 urbem
253 1547 286 1597 et
300 1556 387 1616 agros
403 1537 568 1598 ademistis.
590 1534 711 1617 Specie,
727 1535 836 1616 inquis,
848 1555 965 1616 aequum
978 1548 1025 1598 est
1034 1536 1154 1598 foedus:

106 1619 117 1650 ‘
133 1643 166 1684 re
182 1622 263 1704 apud
276 1619 404 1685 Achaeos
420 1626 446 1668 ³⁷
456 1623 592 1705 precaria
611 1622 734 1684 libertas
744 1633 773 1700 ⁸,
791 1621 870 1704 apud
890 1620 1045 1688 Romanos
1061 1623 1155 1685 etiam

106 1703 118 1737 ‘
134 1709 293 1791 imperium
309 1721 365 1770 est.
409 1707 526 1787 Sentio,
541 1709 635 1792 Appi,
650 1721 693 1787 et,
708 1709 733 1770 si
748 1729 810 1770 non
825 1719 956 1790 oportet,
975 1731 1037 1772 non
1053 1710 1155 1792 indig-

105 1791 209 1873 ‘nor;
233 1795 297 1873 sed,
312 1817 366 1858 oro
386 1817 451 1875 vos,
466 1797 689 1878 quantumlibet
711 1795 829 1857 intersit
850 1795 928 1856 inter
950 1794 1107 1858 Romanos
1123 1809 1156 1860 et

104 1880 115 1910 ‘
132 1881 271 1960 Achaeos,
295 1882 386 1944 modo
402 1903 441 1944 ne
455 1883 485 1944 in
501 1902 586 1965 aquo
601 1883 705 1944 hostes
719 1883 809 1944 vestri
825 1876 978 1963 nostrique
994 1883 1076 1966 apud
1101 1904 1155 1945 vos

106 1966 204 2046 ‘sint,
220 1990 255 2032 ac
271 1990 327 2032 uos
343 1970 438 2046 socii;
461 1971 555 2032 immo
571 1991 608 2030 ne
624 1970 748 2030 meliore
759 1967 829 2050 jure
845 1969 914 2029 sint.
959 1966 1050 2046 Nam,
1074 1970 1155 2032 utin
1245 1975 1249 1986 “
1280 1983 1287 1994 ·

105 2053 116 2085 ‘
132 2077 218 2140 aquo
232 2069 343 2134 essent,
366 2077 421 2119 nos
444 2056 580 2134 fecimus,
596 2077 693 2138 quum
710 2057 791 2136 leges
807 2055 844 2117 iis
859 2069 977 2117 nostras
992 2056 1130 2118 dedimus
1143 2079 1153 2134 ς

105 2138 118 2171 ‘
133 2163 237 2223 quum,
249 2157 283 2205 ut
294 2141 398 2204 Achai
410 2143 531 2204 concilii
542 2154 654 2221 essent,
665 2143 830 2205 effecimus.
875 2139 983 2204 Parum
997 2155 1043 2205 est
1057 2143 1156 2220 victis,

105 2226 116 2258 ‘
132 2229 215 2310 quod
229 2230 393 2292 victoribus
408 2230 481 2291 satis
497 2241 552 2291 est
567 2230 634 2312 plus
649 2229 805 2311 postulant
828 2229 943 2307 hostes,
966 2250 1057 2312 quam
1079 2230 1155 2291 socii

103 2313 115 2345 ‘
132 2316 257 2379 habent.
287 2315 362 2387 Quae
371 2315 578 2399 jurejurando,
593 2336 659 2398 quae
674 2316 877 2396 monumentis
893 2315 1045 2378 literarum
1061 2317 1092 2378 in
1108 2317 1154 2378 la-

103 2399 115 2432 ‘
133 2403 205 2484 pide
221 2403 378 2485 insculptis
393 2404 425 2464 in
448 2413 591 2468 aeternam
609 2403 786 2466 memoriam
800 2413 907 2464 sancta
926 2413 1017 2484 atque
1038 2415 1156 2465 sacrata

103 2486 115 2520 ‘
132 2501 214 2568 sunt,
236 2509 356 2552 cacum
372 2488 504 2572 perjurio
519 2506 624 2552 nostro
639 2489 745 2553 tollere
760 2501 877 2571 parant.
921 2487 1068 2552 Verentur
1086 2491 1154 2572 qui-

10 2601 15 2614 ·
103 2579 114 2606 ⁶
132 2575 203 2637 dem
217 2597 281 2654 vos,
296 2573 438 2655 Romani,
454 2593 495 2655 et,
511 2577 536 2638 si
552 2577 596 2638 ita
609 2577 708 2654 vultis,
724 2577 817 2638 etiam
832 2577 994 2639 timemus:
1018 2577 1072 2638 sed
1086 2577 1153 2659 plus

104 2661 165 2723 ‘et
180 2683 317 2724 veremur
342 2675 375 2726 et
397 2663 538 2725 timemus
558 2662 642 2725 Deos
663 2661 861 2726 inmortales!
915 2661 993 2725 Cum
1024 2663 1153 2725 adsensu

52 2753 57 2762 '
105 2750 248 2810 maxima
263 2750 357 2832 partis
371 2761 417 2811 est
432 2750 563 2828 auditus,
586 2762 619 2812 et
641 2751 774 2812 locutum
797 2769 903 2812 omnes
921 2771 977 2832 pro
994 2747 1154 2832 majestate
1177 2783 1181 2792 ·

79 2907 84 2912 Ι
104 2837 301 2916 magistratus
327 2838 512 2900 censebant:
545 2847 579 2898 ut
595 2836 684 2898 facile
699 2837 871 2919 adpareret,
887 2835 1019 2898 molliter
1034 2836 1154 2916 agendo

104 2921 289 3004 dignitatem
305 2945 390 2987 suam
405 2935 508 2986 tenere
524 2921 680 2984 Romanos
695 2943 755 2984 non
779 2944 877 3004 posse.
921 2921 1001 2984 Tum
1025 2923 1152 3006 Appius,

104 3007 116 3040 ‘
133 3010 259 3072 suadere
275 3031 307 3072 se
319 3031 504 3092 magnopere
515 3008 655 3087 Achaeis,'
669 3008 756 3086 dixit,
772 3011 782 3042 ‘
794 3021 838 3086 ut,
849 3009 920 3070 dum
931 3009 1035 3072 liceret
1046 3009 1153 3070 volun-

102 3095 114 3127 ‘
132 3107 196 3156 tate
208 3117 262 3158 sua
276 3096 386 3174 facere,
400 3099 427 3135 ³⁸
436 3097 565 3177 gratiam
577 3096 700 3173 inirent,
715 3115 754 3156 ne
765 3115 838 3156 mox
851 3095 935 3158 inviti
946 3110 977 3157 et
990 3097 1088 3157 eoacti
1106 3097 1152 3156 fa-

102 3182 114 3215 ‘
130 3181 252 3244 cerent'
276 3181 350 3246 Haec
359 3203 419 3244 vox
431 3184 536 3246 addita
545 3181 668 3264 quidem
681 3201 749 3243 cum
760 3181 896 3244 omnium
908 3182 1024 3264 gemitu
1035 3195 1091 3260 est,
1098 3183 1154 3244 sed
1168 3248 1176 3262 ,

102 3282 222 3332 metum
247 3267 351 3352 injecit
374 3271 521 3353 imperata
543 3267 711 3331 recusandi.
739 3268 769 3328 id
794 3268 886 3330 modo
909 3268 1071 3350 petierunt,
1094 3270 1154 3332 ‘ut

101 3356 113 3388 ‘
131 3353 272 3434 Romani,
301 3375 366 3436 quae
386 3358 569 3435 viderentur,
592 3355 630 3416 de
653 3353 887 3416 Lacedaemoniis
910 3365 1073 3435 mutarent,
1095 3377 1153 3418 nee

98 3441 254 3503 ‘Achaeos
276 3443 421 3524 religione
443 3443 665 3524 obstringerent
688 3441 774 3504 irrita
795 3461 841 3519 ea,
866 3461 930 3523 quae
951 3440 1152 3524 jurejurando

100 3529 311 3607 ‘sanxissent
333 3527 484 3592 faciendi?
508 3527 664 3591 damnatio
686 3540 805 3590 tanturn
829 3528 900 3590 Arei
923 3537 956 3590 et
974 3528 1153 3608 Alcibiadis,

103 3637 171 3697 quae
185 3636 281 3698 nuper
296 3615 378 3679 lacta
392 3629 467 3695 erat,
482 3615 602 3678 sublata
617 3625 674 3678 est.

100 3735 103 3741 ·
147 3699 324 3765 XXXVlll.
347 3702 451 3766 Romae
466 3703 618 3786 principio
634 3701 699 3784 ejus
721 3703 803 3780 anui,
827 3723 919 3783 quum
936 3703 974 3764 de
991 3701 1152 3786 provinciis
1167 3707 1311 3766 hermete..

102 3789 262 3850 consulum
279 3802 310 3853 et
325 3802 486 3874 praetorum
502 3801 605 3852 actum
621 3801 709 3870 esset,
733 3789 904 3851 consulibus
923 3785 1060 3872 Ligures,
1082 3791 1153 3870 quia

198 3927 209 3954 ⁸
220 3931 246 3970 ut
257 3923 301 3971 del.
315 3925 387 3974 Gron.
400 3925 467 3972 erev.
770 3920 779 3955 f
791 3937 899 3971 seruorum
910 3927 981 3974 aerius
992 3923 1056 3972 Eaed.

256 3997 269 4032 t
284 4005 368 4052 squam
378 3999 407 4038 cst
412 3991 490 4053 j‘oedus
499 3990 559 4052 rprrd
570 3988 664 4048 Aelaesrr,
673 4004 697 4036 re
705 3990 806 4050 precario
818 3989 918 4036 litones:
935 3990 1001 4039 Eaed.

134 4098 158 4136 ³⁶
170 4099 185 4130 ⁸
200 4101 243 4150 Voc
252 4107 460 4168 preemis....quo
475 4104 550 4152 libem
568 4119 609 4152 esre
640 4119 687 4151 noa
699 4102 789 4167 proprio
797 4103 859 4166 jure,
870 4104 965 4168 propriis
974 4104 1061 4152 viribus
1071 4115 1151 4152 tenea.

98 4167 197 4214 omium
212 4169 291 4228 prim
306 4171 392 4219 Aclaeor
402 4167 509 4234 jussistis]
525 4170 608 4217 Achaei
640 4182 687 4226 tur,
697 4170 736 4216 aad
748 4184 809 4229 quse,
818 4168 882 4216 velut
893 4185 920 4216 ea
932 4185 983 4233 quae
994 4169 1097 4233 precibus
1107 4171 1151 4216 irn-

99 4230 140 4278 illa
152 4247 208 4280 rote
218 4235 327 4296 preconis
337 4234 431 4282 omnino
441 4235 552 4282 nominati
563 4249 609 4282 non
641 4247 727 4298 petram
749 4245 813 4289 sunt,
831 4235 928 4298 pendeat
950 4251 979 4284 ex
997 4237 1073 4284 alieno
1090 4237 1151 4284 erbi-

96 4296 202 4347 fuerunt.
242 4298 295 4347 Non
315 4301 416 4349 videmus
438 4302 550 4363 quamdo
571 4299 609 4348 Li·
641 4301 696 4348 trio¹

93 4361 161 4409 vium
181 4363 219 4410 hic
237 4379 249 4411 a
267 4365 334 4429 lspu
348 4367 466 4415 memorias
482 4367 608 4414 'unrnurreru
672 4365 695 4398 ³⁸
707 4363 720 4392 ²
732 4361 835 4411 Gratiam
852 4363 946 4428 intent]
966 4364 1079 4424 Gratim
1096 4375 1150 4415 tau*
1201 4383 1206 4394 ·

93 4425 254 4477 delendarum.
277 4468 282 4478 .
368 4486 371 4492 ¹
419 4467 423 4474 .
641 4425 842 4493 quamroluntsrie
852 4428 1151 4497 obsequuthtiblpmrent

127 4487 149 4529 ⁸7
162 4493 177 4522 ⁹
189 4487 295 4543 Petuaria
312 4489 407 4558 mom]
428 4491 541 4556 libem.
557 4503 608 4562 qu
641 4495 699 4562 apud
710 4489 833 4625 1³me

138 4566 217 4631 Wla
230 4573 280 4628 tlt.
695 4570 715 4628 Ι
