<?xml version="1.0" encoding="UTF-8"?>
<!DOCTYPE html PUBLIC "-//W3C//DTD XHTML 1.0 Transitional//EN"
    "http://www.w3.org/TR/xhtml1/DTD/xhtml1-transitional.dtd">
<html xmlns="http://www.w3.org/1999/xhtml" xml:lang="en" lang="en">
 <head>
  <title>
</title>
<meta http-equiv="Content-Type" content="text/html;charset=utf-8" />
  <meta name='ocr-system' content='tesseract 3.04.00' />
  <meta name='ocr-capabilities' content='ocr_page ocr_carea ocr_par ocr_line ocrx_word'/>
</head>
<body>
  <div class='ocr_page' id='page_1' title='image "./tliviipatavinih00grongoog_0218.png"; bbox 0 0 3080 5196; ppageno 0'>
   <div class='ocr_carea' id='block_1_1' title="bbox 359 367 1005 442">
    <p class='ocr_par' dir='ltr' id='par_1_1' title="bbox 359 367 1005 442">
     <span class='ocr_line' id='line_1_1' title="bbox 359 367 1005 442; baseline -0.009 0"><span class='ocrx_word' id='word_1_1' title='bbox 359 385 442 442; x_wconf 79' lang='lat' dir='ltr'>eoa</span> <span class='ocrx_word' id='word_1_2' title='bbox 798 367 1005 440; x_wconf 79' lang='lat' dir='ltr'>urm&#39;mvn</span> 
     </span>
    </p>
   </div>
   <div class='ocr_carea' id='block_1_2' title="bbox 106 530 1537 3460">
    <p class='ocr_par' dir='ltr' id='par_1_2' title="bbox 106 530 1537 700">
     <span class='ocr_line' id='line_1_2' title="bbox 106 530 1433 622; baseline -0.002 -25"><span class='ocrx_word' id='word_1_3' title='bbox 106 579 110 588; x_wconf 82' lang='lat'><strong>.</strong></span> <span class='ocrx_word' id='word_1_4' title='bbox 213 549 355 611; x_wconf 59' lang='lat' dir='ltr'>ueste.</span> <span class='ocrx_word' id='word_1_5' title='bbox 383 534 490 608; x_wconf 80' lang='lat' dir='ltr'>aeliam</span> <span class='ocrx_word' id='word_1_6' title='bbox 503 530 731 616; x_wconf 87' lang='lat' dir='ltr'>Holouemque‚</span> <span class='ocrx_word' id='word_1_7' title='bbox 750 533 923 622; x_wconf 25' lang='lat' dir='ltr'>et&#39;eastella</span> <span class='ocrx_word' id='word_1_8' title='bbox 936 531 1035 596; x_wconf 85' lang='lat' dir='ltr'>multa</span> <span class='ocrx_word' id='word_1_9' title='bbox 1053 531 1263 618; x_wconf 72' lang='lat' dir='ltr'>expugnavitr</span> <span class='ocrx_word' id='word_1_10' title='bbox 1297 531 1360 594; x_wconf 83' lang='lat' dir='ltr'>alia</span> <span class='ocrx_word' id='word_1_11' title='bbox 1380 553 1433 595; x_wconf 81' lang='lat' dir='ltr'>vo·</span> 
     </span>
     <span class='ocr_line' id='line_1_3' title="bbox 213 618 1537 700; baseline 0.006 -24"><span class='ocrx_word' id='word_1_12' title='bbox 213 623 288 676; x_wconf 61' lang='lat' dir='ltr'>me.</span> <span class='ocrx_word' id='word_1_13' title='bbox 300 625 354 678; x_wconf 75' lang='lat'>192.</span> <span class='ocrx_word' id='word_1_14' title='bbox 383 623 501 684; x_wconf 86' lang='lat' dir='ltr'>luntste</span> <span class='ocrx_word' id='word_1_15' title='bbox 516 621 557 684; x_wconf 92' lang='lat' dir='ltr'>ad</span> <span class='ocrx_word' id='word_1_16' title='bbox 571 641 640 684; x_wconf 87' lang='lat' dir='ltr'>eum</span> <span class='ocrx_word' id='word_1_17' title='bbox 655 621 842 684; x_wconf 81' lang='lat' dir='ltr'>deiecerunt.</span> <span class='ocrx_word' id='word_1_18' title='bbox 873 630 939 682; x_wconf 87' lang='lat' dir='ltr'>tum</span> <span class='ocrx_word' id='word_1_19' title='bbox 961 620 994 680; x_wconf 90' lang='lat' dir='ltr'>in</span> <span class='ocrx_word' id='word_1_20' title='bbox 1013 618 1167 682; x_wconf 76' lang='lat' dir='ltr'><strong>Oretanos</strong></span> <span class='ocrx_word' id='word_1_21' title='bbox 1190 637 1378 700; x_wconf 79' lang='lat' dir='ltr'>progressus,</span> <span class='ocrx_word' id='word_1_22' title='bbox 1398 629 1431 684; x_wconf 88' lang='lat' dir='ltr'>et</span> <span class='ocrx_word' id='word_1_23' title='bbox 1536 625 1537 630; x_wconf 75' lang='grc'>’</span> 
     </span>
    </p>

    <p class='ocr_par' dir='ltr' id='par_1_3' title="bbox 382 703 1429 789">
     <span class='ocr_line' id='line_1_4' title="bbox 382 703 1429 789; baseline -0.004 -18"><span class='ocrx_word' id='word_1_24' title='bbox 382 708 425 771; x_wconf 90' lang='lat' dir='ltr'>ihi</span> <span class='ocrx_word' id='word_1_25' title='bbox 452 708 569 770; x_wconf 86' lang='lat' dir='ltr'>duobus</span> <span class='ocrx_word' id='word_1_26' title='bbox 593 708 710 789; x_wconf 88' lang='lat' dir='ltr'>potitus</span> <span class='ocrx_word' id='word_1_27' title='bbox 734 706 866 788; x_wconf 77' lang='lat' dir='ltr'>oppidis,</span> <span class='ocrx_word' id='word_1_28' title='bbox 889 703 1004 768; x_wconf 80' lang='lat' dir='ltr'>Noliba</span> <span class='ocrx_word' id='word_1_29' title='bbox 1027 716 1060 768; x_wconf 90' lang='lat' dir='ltr'>et</span> <span class='ocrx_word' id='word_1_30' title='bbox 1088 703 1206 784; x_wconf 78' lang='lat' dir='ltr'>Cusibi,</span> <span class='ocrx_word' id='word_1_31' title='bbox 1239 704 1291 767; x_wconf 87' lang='lat' dir='ltr'>ud·</span> <span class='ocrx_word' id='word_1_32' title='bbox 1309 703 1429 786; x_wconf 82' lang='lat' dir='ltr'>Tagmu</span> 
     </span>
    </p>

    <p class='ocr_par' dir='ltr' id='par_1_4' title="bbox 381 791 1537 966">
     <span class='ocr_line' id='line_1_5' title="bbox 382 791 1431 875; baseline -0.003 -18"><span class='ocrx_word' id='word_1_33' title='bbox 382 814 505 858; x_wconf 84' lang='lat' dir='ltr'>amnem</span> <span class='ocrx_word' id='word_1_34' title='bbox 521 794 565 856; x_wconf 89' lang='lat' dir='ltr'>ire</span> <span class='ocrx_word' id='word_1_35' title='bbox 585 795 693 874; x_wconf 81' lang='lat' dir='ltr'>pergit.</span> <span class='ocrx_word' id='word_1_36' title='bbox 736 791 882 855; x_wconf 87' lang='lat' dir='ltr'>Toletum</span> <span class='ocrx_word' id='word_1_37' title='bbox 903 792 945 853; x_wconf 89' lang='lat' dir='ltr'>ihi</span> <span class='ocrx_word' id='word_1_38' title='bbox 970 792 1157 875; x_wconf 80' lang='lat' dir='ltr'>parvaurbs</span> <span class='ocrx_word' id='word_1_39' title='bbox 1180 801 1258 871; x_wconf 85' lang='lat' dir='ltr'>eret,</span> <span class='ocrx_word' id='word_1_40' title='bbox 1284 791 1343 853; x_wconf 88' lang='lat' dir='ltr'>sed</span> <span class='ocrx_word' id='word_1_41' title='bbox 1366 791 1431 854; x_wconf 86' lang='lat' dir='ltr'>loeo</span> 
     </span>
     <span class='ocr_line' id='line_1_6' title="bbox 381 875 1432 963; baseline -0.003 -20"><span class='ocrx_word' id='word_1_42' title='bbox 381 882 523 944; x_wconf 82' lang='lat' dir='ltr'>munito·</span> <span class='ocrx_word' id='word_1_43' title='bbox 557 899 625 942; x_wconf 88' lang='lat' dir='ltr'>earn</span> <span class='ocrx_word' id='word_1_44' title='bbox 648 897 742 963; x_wconf 88' lang='lat' dir='ltr'>quum</span> <span class='ocrx_word' id='word_1_45' title='bbox 769 879 971 962; x_wconf 75' lang='lat' dir='ltr'>obpugnaret,</span> <span class='ocrx_word' id='word_1_46' title='bbox 991 875 1166 942; x_wconf 86' lang='lat' dir='ltr'>Vectonum</span> <span class='ocrx_word' id='word_1_47' title='bbox 1189 899 1320 960; x_wconf 74' lang='lat' dir='ltr'>magnus</span> <span class='ocrx_word' id='word_1_48' title='bbox 1346 896 1432 940; x_wconf 81' lang='lat' dir='ltr'>exer·</span> 
     </span>
    </p>

    <p class='ocr_par' dir='ltr' id='par_1_5' title="bbox 382 963 1430 1048">
     <span class='ocr_line' id='line_1_7' title="bbox 382 963 1430 1048; baseline -0.001 -19"><span class='ocrx_word' id='word_1_49' title='bbox 382 967 460 1030; x_wconf 86' lang='lat' dir='ltr'>citus</span> <span class='ocrx_word' id='word_1_50' title='bbox 489 963 647 1028; x_wconf 75' lang='lat' dir='ltr'>Toletanis</span> <span class='ocrx_word' id='word_1_51' title='bbox 677 966 814 1048; x_wconf 84' lang='lat' dir='ltr'>subsidio</span> <span class='ocrx_word' id='word_1_52' title='bbox 838 965 930 1028; x_wconf 86' lang='lat' dir='ltr'>venit.</span> <span class='ocrx_word' id='word_1_53' title='bbox 983 963 1065 1032; x_wconf 87' lang='lat' dir='ltr'>Cum</span> <span class='ocrx_word' id='word_1_54' title='bbox 1093 964 1141 1026; x_wconf 91' lang='lat' dir='ltr'>his</span> <span class='ocrx_word' id='word_1_55' title='bbox 1174 965 1270 1048; x_wconf 76' lang='lat' dir='ltr'>signis</span> <span class='ocrx_word' id='word_1_56' title='bbox 1301 964 1430 1028; x_wconf 76' lang='lat' dir='ltr'>conlau&#39;s</span> 
     </span>
    </p>

    <p class='ocr_par' dir='ltr' id='par_1_6' title="bbox 382 1047 1537 1200">
     <span class='ocr_line' id='line_1_8' title="bbox 382 1047 1430 1135; baseline -0.002 -21"><span class='ocrx_word' id='word_1_57' title='bbox 382 1071 527 1133; x_wconf 88' lang='lat' dir='ltr'>prospere</span> <span class='ocrx_word' id='word_1_58' title='bbox 545 1052 711 1135; x_wconf 79' lang='lat' dir='ltr'>pugnavit:</span> <span class='ocrx_word' id='word_1_59' title='bbox 740 1063 783 1132; x_wconf 93' lang='lat' dir='ltr'>et,</span> <span class='ocrx_word' id='word_1_60' title='bbox 807 1051 882 1114; x_wconf 88' lang='lat' dir='ltr'>fusis</span> <span class='ocrx_word' id='word_1_61' title='bbox 896 1049 1095 1130; x_wconf 74' lang='lat' dir='ltr'>vectonibus,</span> <span class='ocrx_word' id='word_1_62' title='bbox 1119 1052 1261 1134; x_wconf 89' lang='lat' dir='ltr'>operibus</span> <span class='ocrx_word' id='word_1_63' title='bbox 1286 1047 1430 1113; x_wconf 79' lang='lat' dir='ltr'>Toletum</span> 
     </span>
     <span class='ocr_line' id='line_1_9' title="bbox 382 1138 1537 1200; baseline 0.003 -1"><span class='ocrx_word' id='word_1_64' title='bbox 382 1158 418 1200; x_wconf 87' lang='lat' dir='ltr'>ce</span> <span class='ocrx_word' id='word_1_65' title='bbox 440 1138 475 1200; x_wconf 86' lang='lat' dir='ltr'>it.</span> <span class='ocrx_word' id='word_1_66' title='bbox 718 1183 723 1192; x_wconf 84' lang='lat'><strong>·</strong></span> <span class='ocrx_word' id='word_1_67' title='bbox 1535 1159 1537 1176; x_wconf 77' lang='lat'><strong>⁴</strong></span> 
     </span>
    </p>

    <p class='ocr_par' dir='ltr' id='par_1_7' title="bbox 419 1158 1431 1308">
     <span class='ocr_line' id='line_1_10' title="bbox 419 1158 1431 1308; baseline 0.002 -22"><span class='ocrx_word' id='word_1_68' title='bbox 419 1158 549 1288; x_wconf 55' lang='grc' dir='ltr'>ΙΞίΧΙΙΙ.</span> <span class='ocrx_word' id='word_1_69' title='bbox 572 1223 716 1290; x_wconf 85' lang='lat' dir='ltr'>Ceterum</span> <span class='ocrx_word' id='word_1_70' title='bbox 737 1245 774 1288; x_wconf 88' lang='lat' dir='ltr'>eo</span> <span class='ocrx_word' id='word_1_71' title='bbox 794 1235 932 1308; x_wconf 87' lang='lat' dir='ltr'>ternpore</span> <span class='ocrx_word' id='word_1_72' title='bbox 953 1226 1055 1289; x_wconf 88' lang='lat' dir='ltr'>minus</span> <span class='ocrx_word' id='word_1_73' title='bbox 1078 1247 1116 1288; x_wconf 92' lang='lat' dir='ltr'>ea</span> <span class='ocrx_word' id='word_1_74' title='bbox 1137 1224 1229 1304; x_wconf 90' lang='lat' dir='ltr'>bella,</span> <span class='ocrx_word' id='word_1_75' title='bbox 1253 1244 1321 1306; x_wconf 75' lang='lat' dir='ltr'>qua</span> <span class='ocrx_word' id='word_1_76' title='bbox 1345 1245 1431 1307; x_wconf 78' lang='lat' dir='ltr'>gers·</span> 
     </span>
    </p>

    <p class='ocr_par' dir='ltr' id='par_1_8' title="bbox 304 1301 1537 2080">
     <span class='ocr_line' id='line_1_11' title="bbox 304 1301 1428 1393; baseline 0 -21"><span class='ocrx_word' id='word_1_77' title='bbox 304 1301 339 1338; x_wconf 76' lang='lat'>&#39;⁴</span> <span class='ocrx_word' id='word_1_78' title='bbox 383 1310 505 1390; x_wconf 71' lang='lat' dir='ltr'>bantra,</span> <span class='ocrx_word' id='word_1_79' title='bbox 534 1331 614 1372; x_wconf 86' lang='lat' dir='ltr'>curae</span> <span class='ocrx_word' id='word_1_80' title='bbox 645 1310 784 1374; x_wconf 88' lang='lat' dir='ltr'>Patribus</span> <span class='ocrx_word' id='word_1_81' title='bbox 815 1321 913 1389; x_wconf 89' lang='lat' dir='ltr'>erant,</span> <span class='ocrx_word' id='word_1_82' title='bbox 944 1332 1036 1393; x_wconf 85' lang='lat' dir='ltr'>quam</span> <span class='ocrx_word' id='word_1_83' title='bbox 1068 1312 1259 1393; x_wconf 79' lang='lat' dir='ltr'>exspectatio</span> <span class='ocrx_word' id='word_1_84' title='bbox 1290 1312 1428 1372; x_wconf 88' lang='lat' dir='ltr'>nondmn</span> 
     </span>
     <span class='ocr_line' id='line_1_12' title="bbox 383 1394 1430 1479; baseline 0.001 -21"><span class='ocrx_word' id='word_1_85' title='bbox 383 1397 477 1477; x_wconf 89' lang='lat' dir='ltr'>coepti</span> <span class='ocrx_word' id='word_1_86' title='bbox 492 1416 561 1456; x_wconf 87' lang='lat' dir='ltr'>cum</span> <span class='ocrx_word' id='word_1_87' title='bbox 577 1394 734 1458; x_wconf 82' lang='lat' dir='ltr'>Antiocho</span> <span class='ocrx_word' id='word_1_88' title='bbox 754 1395 838 1456; x_wconf 90' lang='lat' dir='ltr'>belli.</span> <span class='ocrx_word' id='word_1_89' title='bbox 859 1417 932 1459; x_wconf 85' lang='lat' dir='ltr'>uam</span> <span class='ocrx_word' id='word_1_90' title='bbox 954 1398 1012 1459; x_wconf 86' lang='lat' dir='ltr'>etsi</span> <span class='ocrx_word' id='word_1_91' title='bbox 1034 1417 1088 1479; x_wconf 90' lang='lat' dir='ltr'>per</span> <span class='ocrx_word' id='word_1_92' title='bbox 1109 1396 1226 1478; x_wconf 82' lang='lat' dir='ltr'>legatos</span> <span class='ocrx_word' id='word_1_93' title='bbox 1249 1397 1430 1459; x_wconf 80' lang='lat' dir='ltr'>idemtidem</span> 
     </span>
     <span class='ocr_line' id='line_1_13' title="bbox 382 1480 1428 1562; baseline 0 -18"><span class='ocrx_word' id='word_1_94' title='bbox 382 1482 488 1544; x_wconf 89' lang='lat' dir='ltr'>omnia</span> <span class='ocrx_word' id='word_1_95' title='bbox 503 1480 749 1562; x_wconf 85' lang='lat' dir='ltr'>explorabantur,</span> <span class='ocrx_word' id='word_1_96' title='bbox 764 1492 868 1542; x_wconf 86' lang='lat' dir='ltr'>tamen</span> <span class='ocrx_word' id='word_1_97' title='bbox 884 1503 1030 1560; x_wconf 85' lang='lat' dir='ltr'>rumores,</span> <span class='ocrx_word' id='word_1_98' title='bbox 1055 1494 1171 1544; x_wconf 87' lang='lat' dir='ltr'>temere</span> <span class='ocrx_word' id='word_1_99' title='bbox 1185 1482 1250 1544; x_wconf 89' lang='lat' dir='ltr'>sine</span> <span class='ocrx_word' id='word_1_100' title='bbox 1271 1483 1343 1544; x_wconf 87' lang='lat' dir='ltr'>ullis</span> <span class='ocrx_word' id='word_1_101' title='bbox 1359 1503 1428 1544; x_wconf 86' lang='lat' dir='ltr'>aue-</span> 
     </span>
     <span class='ocr_line' id='line_1_14' title="bbox 381 1563 1537 1649; baseline 0.002 -19"><span class='ocrx_word' id='word_1_102' title='bbox 381 1567 498 1630; x_wconf 86' lang='lat' dir='ltr'>toribus</span> <span class='ocrx_word' id='word_1_103' title='bbox 512 1566 582 1644; x_wconf 90' lang='lat' dir='ltr'>orti,</span> <span class='ocrx_word' id='word_1_104' title='bbox 592 1567 690 1629; x_wconf 87' lang='lat' dir='ltr'>multa</span> <span class='ocrx_word' id='word_1_105' title='bbox 704 1563 782 1628; x_wconf 82' lang='lat' dir='ltr'>falsa</span> <span class='ocrx_word' id='word_1_106' title='bbox 795 1566 873 1628; x_wconf 86' lang='lat' dir='ltr'>veris</span> <span class='ocrx_word' id='word_1_107' title='bbox 888 1567 1065 1630; x_wconf 84' lang='lat' dir='ltr'>miscebant.</span> <span class='ocrx_word' id='word_1_108' title='bbox 1095 1565 1194 1630; x_wconf 89' lang='lat' dir='ltr'>.lnter</span> <span class='ocrx_word' id='word_1_109' title='bbox 1208 1587 1275 1649; x_wconf 80' lang='lat' dir='ltr'>quar</span> <span class='ocrx_word' id='word_1_110' title='bbox 1290 1569 1426 1632; x_wconf 82' lang='lat' dir='ltr'>adlettrm</span> <span class='ocrx_word' id='word_1_111' title='bbox 1536 1609 1537 1614; x_wconf 22' lang='grc' dir='ltr'><strong><em>κ</em></strong></span> 
     </span>
     <span class='ocr_line' id='line_1_15' title="bbox 381 1649 1429 1736; baseline 0 -20"><span class='ocrx_word' id='word_1_112' title='bbox 381 1663 457 1732; x_wconf 80' lang='lat' dir='ltr'>erat,</span> <span class='ocrx_word' id='word_1_113' title='bbox 472 1673 565 1735; x_wconf 90' lang='lat' dir='ltr'>quum</span> <span class='ocrx_word' id='word_1_114' title='bbox 581 1653 613 1714; x_wconf 90' lang='lat' dir='ltr'>in</span> <span class='ocrx_word' id='word_1_115' title='bbox 636 1649 785 1714; x_wconf 86' lang='lat' dir='ltr'>AEtoliam</span> <span class='ocrx_word' id='word_1_116' title='bbox 810 1651 942 1714; x_wconf 86' lang='lat' dir='ltr'>venisset</span> <span class='ocrx_word' id='word_1_117' title='bbox 962 1652 1145 1732; x_wconf 79' lang='lat' dir='ltr'>Antiochus,</span> <span class='ocrx_word' id='word_1_118' title='bbox 1168 1655 1326 1736; x_wconf 84' lang='lat' dir='ltr'>externplo</span> <span class='ocrx_word' id='word_1_119' title='bbox 1353 1656 1429 1716; x_wconf 80' lang='lat' dir='ltr'>elus·</span> 
     </span>
     <span class='ocr_line' id='line_1_16' title="bbox 381 1736 1425 1824; baseline 0.002 -22"><span class='ocrx_word' id='word_1_120' title='bbox 381 1759 446 1802; x_wconf 88' lang='lat' dir='ltr'>sem</span> <span class='ocrx_word' id='word_1_121' title='bbox 462 1759 531 1800; x_wconf 88' lang='lat' dir='ltr'>eum</span> <span class='ocrx_word' id='word_1_122' title='bbox 547 1739 579 1800; x_wconf 89' lang='lat' dir='ltr'>in</span> <span class='ocrx_word' id='word_1_123' title='bbox 594 1736 730 1802; x_wconf 87' lang='lat' dir='ltr'>Siciliam</span> <span class='ocrx_word' id='word_1_124' title='bbox 745 1739 917 1802; x_wconf 88' lang='lat' dir='ltr'>missurum.</span> <span class='ocrx_word' id='word_1_125' title='bbox 962 1737 1218 1822; x_wconf 70' lang='lat' dir='ltr'>loqueremtur,</span> <span class='ocrx_word' id='word_1_126' title='bbox 1234 1741 1292 1802; x_wconf 85' lang='lat' dir='ltr'>etsi</span> <span class='ocrx_word' id='word_1_127' title='bbox 1313 1751 1425 1824; x_wconf 76' lang='lat' dir='ltr'>praeto-</span> 
     </span>
     <span class='ocr_line' id='line_1_17' title="bbox 382 1819 1429 1912; baseline 0.002 -25"><span class='ocrx_word' id='word_1_128' title='bbox 382 1845 448 1887; x_wconf 88' lang='lat' dir='ltr'>rem</span> <span class='ocrx_word' id='word_1_129' title='bbox 472 1824 601 1888; x_wconf 89' lang='lat' dir='ltr'>Atilium</span> <span class='ocrx_word' id='word_1_130' title='bbox 626 1845 695 1886; x_wconf 90' lang='lat' dir='ltr'>cum</span> <span class='ocrx_word' id='word_1_131' title='bbox 718 1825 814 1887; x_wconf 86' lang='lat' dir='ltr'>classe</span> <span class='ocrx_word' id='word_1_132' title='bbox 833 1819 959 1888; x_wconf 85' lang='lat' dir='ltr'>miserat</span> <span class='ocrx_word' id='word_1_133' title='bbox 981 1826 1013 1888; x_wconf 89' lang='lat' dir='ltr'>iu</span> <span class='ocrx_word' id='word_1_134' title='bbox 1034 1824 1194 1905; x_wconf 86' lang='lat' dir='ltr'>Graeciam,</span> <span class='ocrx_word' id='word_1_135' title='bbox 1215 1841 1333 1904; x_wconf 86' lang='lat' dir='ltr'>tumen,</span> <span class='ocrx_word' id='word_1_136' title='bbox 1360 1829 1429 1912; x_wconf 84' lang='lat' dir='ltr'>qnia</span> 
     </span>
     <span class='ocr_line' id='line_1_18' title="bbox 380 1911 1537 1996; baseline 0.003 -24"><span class='ocrx_word' id='word_1_137' title='bbox 380 1913 408 1958; x_wconf 80' lang='lat'>⁷³</span> <span class='ocrx_word' id='word_1_138' title='bbox 418 1931 481 1974; x_wconf 89' lang='lat' dir='ltr'>non</span> <span class='ocrx_word' id='word_1_139' title='bbox 495 1912 593 1994; x_wconf 88' lang='lat' dir='ltr'>copiis</span> <span class='ocrx_word' id='word_1_140' title='bbox 607 1912 712 1990; x_wconf 88' lang='lat' dir='ltr'>modo,</span> <span class='ocrx_word' id='word_1_141' title='bbox 733 1911 896 1974; x_wconf 86' lang='lat' dir='ltr'>sedetiam</span> <span class='ocrx_word' id='word_1_142' title='bbox 911 1913 1094 1974; x_wconf 86' lang='lat' dir='ltr'>auctoritate</span> <span class='ocrx_word' id='word_1_143' title='bbox 1109 1933 1186 1996; x_wconf 86' lang='lat' dir='ltr'>opus</span> <span class='ocrx_word' id='word_1_144' title='bbox 1201 1925 1268 1975; x_wconf 88' lang='lat' dir='ltr'>erat</span> <span class='ocrx_word' id='word_1_145' title='bbox 1284 1917 1312 1960; x_wconf 82' lang='lat'>⁷⁴</span> <span class='ocrx_word' id='word_1_146' title='bbox 1323 1914 1363 1975; x_wconf 89' lang='lat' dir='ltr'>ad</span> <span class='ocrx_word' id='word_1_147' title='bbox 1379 1925 1427 1976; x_wconf 87' lang='lat' dir='ltr'>tu·</span> <span class='ocrx_word' id='word_1_148' title='bbox 1535 1951 1537 1994; x_wconf 57' lang='lat'>3</span> 
     </span>
     <span class='ocr_line' id='line_1_19' title="bbox 383 1997 1537 2080; baseline 0.004 -22"><span class='ocrx_word' id='word_1_149' title='bbox 383 1997 477 2058; x_wconf 89' lang='lat' dir='ltr'>endos</span> <span class='ocrx_word' id='word_1_150' title='bbox 495 1999 647 2060; x_wconf 85' lang='lat' dir='ltr'>sociorum</span> <span class='ocrx_word' id='word_1_151' title='bbox 672 1999 801 2075; x_wconf 88' lang='lat' dir='ltr'>animos,</span> <span class='ocrx_word' id='word_1_152' title='bbox 826 1997 867 2061; x_wconf 88' lang='grc' dir='ltr'>Τ.</span> <span class='ocrx_word' id='word_1_153' title='bbox 892 1997 1079 2076; x_wconf 82' lang='lat' dir='ltr'>Quinctium,</span> <span class='ocrx_word' id='word_1_154' title='bbox 1103 2011 1136 2063; x_wconf 90' lang='lat' dir='ltr'>et</span> <span class='ocrx_word' id='word_1_155' title='bbox 1157 1998 1231 2061; x_wconf 75' lang='lat' dir='ltr'>Cru‘</span> <span class='ocrx_word' id='word_1_156' title='bbox 1254 1999 1429 2080; x_wconf 82' lang='lat' dir='ltr'>Octaviruu,</span> <span class='ocrx_word' id='word_1_157' title='bbox 1536 2005 1537 2016; x_wconf 57' lang='lat'>¹</span> 
     </span>
    </p>

    <p class='ocr_par' dir='ltr' id='par_1_9' title="bbox 239 2071 1537 3290">
     <span class='ocr_line' id='line_1_20' title="bbox 285 2071 1537 2168; baseline 0.003 -23"><span class='ocrx_word' id='word_1_158' title='bbox 285 2095 311 2112; x_wconf 84' lang='lat'>‘⁰</span> <span class='ocrx_word' id='word_1_159' title='bbox 383 2094 416 2146; x_wconf 90' lang='lat' dir='ltr'>et</span> <span class='ocrx_word' id='word_1_160' title='bbox 439 2081 496 2146; x_wconf 89' lang='lat' dir='ltr'>Cn.</span> <span class='ocrx_word' id='word_1_161' title='bbox 520 2082 692 2163; x_wconf 88' lang='lat' dir='ltr'>Servilium,</span> <span class='ocrx_word' id='word_1_162' title='bbox 717 2095 749 2147; x_wconf 92' lang='lat' dir='ltr'>et</span> <span class='ocrx_word' id='word_1_163' title='bbox 774 2083 807 2146; x_wconf 90' lang='lat' dir='ltr'>P.</span> <span class='ocrx_word' id='word_1_164' title='bbox 822 2071 947 2147; x_wconf 79' lang='lat' dir='ltr'>Villit&#39;rm</span> <span class='ocrx_word' id='word_1_165' title='bbox 969 2085 1085 2168; x_wconf 82' lang='lat' dir='ltr'>legatos</span> <span class='ocrx_word' id='word_1_166' title='bbox 1109 2086 1140 2146; x_wconf 93' lang='lat' dir='ltr'>in</span> <span class='ocrx_word' id='word_1_167' title='bbox 1155 2083 1305 2149; x_wconf 76' lang='lat' dir='ltr'>Graeciam</span> <span class='ocrx_word' id='word_1_168' title='bbox 1320 2087 1426 2166; x_wconf 78' lang='lat' dir='ltr'>misit3</span> <span class='ocrx_word' id='word_1_169' title='bbox 1536 2121 1537 2124; x_wconf 34' lang='lat'>¹</span> 
     </span>
     <span class='ocr_line' id='line_1_21' title="bbox 239 2163 1428 2250; baseline -0.003 -13"><span class='ocrx_word' id='word_1_170' title='bbox 239 2226 244 2237; x_wconf 94' lang='lat'><strong>.</strong></span> <span class='ocrx_word' id='word_1_171' title='bbox 267 2163 291 2238; x_wconf 65' lang='lat'>,⁸</span> <span class='ocrx_word' id='word_1_172' title='bbox 383 2181 425 2250; x_wconf 88' lang='lat' dir='ltr'>et,</span> <span class='ocrx_word' id='word_1_173' title='bbox 450 2181 485 2232; x_wconf 90' lang='lat' dir='ltr'>ut</span> <span class='ocrx_word' id='word_1_174' title='bbox 506 2167 555 2234; x_wconf 88' lang='lat' dir='ltr'>M.</span> <span class='ocrx_word' id='word_1_175' title='bbox 579 2171 697 2234; x_wconf 76' lang='lat' dir='ltr'>Babius</span> <span class='ocrx_word' id='word_1_176' title='bbox 721 2191 760 2233; x_wconf 88' lang='lat' dir='ltr'>ex</span> <span class='ocrx_word' id='word_1_177' title='bbox 779 2169 907 2234; x_wconf 88' lang='lat' dir='ltr'>Bruttiis</span> <span class='ocrx_word' id='word_1_178' title='bbox 931 2172 970 2233; x_wconf 92' lang='lat' dir='ltr'>ad</span> <span class='ocrx_word' id='word_1_179' title='bbox 988 2169 1156 2234; x_wconf 76' lang='lat' dir='ltr'>Tarentum</span> <span class='ocrx_word' id='word_1_180' title='bbox 1179 2183 1212 2236; x_wconf 89' lang='lat' dir='ltr'>et</span> <span class='ocrx_word' id='word_1_181' title='bbox 1231 2171 1428 2235; x_wconf 85' lang='lat' dir='ltr'>Brundisium</span> 
     </span>
     <span class='ocr_line' id='line_1_22' title="bbox 275 2257 1537 2350; baseline 0.003 -32"><span class='ocrx_word' id='word_1_182' title='bbox 275 2262 283 2282; x_wconf 75' lang='lat'><strong><em>⁹</em></strong></span> <span class='ocrx_word' id='word_1_183' title='bbox 404 2268 576 2320; x_wconf 86' lang='lat' dir='ltr'>romoveret</span> <span class='ocrx_word' id='word_1_184' title='bbox 589 2258 735 2340; x_wconf 82' lang='lat' dir='ltr'>legiones,</span> <span class='ocrx_word' id='word_1_185' title='bbox 750 2257 902 2336; x_wconf 72' lang='lat' dir='ltr'>decrevit,</span> <span class='ocrx_word' id='word_1_186' title='bbox 924 2259 993 2320; x_wconf 78' lang='lat' dir='ltr'>⁷⁵ut</span> <span class='ocrx_word' id='word_1_187' title='bbox 1006 2259 1089 2337; x_wconf 88' lang='lat' dir='ltr'>inde,</span> <span class='ocrx_word' id='word_1_188' title='bbox 1112 2259 1138 2320; x_wconf 90' lang='lat' dir='ltr'>si</span> <span class='ocrx_word' id='word_1_189' title='bbox 1153 2279 1199 2320; x_wconf 85' lang='lat' dir='ltr'>res</span> <span class='ocrx_word' id='word_1_190' title='bbox 1222 2271 1376 2340; x_wconf 85' lang='lat' dir='ltr'>posceret,</span> <span class='ocrx_word' id='word_1_191' title='bbox 1396 2261 1428 2321; x_wconf 87' lang='lat' dir='ltr'>in</span> <span class='ocrx_word' id='word_1_192' title='bbox 1536 2313 1537 2350; x_wconf 68' lang='lat'>,</span> 
     </span>
     <span class='ocr_line' id='line_1_23' title="bbox 380 2279 1537 2427; baseline 0.001 -21"><span class='ocrx_word' id='word_1_193' title='bbox 380 2279 599 2408; x_wconf 67' lang='lat' dir='ltr'>blacedoniam</span> <span class='ocrx_word' id='word_1_194' title='bbox 626 2342 800 2426; x_wconf 81' lang='lat' dir='ltr'>trajiceret3</span> <span class='ocrx_word' id='word_1_195' title='bbox 838 2355 871 2407; x_wconf 88' lang='lat' dir='ltr'>et</span> <span class='ocrx_word' id='word_1_196' title='bbox 896 2354 931 2406; x_wconf 87' lang='lat' dir='ltr'>ut</span> <span class='ocrx_word' id='word_1_197' title='bbox 951 2343 999 2407; x_wconf 89' lang='lat' dir='ltr'>M.</span> <span class='ocrx_word' id='word_1_198' title='bbox 1022 2343 1143 2410; x_wconf 81' lang='lat' dir='ltr'>Fulvius</span> <span class='ocrx_word' id='word_1_199' title='bbox 1165 2357 1277 2427; x_wconf 79' lang='lat' dir='ltr'>prator</span> <span class='ocrx_word' id='word_1_200' title='bbox 1301 2346 1429 2407; x_wconf 79' lang='lat' dir='ltr'>classem</span> <span class='ocrx_word' id='word_1_201' title='bbox 1536 2351 1537 2362; x_wconf 59' lang='lat'>¹</span> 
     </span>
     <span class='ocr_line' id='line_1_24' title="bbox 381 2429 1427 2513; baseline 0.002 -21"><span class='ocrx_word' id='word_1_202' title='bbox 381 2431 505 2493; x_wconf 84' lang='lat' dir='ltr'>navium</span> <span class='ocrx_word' id='word_1_203' title='bbox 520 2431 665 2513; x_wconf 80' lang='lat' dir='ltr'>triginta¹¹</span> <span class='ocrx_word' id='word_1_204' title='bbox 688 2431 823 2494; x_wconf 86' lang='lat' dir='ltr'>mitteret</span> <span class='ocrx_word' id='word_1_205' title='bbox 837 2431 878 2493; x_wconf 86' lang='lat' dir='ltr'>sd</span> <span class='ocrx_word' id='word_1_206' title='bbox 893 2430 1038 2493; x_wconf 91' lang='lat' dir='ltr'>tuendam</span> <span class='ocrx_word' id='word_1_207' title='bbox 1054 2429 1165 2494; x_wconf 75' lang='lat' dir='ltr'>Sicilia</span> <span class='ocrx_word' id='word_1_208' title='bbox 1183 2453 1291 2494; x_wconf 80' lang='lat' dir='ltr'>oram:</span> <span class='ocrx_word' id='word_1_209' title='bbox 1315 2443 1350 2494; x_wconf 89' lang='lat' dir='ltr'>et</span> <span class='ocrx_word' id='word_1_210' title='bbox 1371 2441 1427 2494; x_wconf 75' lang='lat' dir='ltr'>ut‘</span> 
     </span>
     <span class='ocr_line' id='line_1_25' title="bbox 382 2515 1536 2598; baseline 0.005 -22"><span class='ocrx_word' id='word_1_211' title='bbox 382 2537 453 2578; x_wconf 88' lang='lat' dir='ltr'>cum</span> <span class='ocrx_word' id='word_1_212' title='bbox 478 2517 608 2598; x_wconf 91' lang='lat' dir='ltr'>imperio</span> <span class='ocrx_word' id='word_1_213' title='bbox 634 2527 724 2594; x_wconf 85' lang='lat' dir='ltr'>esset,</span> <span class='ocrx_word' id='word_1_214' title='bbox 752 2517 804 2597; x_wconf 90' lang='lat' dir='ltr'>qui</span> <span class='ocrx_word' id='word_1_215' title='bbox 830 2518 959 2578; x_wconf 84' lang='lat' dir='ltr'>classem</span> <span class='ocrx_word' id='word_1_216' title='bbox 984 2537 1053 2579; x_wconf 89' lang='lat' dir='ltr'>eam</span> <span class='ocrx_word' id='word_1_217' title='bbox 1079 2519 1223 2580; x_wconf 85' lang='lat' dir='ltr'>duceret:</span> <span class='ocrx_word' id='word_1_218' title='bbox 1264 2517 1369 2598; x_wconf 83' lang='lat' dir='ltr'>(duxit</span> <span class='ocrx_word' id='word_1_219' title='bbox 1393 2515 1428 2582; x_wconf 66' lang='lat' dir='ltr'>la.</span> <span class='ocrx_word' id='word_1_220' title='bbox 1535 2539 1536 2544; x_wconf 50' lang='lat'>¹</span> 
     </span>
     <span class='ocr_line' id='line_1_26' title="bbox 379 2599 1428 2686; baseline 0.004 -24"><span class='ocrx_word' id='word_1_221' title='bbox 379 2599 498 2684; x_wconf 85' lang='lat' dir='ltr'>Oppius</span> <span class='ocrx_word' id='word_1_222' title='bbox 513 2599 676 2679; x_wconf 85' lang='lat' dir='ltr'>Salinator,</span> <span class='ocrx_word' id='word_1_223' title='bbox 691 2602 742 2682; x_wconf 89' lang='lat' dir='ltr'>qui</span> <span class='ocrx_word' id='word_1_224' title='bbox 757 2603 857 2686; x_wconf 91' lang='lat' dir='ltr'>priore</span> <span class='ocrx_word' id='word_1_225' title='bbox 872 2623 953 2665; x_wconf 87' lang='lat' dir='ltr'>annu</span> <span class='ocrx_word' id='word_1_226' title='bbox 967 2603 1061 2666; x_wconf 77' lang='lat' dir='ltr'>adilis</span> <span class='ocrx_word' id='word_1_227' title='bbox 1081 2604 1179 2686; x_wconf 90' lang='lat' dir='ltr'>plebis</span> <span class='ocrx_word' id='word_1_228' title='bbox 1203 2604 1314 2686; x_wconf 84' lang='lat' dir='ltr'>fuerat)</span> <span class='ocrx_word' id='word_1_229' title='bbox 1338 2615 1372 2666; x_wconf 90' lang='lat' dir='ltr'>et</span> <span class='ocrx_word' id='word_1_230' title='bbox 1395 2617 1428 2667; x_wconf 88' lang='lat' dir='ltr'>ut</span> 
     </span>
     <span class='ocr_line' id='line_1_27' title="bbox 379 2685 1427 2771; baseline 0.005 -24"><span class='ocrx_word' id='word_1_231' title='bbox 379 2687 463 2748; x_wconf 91' lang='lat' dir='ltr'>idem</span> <span class='ocrx_word' id='word_1_232' title='bbox 479 2697 588 2768; x_wconf 85' lang='lat' dir='ltr'>praetor</span> <span class='ocrx_word' id='word_1_233' title='bbox 603 2685 639 2748; x_wconf 75' lang='lat' dir='ltr'>Ia.</span> <span class='ocrx_word' id='word_1_234' title='bbox 650 2685 774 2751; x_wconf 88' lang='lat' dir='ltr'>Valerio</span> <span class='ocrx_word' id='word_1_235' title='bbox 789 2689 913 2771; x_wconf 74' lang='lat' dir='ltr'>collegae</span> <span class='ocrx_word' id='word_1_236' title='bbox 924 2690 1080 2768; x_wconf 86' lang='lat' dir='ltr'>scriberet,</span> <span class='ocrx_word' id='word_1_237' title='bbox 1094 2689 1284 2770; x_wconf 79' lang='lat' dir='ltr'>‘Periculum</span> <span class='ocrx_word' id='word_1_238' title='bbox 1296 2711 1376 2769; x_wconf 90' lang='lat' dir='ltr'>esse,</span> <span class='ocrx_word' id='word_1_239' title='bbox 1389 2711 1427 2752; x_wconf 92' lang='lat' dir='ltr'>ne</span> 
     </span>
     <span class='ocr_line' id='line_1_28' title="bbox 379 2772 1537 2858; baseline 0.009 -25"><span class='ocrx_word' id='word_1_240' title='bbox 379 2773 392 2806; x_wconf 86' lang='lat'>‘</span> <span class='ocrx_word' id='word_1_241' title='bbox 406 2773 509 2835; x_wconf 87' lang='lat' dir='ltr'>classis</span> <span class='ocrx_word' id='word_1_242' title='bbox 519 2774 598 2856; x_wconf 76' lang='lat' dir='ltr'>regis</span> <span class='ocrx_word' id='word_1_243' title='bbox 606 2772 754 2836; x_wconf 84' lang='lat' dir='ltr'>Antiochi</span> <span class='ocrx_word' id='word_1_244' title='bbox 766 2796 805 2836; x_wconf 87' lang='lat' dir='ltr'>ex</span> <span class='ocrx_word' id='word_1_245' title='bbox 815 2773 934 2838; x_wconf 87' lang='lat' dir='ltr'>AEtolia</span> <span class='ocrx_word' id='word_1_246' title='bbox 944 2777 976 2837; x_wconf 90' lang='lat' dir='ltr'>in</span> <span class='ocrx_word' id='word_1_247' title='bbox 988 2773 1125 2838; x_wconf 87' lang='lat' dir='ltr'>Siciliam</span> <span class='ocrx_word' id='word_1_248' title='bbox 1138 2775 1302 2858; x_wconf 84' lang='lat' dir='ltr'>trajiceret:</span> <span class='ocrx_word' id='word_1_249' title='bbox 1318 2777 1429 2858; x_wconf 82' lang='lat' dir='ltr'>itaque</span> <span class='ocrx_word' id='word_1_250' title='bbox 1536 2835 1537 2844; x_wconf 69' lang='grc'>,</span> 
     </span>
     <span class='ocr_line' id='line_1_29' title="bbox 379 2857 1537 2943; baseline 0.005 -23"><span class='ocrx_word' id='word_1_251' title='bbox 379 2857 1428 2943; x_wconf 78' lang='lat' dir='ltr'>‘placeresenatui,adeumexercitum,quemhaheret,⁷⁴tumultua·</span> <span class='ocrx_word' id='word_1_252' title='bbox 1536 2905 1537 2910; x_wconf 22' lang='grc' dir='ltr'><strong><em>κ</em></strong></span> 
     </span>
     <span class='ocr_line' id='line_1_30' title="bbox 379 2945 1426 3032; baseline 0.006 -26"><span class='ocrx_word' id='word_1_253' title='bbox 379 2945 391 2978; x_wconf 93' lang='lat'>‘</span> <span class='ocrx_word' id='word_1_254' title='bbox 405 2945 518 3007; x_wconf 88' lang='lat' dir='ltr'>riorum</span> <span class='ocrx_word' id='word_1_255' title='bbox 527 2947 658 3008; x_wconf 88' lang='lat' dir='ltr'>militum</span> <span class='ocrx_word' id='word_1_256' title='bbox 669 2947 873 3010; x_wconf 86' lang='lat' dir='ltr'>adduodecim</span> <span class='ocrx_word' id='word_1_257' title='bbox 884 2949 1005 3024; x_wconf 53' lang='lat' dir='ltr'>millia!</span> <span class='ocrx_word' id='word_1_258' title='bbox 1016 2960 1049 3011; x_wconf 88' lang='lat' dir='ltr'>et</span> <span class='ocrx_word' id='word_1_259' title='bbox 1059 2949 1295 3031; x_wconf 84' lang='lat' dir='ltr'>quadringentos</span> <span class='ocrx_word' id='word_1_260' title='bbox 1306 2950 1426 3032; x_wconf 84' lang='lat' dir='ltr'>equites</span> 
     </span>
     <span class='ocr_line' id='line_1_31' title="bbox 379 3030 1425 3117; baseline 0.004 -24"><span class='ocrx_word' id='word_1_261' title='bbox 379 3030 537 3094; x_wconf 85' lang='lat' dir='ltr'>‘scrihere</span> <span class='ocrx_word' id='word_1_262' title='bbox 553 3053 633 3111; x_wconf 90' lang='lat' dir='ltr'>eum,</span> <span class='ocrx_word' id='word_1_263' title='bbox 659 3034 766 3114; x_wconf 91' lang='lat' dir='ltr'>quibus</span> <span class='ocrx_word' id='word_1_264' title='bbox 780 3054 868 3096; x_wconf 90' lang='lat' dir='ltr'>oram</span> <span class='ocrx_word' id='word_1_265' title='bbox 882 3035 1066 3098; x_wconf 86' lang='lat' dir='ltr'>maritimam</span> <span class='ocrx_word' id='word_1_266' title='bbox 1087 3036 1257 3117; x_wconf 75' lang='lat' dir='ltr'>provincia,</span> <span class='ocrx_word' id='word_1_267' title='bbox 1278 3055 1342 3117; x_wconf 90' lang='lat' dir='ltr'>qua</span> <span class='ocrx_word' id='word_1_268' title='bbox 1359 3055 1425 3097; x_wconf 86' lang='lat' dir='ltr'>ver·</span> 
     </span>
     <span class='ocr_line' id='line_1_32' title="bbox 379 3117 1426 3203; baseline 0.005 -25"><span class='ocrx_word' id='word_1_269' title='bbox 379 3117 492 3200; x_wconf 81' lang='lat' dir='ltr'>‘geret</span> <span class='ocrx_word' id='word_1_270' title='bbox 507 3120 538 3180; x_wconf 90' lang='lat' dir='ltr'>in</span> <span class='ocrx_word' id='word_1_271' title='bbox 553 3118 713 3198; x_wconf 77' lang='lat' dir='ltr'>Graciam,</span> <span class='ocrx_word' id='word_1_272' title='bbox 725 3122 803 3182; x_wconf 91' lang='lat' dir='ltr'>tueri</span> <span class='ocrx_word' id='word_1_273' title='bbox 818 3119 944 3202; x_wconf 78' lang='lat' dir='ltr'>posset’</span> <span class='ocrx_word' id='word_1_274' title='bbox 974 3120 1054 3182; x_wconf 83' lang='lat' dir='ltr'>Eum</span> <span class='ocrx_word' id='word_1_275' title='bbox 1069 3122 1221 3185; x_wconf 88' lang='lat' dir='ltr'>delectum</span> <span class='ocrx_word' id='word_1_276' title='bbox 1236 3133 1350 3203; x_wconf 76' lang='lat' dir='ltr'>praetor</span> <span class='ocrx_word' id='word_1_277' title='bbox 1364 3141 1426 3183; x_wconf 91' lang='lat' dir='ltr'>non</span> 
     </span>
     <span class='ocr_line' id='line_1_33' title="bbox 378 3201 1537 3290; baseline 0.003 -25"><span class='ocrx_word' id='word_1_278' title='bbox 378 3223 418 3266; x_wconf 87' lang='lat' dir='ltr'>err</span> <span class='ocrx_word' id='word_1_279' title='bbox 433 3201 539 3266; x_wconf 87' lang='lat' dir='ltr'>Sicilia</span> <span class='ocrx_word' id='word_1_280' title='bbox 553 3206 620 3290; x_wconf 88' lang='lat' dir='ltr'>ipsa</span> <span class='ocrx_word' id='word_1_281' title='bbox 634 3217 765 3285; x_wconf 87' lang='lat' dir='ltr'>tantum,</span> <span class='ocrx_word' id='word_1_282' title='bbox 780 3207 942 3270; x_wconf 88' lang='lat' dir='ltr'>sedetiam</span> <span class='ocrx_word' id='word_1_283' title='bbox 957 3228 997 3269; x_wconf 88' lang='lat' dir='ltr'>ex</span> <span class='ocrx_word' id='word_1_284' title='bbox 1011 3207 1294 3290; x_wconf 87' lang='lat' dir='ltr'>circumjacentibus</span> <span class='ocrx_word' id='word_1_285' title='bbox 1318 3207 1425 3269; x_wconf 87' lang='lat' dir='ltr'>insulis</span> <span class='ocrx_word' id='word_1_286' title='bbox 1536 3273 1537 3280; x_wconf 9' lang='grc' dir='ltr'>χ</span> 
     </span>
    </p>

    <p class='ocr_par' dir='ltr' id='par_1_10' title="bbox 292 3285 1537 3377">
     <span class='ocr_line' id='line_1_34' title="bbox 292 3285 1537 3377; baseline 0.004 -25"><span class='ocrx_word' id='word_1_287' title='bbox 292 3315 294 3320; x_wconf 96' lang='grc'><strong><em>·</em></strong></span> <span class='ocrx_word' id='word_1_288' title='bbox 327 3295 330 3302; x_wconf 90' lang='grc'><strong>’</strong></span> <span class='ocrx_word' id='word_1_289' title='bbox 378 3290 506 3355; x_wconf 78' lang='lat' dir='ltr'>habuitr</span> <span class='ocrx_word' id='word_1_290' title='bbox 534 3285 709 3375; x_wconf 76' lang='lat' dir='ltr'>oppidaque</span> <span class='ocrx_word' id='word_1_291' title='bbox 731 3294 837 3357; x_wconf 88' lang='lat' dir='ltr'>omnia</span> <span class='ocrx_word' id='word_1_292' title='bbox 858 3293 1021 3372; x_wconf 86' lang='lat' dir='ltr'>maritima,</span> <span class='ocrx_word' id='word_1_293' title='bbox 1045 3315 1111 3377; x_wconf 81' lang='lat' dir='ltr'>quae</span> <span class='ocrx_word' id='word_1_294' title='bbox 1128 3295 1161 3356; x_wconf 91' lang='lat' dir='ltr'>in</span> <span class='ocrx_word' id='word_1_295' title='bbox 1176 3293 1327 3357; x_wconf 85' lang='lat' dir='ltr'>Graeeiam</span> <span class='ocrx_word' id='word_1_296' title='bbox 1342 3313 1428 3356; x_wconf 83' lang='lat' dir='ltr'>versa</span> <span class='ocrx_word' id='word_1_297' title='bbox 1536 3305 1537 3310; x_wconf 77' lang='grc'>’</span> 
     </span>
    </p>

    <p class='ocr_par' dir='ltr' id='par_1_11' title="bbox 379 3378 1537 3460">
     <span class='ocr_line' id='line_1_35' title="bbox 379 3378 1537 3460; baseline 0.002 -20"><span class='ocrx_word' id='word_1_298' title='bbox 379 3389 475 3456; x_wconf 88' lang='lat' dir='ltr'>erant,</span> <span class='ocrx_word' id='word_1_299' title='bbox 490 3378 636 3460; x_wconf 74' lang='lat' dir='ltr'>presidiis</span> <span class='ocrx_word' id='word_1_300' title='bbox 650 3379 792 3444; x_wconf 76' lang='lat' dir='ltr'>firmavit.</span> <span class='ocrx_word' id='word_1_301' title='bbox 827 3379 957 3443; x_wconf 89' lang='lat' dir='ltr'>Addidit</span> <span class='ocrx_word' id='word_1_302' title='bbox 972 3381 1118 3443; x_wconf 87' lang='lat' dir='ltr'>alimenta</span> <span class='ocrx_word' id='word_1_303' title='bbox 1129 3381 1300 3443; x_wconf 79' lang='lat' dir='ltr'>rumoribus</span> <span class='ocrx_word' id='word_1_304' title='bbox 1315 3381 1429 3442; x_wconf 83' lang='lat' dir='ltr'>adven-</span> <span class='ocrx_word' id='word_1_305' title='bbox 1535 3407 1537 3436; x_wconf 64' lang='lat'><em>1</em></span> 
     </span>
    </p>
   </div>
   <div class='ocr_carea' id='block_1_3' title="bbox 210 3463 1537 3594">
    <p class='ocr_par' dir='ltr' id='par_1_12' title="bbox 210 3463 1537 3594">
     <span class='ocr_line' id='line_1_36' title="bbox 210 3463 1537 3594; baseline 0.002 -66"><span class='ocrx_word' id='word_1_306' title='bbox 210 3477 366 3594; x_wconf 43' lang='lat' dir='ltr'>minin</span> <span class='ocrx_word' id='word_1_307' title='bbox 379 3473 427 3528; x_wconf 89' lang='lat' dir='ltr'>tus</span> <span class='ocrx_word' id='word_1_308' title='bbox 442 3463 552 3556; x_wconf 77' lang='lat' dir='ltr'>Attali,</span> <span class='ocrx_word' id='word_1_309' title='bbox 566 3463 712 3528; x_wconf 80' lang='lat' dir='ltr'>Eumenis</span> <span class='ocrx_word' id='word_1_310' title='bbox 727 3467 840 3546; x_wconf 81' lang='lat' dir='ltr'>fratris,</span> <span class='ocrx_word' id='word_1_311' title='bbox 863 3466 915 3548; x_wconf 93' lang='lat' dir='ltr'>qui</span> <span class='ocrx_word' id='word_1_312' title='bbox 930 3467 1095 3546; x_wconf 86' lang='lat' dir='ltr'>nunciavit,</span> <span class='ocrx_word' id='word_1_313' title='bbox 1120 3466 1310 3530; x_wconf 89' lang='lat' dir='ltr'>Antiochum</span> <span class='ocrx_word' id='word_1_314' title='bbox 1325 3485 1425 3548; x_wconf 85' lang='lat' dir='ltr'>regem</span> <span class='ocrx_word' id='word_1_315' title='bbox 1535 3487 1537 3496; x_wconf 76' lang='grc'>’</span> 
     </span>
    </p>
   </div>
   <div class='ocr_carea' id='block_1_4' title="bbox 209 3583 1537 3741">
    <p class='ocr_par' dir='ltr' id='par_1_13' title="bbox 209 3583 1537 3741">
     <span class='ocr_line' id='line_1_37' title="bbox 209 3583 1537 3685; baseline 0.006 -24"><span class='ocrx_word' id='word_1_316' title='bbox 209 3608 345 3664; x_wconf 69' lang='lat' dir='ltr'>ausona.</span> <span class='ocrx_word' id='word_1_317' title='bbox 411 3613 680 3665; x_wconf 60' lang='lat' dir='ltr'>monstrassem.</span> <span class='ocrx_word' id='word_1_318' title='bbox 734 3615 797 3667; x_wconf 74' lang='lat' dir='ltr'>to..</span> <span class='ocrx_word' id='word_1_319' title='bbox 807 3616 825 3667; x_wconf 90' lang='lat'>1.</span> <span class='ocrx_word' id='word_1_320' title='bbox 839 3616 865 3668; x_wconf 86' lang='lat' dir='ltr'>c.</span> <span class='ocrx_word' id='word_1_321' title='bbox 875 3615 943 3670; x_wconf 62' lang='lat' dir='ltr'>sas.</span> <span class='ocrx_word' id='word_1_322' title='bbox 997 3616 1170 3685; x_wconf 58' lang='lat' dir='ltr'>nouarum.</span> <span class='ocrx_word' id='word_1_323' title='bbox 1244 3616 1444 3680; x_wconf 53' lang='lat' dir='ltr'>saeuum*</span> <span class='ocrx_word' id='word_1_324' title='bbox 1536 3583 1537 3642; x_wconf 74' lang='lat' dir='ltr'>T</span> 
     </span>
     <span class='ocr_line' id='line_1_38' title="bbox 378 3677 616 3741; baseline 0.029 -19"><span class='ocrx_word' id='word_1_325' title='bbox 378 3677 542 3741; x_wconf 72' lang='lat' dir='ltr'>taddpediter</span> <span class='ocrx_word' id='word_1_326' title='bbox 552 3679 616 3729; x_wconf 71' lang='lat' dir='ltr'>sau.</span> 
     </span>
    </p>
   </div>
   <div class='ocr_carea' id='block_1_5' title="bbox 373 3790 1537 4581">
    <p class='ocr_par' dir='ltr' id='par_1_14' title="bbox 377 3790 1427 3862">
     <span class='ocr_line' id='line_1_39' title="bbox 377 3790 1427 3862; baseline 0.006 -21"><span class='ocrx_word' id='word_1_327' title='bbox 377 3800 403 3841; x_wconf 85' lang='lat' dir='ltr'>et</span> <span class='ocrx_word' id='word_1_328' title='bbox 417 3790 510 3852; x_wconf 76' lang='lat' dir='ltr'>flaetim,</span> <span class='ocrx_word' id='word_1_329' title='bbox 523 3795 552 3842; x_wconf 82' lang='lat' dir='ltr'>ed</span> <span class='ocrx_word' id='word_1_330' title='bbox 569 3793 688 3858; x_wconf 85' lang='lat' dir='ltr'>utriusque</span> <span class='ocrx_word' id='word_1_331' title='bbox 698 3793 799 3846; x_wconf 83' lang='lat' dir='ltr'>flaminis</span> <span class='ocrx_word' id='word_1_332' title='bbox 809 3798 885 3848; x_wconf 81' lang='lat' dir='ltr'>fontes</span> <span class='ocrx_word' id='word_1_333' title='bbox 907 3796 1000 3860; x_wconf 80' lang='lat' dir='ltr'>jiesret]</span> <span class='ocrx_word' id='word_1_334' title='bbox 1019 3797 1152 3860; x_wconf 72' lang='lat' dir='ltr'>Elegentius</span> <span class='ocrx_word' id='word_1_335' title='bbox 1162 3796 1254 3848; x_wconf 67' lang='lat' dir='ltr'>abanet</span> <span class='ocrx_word' id='word_1_336' title='bbox 1268 3797 1300 3846; x_wconf 73' lang='lat' dir='ltr'>rb</span> <span class='ocrx_word' id='word_1_337' title='bbox 1314 3806 1351 3856; x_wconf 81' lang='lat' dir='ltr'>et,</span> <span class='ocrx_word' id='word_1_338' title='bbox 1366 3798 1427 3862; x_wconf 77' lang='lat' dir='ltr'>quod</span> 
     </span>
    </p>

    <p class='ocr_par' dir='ltr' id='par_1_15' title="bbox 376 3855 1427 3926">
     <span class='ocr_line' id='line_1_40' title="bbox 376 3855 1427 3926; baseline 0.01 -22"><span class='ocrx_word' id='word_1_339' title='bbox 376 3855 515 3906; x_wconf 78' lang='lat' dir='ltr'>incolebant.</span> <span class='ocrx_word' id='word_1_340' title='bbox 557 3858 727 3911; x_wconf 80' lang='lat' dir='ltr'>crediderimus</span> <span class='ocrx_word' id='word_1_341' title='bbox 738 3862 884 3926; x_wconf 84' lang='lat' dir='ltr'>potinsVes·</span> <span class='ocrx_word' id='word_1_342' title='bbox 915 3863 1004 3924; x_wconf 71' lang='lat' dir='ltr'>ignorat</span> <span class='ocrx_word' id='word_1_343' title='bbox 1020 3879 1079 3912; x_wconf 81' lang='lat' dir='ltr'>unus</span> <span class='ocrx_word' id='word_1_344' title='bbox 1095 3863 1315 3922; x_wconf 64' lang='lat' dir='ltr'>susannam,</span> <span class='ocrx_word' id='word_1_345' title='bbox 1331 3863 1427 3913; x_wconf 74' lang='lat' dir='ltr'>etlsrc-</span> 
     </span>
    </p>

    <p class='ocr_par' dir='ltr' id='par_1_16' title="bbox 375 3922 1426 3994">
     <span class='ocr_line' id='line_1_41' title="bbox 375 3922 1426 3994; baseline 0.009 -25"><span class='ocrx_word' id='word_1_346' title='bbox 375 3922 458 3970; x_wconf 81' lang='lat' dir='ltr'>celiam</span> <span class='ocrx_word' id='word_1_347' title='bbox 485 3922 648 3988; x_wconf 80' lang='lat' dir='ltr'>Helonemque</span> <span class='ocrx_word' id='word_1_348' title='bbox 674 3926 793 3976; x_wconf 79' lang='lat' dir='ltr'>viciniores</span> <span class='ocrx_word' id='word_1_349' title='bbox 817 3928 885 3978; x_wconf 87' lang='lat' dir='ltr'>lbero</span> <span class='ocrx_word' id='word_1_350' title='bbox 915 3939 1001 3976; x_wconf 78' lang='lat' dir='ltr'>tonet</span> <span class='ocrx_word' id='word_1_351' title='bbox 1018 3929 1117 3978; x_wconf 69' lang='lat' dir='ltr'>Andreas</span> <span class='ocrx_word' id='word_1_352' title='bbox 1131 3929 1211 3978; x_wconf 84' lang='lat' dir='ltr'>editio.</span> <span class='ocrx_word' id='word_1_353' title='bbox 1244 3929 1341 3985; x_wconf 73' lang='lat' dir='ltr'>Omne.</span> <span class='ocrx_word' id='word_1_354' title='bbox 1357 3929 1426 3994; x_wconf 82' lang='lat' dir='ltr'>paulo</span> 
     </span>
    </p>

    <p class='ocr_par' dir='ltr' id='par_1_17' title="bbox 375 3987 1426 4106">
     <span class='ocr_line' id='line_1_42' title="bbox 375 3987 1426 4106; baseline 0.008 -71"><span class='ocrx_word' id='word_1_355' title='bbox 375 3987 532 4100; x_wconf 51' lang='lat' dir='ltr'>suimsppem</span> <span class='ocrx_word' id='word_1_356' title='bbox 542 3989 661 4068; x_wconf 74' lang='lat' dir='ltr'>Oretanis.</span> <span class='ocrx_word' id='word_1_357' title='bbox 772 4059 778 4072; x_wconf 39' lang='grc' dir='ltr'>ι</span> <span class='ocrx_word' id='word_1_358' title='bbox 915 3993 1019 4106; x_wconf 56' lang='lat' dir='ltr'>irpferins,</span> <span class='ocrx_word' id='word_1_359' title='bbox 1042 3993 1142 4074; x_wconf 67' lang='lat' dir='ltr'>libenter</span> <span class='ocrx_word' id='word_1_360' title='bbox 1161 3995 1238 4071; x_wconf 73' lang='lat' dir='ltr'>addire</span> <span class='ocrx_word' id='word_1_361' title='bbox 1257 3994 1370 4058; x_wconf 74' lang='lat' dir='ltr'>panicole</span> <span class='ocrx_word' id='word_1_362' title='bbox 1389 4003 1426 4052; x_wconf 83' lang='lat' dir='ltr'>et,</span> 
     </span>
    </p>

    <p class='ocr_par' dir='ltr' id='par_1_18' title="bbox 376 4058 1429 4195">
     <span class='ocr_line' id='line_1_43' title="bbox 376 4058 1429 4195; baseline 0.008 -31"><span class='ocrx_word' id='word_1_363' title='bbox 376 4117 475 4180; x_wconf 75' lang='lat' dir='ltr'>latitate]</span> <span class='ocrx_word' id='word_1_364' title='bbox 492 4058 883 4195; x_wconf 34' lang='lat' dir='ltr'>ammam&amp;</span> <span class='ocrx_word' id='word_1_365' title='bbox 914 4067 1429 4188; x_wconf 45' lang='lat' dir='ltr'>lehlbthhsdhehtehtfflmmfflg</span> 
     </span>
    </p>

    <p class='ocr_par' dir='ltr' id='par_1_19' title="bbox 375 4185 1428 4248">
     <span class='ocr_line' id='line_1_44' title="bbox 375 4185 1428 4248; baseline 0.009 -19"><span class='ocrx_word' id='word_1_366' title='bbox 375 4194 485 4242; x_wconf 73' lang='lat' dir='ltr'>cogerent</span> <span class='ocrx_word' id='word_1_367' title='bbox 502 4185 594 4245; x_wconf 79' lang='lat' dir='ltr'>invitos,</span> <span class='ocrx_word' id='word_1_368' title='bbox 609 4187 647 4235; x_wconf 77' lang='lat' dir='ltr'>aad</span> <span class='ocrx_word' id='word_1_369' title='bbox 662 4188 728 4235; x_wconf 63' lang='lat' dir='ltr'>mear</span> <span class='ocrx_word' id='word_1_370' title='bbox 744 4191 882 4248; x_wconf 70' lang='lat' dir='ltr'>monitate,</span> <span class='ocrx_word' id='word_1_371' title='bbox 915 4187 1008 4238; x_wconf 83' lang='lat' dir='ltr'>Etenim</span> <span class='ocrx_word' id='word_1_372' title='bbox 1018 4203 1103 4237; x_wconf 86' lang='lat' dir='ltr'>norum</span> <span class='ocrx_word' id='word_1_373' title='bbox 1117 4200 1154 4240; x_wconf 80' lang='lat' dir='ltr'>eet</span> <span class='ocrx_word' id='word_1_374' title='bbox 1169 4190 1215 4238; x_wconf 84' lang='lat' dir='ltr'>hoc</span> <span class='ocrx_word' id='word_1_375' title='bbox 1231 4188 1428 4238; x_wconf 69' lang='lat' dir='ltr'>mmm</span> 
     </span>
    </p>

    <p class='ocr_par' dir='ltr' id='par_1_20' title="bbox 374 4249 1428 4320">
     <span class='ocr_line' id='line_1_45' title="bbox 374 4249 1428 4320; baseline 0.012 -27"><span class='ocrx_word' id='word_1_376' title='bbox 374 4259 427 4307; x_wconf 68' lang='lat' dir='ltr'>qum</span> <span class='ocrx_word' id='word_1_377' title='bbox 442 4249 544 4298; x_wconf 80' lang='lat' dir='ltr'>volenter</span> <span class='ocrx_word' id='word_1_378' title='bbox 562 4252 679 4300; x_wconf 81' lang='lat' dir='ltr'>suadendo</span> <span class='ocrx_word' id='word_1_379' title='bbox 696 4252 882 4317; x_wconf 75' lang='lat' dir='ltr'>emolliendaque</span> <span class='ocrx_word' id='word_1_380' title='bbox 913 4264 989 4318; x_wconf 85' lang='lat' dir='ltr'>eaput,</span> <span class='ocrx_word' id='word_1_381' title='bbox 1001 4269 1045 4303; x_wconf 87' lang='lat' dir='ltr'>uec</span> <span class='ocrx_word' id='word_1_382' title='bbox 1061 4254 1090 4302; x_wconf 83' lang='lat' dir='ltr'>sd</span> <span class='ocrx_word' id='word_1_383' title='bbox 1106 4253 1214 4304; x_wconf 80' lang='lat' dir='ltr'>eumdem</span> <span class='ocrx_word' id='word_1_384' title='bbox 1231 4254 1355 4304; x_wconf 63' lang='lat' dir='ltr'>homnem</span> <span class='ocrx_word' id='word_1_385' title='bbox 1370 4269 1428 4320; x_wconf 82' lang='lat' dir='ltr'>per·</span> 
     </span>
    </p>

    <p class='ocr_par' dir='ltr' id='par_1_21' title="bbox 373 4312 1537 4449">
     <span class='ocr_line' id='line_1_46' title="bbox 373 4312 1537 4375; baseline 0.015 -20"><span class='ocrx_word' id='word_1_386' title='bbox 373 4312 463 4358; x_wconf 79' lang='lat' dir='ltr'>nomini</span> <span class='ocrx_word' id='word_1_387' title='bbox 474 4312 577 4364; x_wconf 82' lang='lat' dir='ltr'>Romano</span> <span class='ocrx_word' id='word_1_388' title='bbox 586 4317 723 4375; x_wconf 79' lang='lat' dir='ltr'>reverentia,</span> <span class='ocrx_word' id='word_1_389' title='bbox 732 4320 864 4368; x_wconf 81' lang='lat' dir='ltr'>devinciret.</span> <span class='ocrx_word' id='word_1_390' title='bbox 913 4319 999 4368; x_wconf 68' lang='lat' dir='ltr'>tineas</span> <span class='ocrx_word' id='word_1_391' title='bbox 1536 4323 1537 4354; x_wconf 71' lang='lat' dir='ltr'>l</span> 
     </span>
     <span class='ocr_line' id='line_1_47' title="bbox 407 4373 1537 4449; baseline 0.012 -27"><span class='ocrx_word' id='word_1_392' title='bbox 407 4373 430 4411; x_wconf 83' lang='lat'>⁷⁴</span> <span class='ocrx_word' id='word_1_393' title='bbox 446 4376 798 4449; x_wconf 76' lang='lat' dir='ltr'>Adtaerdouoor&#39;orununieroe]</span> <span class='ocrx_word' id='word_1_394' title='bbox 817 4383 881 4446; x_wconf 65' lang='lat' dir='ltr'>Lege</span> <span class='ocrx_word' id='word_1_395' title='bbox 945 4381 968 4422; x_wconf 82' lang='lat'>⁷⁶</span> <span class='ocrx_word' id='word_1_396' title='bbox 985 4383 1190 4436; x_wconf 74' lang='lat' dir='ltr'>lbmaltuurr&#39;nun</span> <span class='ocrx_word' id='word_1_397' title='bbox 1205 4387 1305 4436; x_wconf 75' lang='lat' dir='ltr'>mithres</span> <span class='ocrx_word' id='word_1_398' title='bbox 1320 4385 1353 4434; x_wconf 82' lang='lat' dir='ltr'>erl</span> <span class='ocrx_word' id='word_1_399' title='bbox 1370 4385 1429 4434; x_wconf 73' lang='lat' dir='ltr'>eu-</span> <span class='ocrx_word' id='word_1_400' title='bbox 1536 4399 1537 4436; x_wconf 75' lang='lat' dir='ltr'>l</span> 
     </span>
    </p>

    <p class='ocr_par' dir='ltr' id='par_1_22' title="bbox 375 4440 1537 4581">
     <span class='ocr_line' id='line_1_48' title="bbox 375 4440 1537 4519; baseline 0.019 -33"><span class='ocrx_word' id='word_1_401' title='bbox 375 4440 735 4519; x_wconf 74' lang='lat' dir='ltr'>cumGropoyiorudtmtndct.</span> <span class='ocrx_word' id='word_1_402' title='bbox 913 4449 1171 4518; x_wconf 47' lang='lat' dir='ltr'>manubriatos]</span> <span class='ocrx_word' id='word_1_403' title='bbox 1194 4451 1326 4505; x_wconf 63' lang='lat' dir='ltr'>Vd&#39;not.</span> <span class='ocrx_word' id='word_1_404' title='bbox 1341 4447 1431 4506; x_wconf 55' lang='lat' dir='ltr'>66.ss</span> <span class='ocrx_word' id='word_1_405' title='bbox 1536 4451 1537 4496; x_wconf 69' lang='lat' dir='ltr'>l</span> 
     </span>
     <span class='ocr_line' id='line_1_49' title="bbox 408 4503 1075 4581; baseline 0.019 -25"><span class='ocrx_word' id='word_1_406' title='bbox 408 4503 431 4543; x_wconf 53' lang='lat'>⁷3</span> <span class='ocrx_word' id='word_1_407' title='bbox 450 4503 540 4558; x_wconf 59' lang='lat' dir='ltr'>vivide</span> <span class='ocrx_word' id='word_1_408' title='bbox 555 4541 563 4564; x_wconf 86' lang='lat' dir='ltr'>t</span> <span class='ocrx_word' id='word_1_409' title='bbox 579 4514 651 4566; x_wconf 66' lang='lat' dir='ltr'>seht</span> <span class='ocrx_word' id='word_1_410' title='bbox 668 4510 882 4566; x_wconf 55' lang='lat' dir='ltr'>Wlfflin*</span> <span class='ocrx_word' id='word_1_411' title='bbox 912 4515 1075 4581; x_wconf 50' lang='lat' dir='ltr'>&amp;melma</span> 
     </span>
    </p>
   </div>
   <div class='ocr_carea' id='block_1_6' title="bbox 0 0 1544 5196">
    <p class='ocr_par' dir='ltr' id='par_1_23' title="bbox 0 0 1544 5196">
     <span class='ocr_line' id='line_1_50' title="bbox 0 0 1544 5196; baseline 0 1"><span class='ocrx_word' id='word_1_412' title='bbox 0 0 1544 5196; x_wconf 95' lang='lat' dir='ltr'> </span> 
     </span>
    </p>
   </div>
  </div>
 </body>
</html>
