3026 5164
345 339 405 404 414
768 332 852 400 ΤΙΤΙ
872 331 973 394 mvn

177 488 212 542 U.
224 489 253 544 C.
265 489 320 553 56⁶1
343 484 427 562 Data
442 499 606 569 operaest,
621 497 656 551 nt
671 487 770 568 primo
790 505 910 568 quoque
930 498 1070 566 tempore
1093 482 1397 568 comprehenderen-

177 553 249 626 Α’βτ
262 555 317 604 ¹⁸⁶·
343 585 402 639 tur.
445 575 581 646 Adducti
611 575 652 636 sd
674 574 822 652 consules,
846 573 976 654 fassique
999 572 1037 636 de
1062 593 1106 651 se,
1129 572 1246 644 nullam
1275 591 1394 642 maram

339 661 458 744 judicio
473 661 622 732 lecerunt.

353 807 355 814 Α
385 747 502 810 XVIII.
518 746 661 814 Ceterum
677 757 766 820 tauta
780 745 853 828 fuga
867 767 906 819 en
919 747 994 809 urbe
1009 747 1091 810 facta
1111 758 1187 825 erat,
1210 758 1258 825 ut,
1282 748 1311 790 ⁷⁰
1323 746 1395 826 quia

342 835 445 910 multis
480 835 617 904 actiones
647 847 679 896 et
711 856 757 896 res
791 834 943 916 peribant,
977 846 1158 915 cogerentur
1189 846 1336 916 praetores
1356 831 1395 894 Τ.

342 919 473 998 Martius
489 934 521 984 st
535 920 583 985 M.
605 921 738 996 Licinius
760 925 784 970 71
798 942 852 1003 per
874 932 1012 983 senatum
1035 943 1083 984 res
1105 921 1136 986 iu
1161 920 1244 985 diem
1270 919 1394 1000 trigesi-

342 1030 426 1080 mum
453 1009 582 1088 differre,
609 1011 707 1072 donec
732 1009 912 1090 quaestiones
928 1030 947 1070 a
961 1007 1134 1077 consulibus
1158 1007 1392 1089 perficerentur.

342 1094 458 1173 Fadum
481 1097 624 1176 solitudo,
647 1097 718 1177 quia
745 1096 850 1159 Romae
872 1116 935 1160 non
958 1096 1191 1176 respondebant,
1223 1115 1282 1156 nec
1308 1095 1395 1156 iuve-

342 1182 514 1262 utebantur,
543 1204 671 1266 quorum
701 1184 827 1248 nomina
855 1181 959 1254 delata
991 1195 1090 1260 erant,
1123 1181 1226 1263 coegit
1251 1181 1394 1245 consules

342 1270 512 1348 circatore
538 1270 700 1354 proficisci,
730 1271 831 1351 ibique
865 1289 996 1350 quarere
1028 1281 1060 1333 et
1089 1267 1208 1352 judicia
1237 1289 1392 1330 exercere.

342 1355 403 1434 Qui
426 1369 543 1420 tantum
567 1358 678 1420 initiati
701 1369 797 1434 erant,
828 1369 861 1420 et
889 1377 928 1418 ex
954 1358 1088 1424 carmine
1114 1377 1212 1432 sacru,
1237 1368 1393 1438 praeunte

341 1445 433 1520 uerba
469 1446 640 1522 sacerdote,
674 1444 863 1527 precationes
896 1442 1044 1521 fecerant,
1070 1443 1233 1524 inquibus
1256 1442 1392 1518 nefanda

342 1530 513 1612 conjuratio
536 1533 567 1592 in
590 1553 681 1594 omne
704 1531 819 1592 facinus
842 1551 878 1592 ac
900 1530 1057 1602 libidinem
1083 1531 1311 1612 continebatur,
1335 1551 1392 1592 nec

342 1639 446 1684 earum
472 1640 571 1694 rerunt
594 1618 687 1696 ullam
718 1619 749 1680 in
772 1639 846 1698 quas
865 1615 1062 1698 jurejurando
1085 1617 1211 1698 obligati
1234 1627 1337 1694 eraut,
1359 1617 1390 1678 in

342 1727 375 1768 se
397 1718 451 1769 aut
481 1705 556 1768 alios
579 1706 774 1782 admiserant,
797 1726 848 1766 eos
871 1705 902 1766 in
924 1705 1050 1776 vinculis
1072 1705 1309 1785 relinquebant:
1338 1705 1389 1784 qui

342 1793 452 1874 stupris
465 1804 519 1868 aut
533 1792 664 1854 caedibus
679 1792 782 1854 violati
799 1803 895 1864 erant,
920 1791 971 1872 qui
997 1791 1080 1857 falsis
1104 1791 1301 1868 testimoniis,
1328 1790 1389 1872 sig-

341 1879 389 1945 uis
417 1879 604 1958 adulterinis,
630 1878 817 1960 subjectione
846 1890 1110 1957 testamentorum,
1140 1877 1298 1941 fraudibus
1322 1877 1389 1938 aliis

342 1967 555 2044 contaminati,
571 1987 624 2028 eos
643 1965 768 2048 capitali
791 1987 883 2048 poena
906 1965 1098 2028 adliciebant.
1143 1963 1248 2036 Plures
1275 1966 1387 2042 necati,

341 2073 435 2134 quarn
449 2053 481 2132 iu
495 2054 615 2116 vincula
630 2053 762 2135 conjecti
777 2064 856 2128 sunt.
872 2073 985 2134 magna
1006 2053 1048 2116 vis
1070 2053 1102 2114 in
1126 2067 1257 2133 utraque
1284 2073 1388 2126 cauae

340 2140 472 2205 virorum
503 2141 720 2221 mulierumque
749 2139 816 2203 fuit.
872 2137 1018 2211 Mulieres
1047 2139 1207 2208 damnatas
1239 2138 1389 2221 cognatis,

342 2237 394 2305 aut
418 2228 449 2290 in
474 2249 602 2308 qnorum
628 2247 720 2297 uranu
742 2237 854 2304 essent,
876 2226 1049 2304 tradebant,
1078 2239 1114 2289 ut
1135 2226 1192 2308 ipsi
1216 2227 1248 2294 iu
1272 2225 1389 2309 privam

342 2314 619 2392 animadverterent
633 2315 664 2376 in
687 2335 748 2376 eas.
763 2314 788 2374 si
804 2335 895 2376 nemo
911 2326 977 2376 erat
999 2314 1124 2376 idoneus
1139 2314 1282 2396 supplicii
1298 2334 1388 2376 exac-

342 2412 401 2478 tor,
426 2402 458 2464 in
484 2402 606 2484 publico
633 2401 938 2472 animadvertebatur.
982 2399 1098 2472 Datum
1123 2400 1233 2463 deiude
1254 2400 1388 2465 consuli-

341 2488 397 2551 bus
424 2489 579 2570 negotium
606 2499 663 2567 est,
690 2500 724 2550 ut
753 2489 857 2551 onmia
885 2486 1091 2550 Bacchanalia
1114 2486 1220 2551 Romae
1243 2489 1387 2570 priorum,

342 2574 452 2635 deiude
468 2596 521 2656 per
536 2587 634 2639 totam
659 2573 791 2653 ltaliam,
814 2576 987 2652 diruerent;
1012 2587 1101 2638 extra
1121 2575 1249 2658 quamsi
1265 2593 1325 2655 qua
1340 2574 1381 2636 ibi

340 2672 460 2723 vetusta
476 2682 528 2722 ara
543 2675 596 2724 aut
608 2664 727 2743 signum
739 2673 949 2724 consecratum
963 2673 1052 2724 esset.
1068 2663 1099 2724 in
1117 2661 1259 2744 reliquum
1270 2661 1381 2730 deinde

175 2759 285 2809 Senatus·
340 2750 366 2794 ⁷²
380 2749 642 2810 senatusconsulto
665 2760 789 2812 cautum
810 2762 867 2828 est,
891 2747 962 2810 ‘Ne
976 2769 1036 2834 qua
1049 2748 1248 2820 Bacchanalia
1263 2747 1379 2824 Romae,

176 2827 308 2940 {oqunqq
341 2834 351 2867 ‘
367 2855 442 2898 neve
457 2835 487 2895 in
504 2833 593 2898 ltalia
607 2850 718 2900 essent.
732 2837 757 2898 si
772 2837 837 2919 quis
853 2837 914 2898 tale
928 2857 1047 2902 sacrum
1061 2837 1207 2898 sollemne
1229 2847 1260 2898 et
1273 2855 1381 2896 necm-

176 2907 276 3008 ,iqbfss‘
308 2921 318 2931 ’
342 2922 477 2986 ‘sarium
504 2923 638 3000 duceret,
654 2945 710 2985 nec
726 2924 791 2985 sine
807 2923 953 3004 religione
968 2938 1000 2986 ct
1015 2923 1137 3005 piaculo
1152 2944 1184 2986 se
1199 2921 1231 2983 id
1244 2921 1385 2984 omittere

267 2995 273 3010 ⁸
342 3010 352 3042 ‘
369 3029 467 3091 posse,
483 3010 563 3092 apud
579 3023 737 3092 praetorem
753 3011 900 3072 urbanum
912 3009 1112 3092 profiteretur,
1128 3021 1237 3094 praetor
1248 3023 1387 3082 senatum

342 3097 353 3129 ⁶
369 3097 550 3159 consuleret.
560 3099 585 3162 si
598 3099 625 3158 ei
635 3099 813 3180 permissum
825 3108 914 3175 esset,
927 3118 1019 3179 quum
1032 3098 1063 3160 in
1073 3109 1180 3162 senatu
1193 3108 1317 3158 centum
1327 3115 1388 3156 non

344 3183 467 3244 ‘minus
483 3197 597 3262 essent,
621 3186 665 3246 ita
687 3185 720 3245 id
745 3205 864 3246 sacrum
879 3183 1005 3262 faceret,
1026 3184 1099 3246 dum
1113 3206 1152 3246 ne
1168 3185 1237 3267 plus
1256 3184 1389 3266 quinque

343 3270 354 3302 ‘
368 3271 516 3335 sacrificio
532 3272 723 3351 interessent,
737 3292 796 3344 ncu
820 3291 880 3351 qua
895 3271 1024 3353 pecunia
1045 3272 1226 3349 communis,
1247 3292 1308 3332 neu
1324 3271 1389 3352 quis

343 3357 354 3404 ⁴
362 3359 514 3440 ¹magister
528 3380 693 3436 sacrorum,
709 3373 763 3420 aut
777 3358 918 3420 sacerdos
934 3356 1034 3420 esset!

386 3442 474 3508 XlX'.
497 3445 590 3506 Aliud
606 3445 716 3507 deinde
730 3445 800 3507 huic
816 3443 1024 3526 conjunctum,
1043 3444 1193 3511 referente
1213 3444 1252 3516 Q.
1269 3443 1388 3512 Marcio

343 3532 476 3609 consule,
504 3532 798 3609 senatusconsultum
824 3531 938 3594 factum
961 3544 1017 3610 est,
1033 3531 1043 3564 ‘
1059 3529 1105 3595 Ut
1119 3531 1157 3594 de
1180 3533 1228 3609 iis,
1244 3553 1321 3614 quos
1336 3553 1389 3612 pro¹

343 3619 353 3651 ‘
369 3618 517 3680 indicibus
533 3619 670 3682 consules
686 3619 871 3697 habuissent,
887 3619 1007 3699 integra
1022 3640 1070 3680 res
1085 3619 1125 3680 ad
1140 3629 1281 3680 senatum
1297 3619 1390 3680 refer-

343 3706 353 3737 ‘
369 3717 461 3784 retur,
477 3727 568 3788 quum
591 3705 643 3788 Sp.
656 3705 837 3784 Postumius,
852 3706 1065 3788 quaestionibus
1087 3704 1241 3788 perfectis,
1257 3703 1390 3768 Romam

344 3791 354 3824 ‘
369 3793 506 3856 redisset.
537 3791 669 3859 Minium
683 3792 851 3857 Cerrinium
866 3791 1056 3876 Campanum
1072 3791 1207 3866 Ardeam
1222 3793 1254 3854 in
1269 3792 1392 3856 vincula

375 3951 397 3988 ⁷⁰
409 3949 469 4005 Quia
487 3953 563 4001 multis
578 3953 670 4000 ustiones
688 3962 709 3999 et
732 3968 767 4001 reu
790 3953 849 4014 pari-
914 3951 1028 4001 71*Ρστ
1047 3949 1156 4017 mutum]
1190 3949 1227 4000 Er
1252 3953 1392 4001 austeritate

344 4016 407 4079 inin]
429 4018 465 4066 Ex
477 4018 520 4068 illis
530 4033 612 4082 nempe
624 4019 663 4080 qui
673 4017 779 4078 sugerunt
790 4019 850 4066 mul·
882 4029 982 4068 senatus

344 4081 447 4140 tierent,
466 4084 505 4147 qui
522 4100 592 4147 quum
616 4083 669 4130 lites
691 4099 767 4132 coram
787 4085 850 4148 jndi-
913 4083 1132 4132 ”detumescente
1152 4092 1244 4135 mrum
1268 4083 1313 4145 est]
1350 4083 1391 4132 ln·

343 4146 408 4196 cibus
430 4153 556 4214 pendentes
578 4149 698 4206 haberent,
721 4147 750 4195 ob
767 4149 849 4196 obsen-
882 4150 942 4212 regri
968 4148 1160 4198 senatusconsulti
1186 4137 1330 4212 exemplum,
1361 4165 1391 4199 ex

344 4211 409 4274 tisrn,
421 4228 527 4279 tanquam
538 4217 630 4262 deserto
646 4214 783 4272 vadimonio,
794 4231 849 4263 con·
881 4231 940 4264 aerea
952 4211 1037 4269 tabula,
1052 4224 1102 4276 port
1113 4226 1147 4262 tot
1159 4213 1237 4262 soeula
1256 4215 1393 4279 superstite,

344 4277 518 4340 damnabantur,
538 4298 564 4329 uc
593 4280 687 4343 proinde
713 4281 848 4330 amittebant
881 4283 944 4330 dedit
955 4273 1006 4328 Ja'c.
1018 4278 1149 4326 Gronovius
1165 4279 1190 4328 in
1211 4294 1253 4326 sus
1270 4281 1392 4327 Ciceronis

342 4345 415 4406 etjus
426 4345 611 4410 perscquendiin
626 4346 713 4409 judicio
730 4353 791 4408 quod
807 4349 849 4396 sibi
881 4348 990 4401 editione,
1015 4344 1118 4405 Lugduni
1149 4346 1300 4400 Batavorum,
1329 4361 1392 4394 auno

344 4406 474 4472 deberetur,
482 4421 507 4462 st
518 4427 556 4460 res
567 4411 625 4478 ipsas
636 4411 665 4462 de
676 4411 758 4476 quibua
774 4412 803 4462 lis
813 4413 849 4462 fo·
881 4413 953 4526 dm
972 4410 1160 4526 lt(ipnrmsntario
1171 4424 1248 4478 nuper
1268 4409 1394 4477 illmtrarit

342 4483 387 4523 ms
896 4489 961 4528 otili!
1018 4492 1054 4528 ut·
