3068 5186
293 552 560 638 EPITOME
589 549 758 644 LIBRI
785 547 1000 635 XXXIX.

551 805 747 824 ι--ι-*ω

170 977 224 1043 Μ.
238 975 454 1042 AEMiLIUS
467 977 581 1060 emend,
596 978 768 1065 ligariim
787 977 934 1058 mbactis,
947 978 1032 1042 mam
1051 997 1073 1040 a
1089 975 1171 1041 Pla-

122 1066 227 1129 centia
240 1087 334 1154 usque
347 1065 520 1135 Ariminum
530 1065 712 1150 perductam
727 1065 893 1130 Flamimae
902 1060 1019 1148 junuit.
1077 1061 1173 1128 Initia

126 1151 270 1230 aarum
291 1151 469 1216 introducta
493 1153 533 1216 alt
556 1152 691 1216 murita
705 1152 853 1232 Asiatico,
873 1148 1053 1231 reseruntur.
1110 1151 1173 1214 Li·

119 1257 228 1324 gures,
238 1239 414 1324 quicumque
428 1241 507 1303 citra
516 1238 707 1322 Apenninum
722 1247 822 1319 erant,
833 1237 955 1302 subacti
965 1244 1048 1301 arnt.
1084 1235 1174 1302 Bac-

125 1325 273 1388 chanalia
297 1344 418 1388 sacmrn
443 1326 594 1407 Granum,
614 1335 645 1388 et
669 1325 791 1410 qiridem
812 1332 1007 1404 nocturnum,
1028 1322 1176 1388 scelerum

121 1412 259 1475 arnuium
272 1411 479 1494 serninariurn,
493 1432 585 1497 quum
601 1411 644 1474 ad
656 1411 792 1495 ingentis
818 1411 916 1474 turbe
934 1407 1176 1492 conjurationem

122 1499 319 1581 pemmisset,
339 1517 360 1561 a
382 1497 502 1562 conside
520 1499 749 1581 investigatum,
764 1505 795 1560 et
818 1496 981 1572 multonem
991 1517 1085 1578 paena
1103 1497 1175 1560 sco-

128 1585 228 1648 latum
246 1593 304 1648 est.
348 1585 379 1648 A
393 1585 565 1649 cursoribus
578 1583 622 1649 1..
644 1582 764 1648 Valeria
779 1581 898 1646 Finem
919 1591 949 1645 et
971 1585 980 1622 ¹
997 1581 1046 1644 M.
1060 1583 1176 1647 Porcio

127 1669 256 1750 Catone,
272 1679 302 1734 et
316 1669 390 1733 belli
412 1680 443 1735 et
464 1672 553 1753 pacis
578 1670 699 1734 artibus
723 1670 871 1748 monimo,
888 1676 988 1731 motas
1004 1677 1048 1730 est
1067 1677 1177 1731 senatu

127 1757 172 1820 L.
191 1757 348 1829 Quinctius
361 1755 567 1838 Flamininus,
587 1755 624 1820 Τ.
642 1754 777 1829 Quinctii
781 1753 901 1837 srater,
917 1774 951 1818 eo
976 1755 1066 1838 qaod,
1085 1762 1177 1838 qutun

131 1843 273 1907 Galliam
287 1842 475 1925 prouinciam
498 1843 809 1922 canuti-obtinuerat,
823 1845 978 1926 'rogatus
990 1842 1024 1903 in
1040 1841 1177 1904 conuiuio

126 1949 151 1993 a
163 1929 308 2012 Phiiippo
321 1930 431 2011 Poeno,
442 1951 528 2016 qnem
544 1930 682 2009 amabat,
695 1939 795 1992 scorto
809 1927 915 2010 nobili,
929 1925 1058 1990 Gallum
1073 1947 1176 2011 quern

123 2017 203 2080 dam
216 2036 273 2079 ura
286 2035 380 2080 mauu
395 2017 566 2080 occiderat:
585 2016 659 2096 siae,
671 2024 708 2078 ut
721 2015 848 2099 quidam
861 2013 1066 2090 tradiderunt,
1081 2031 1178 2076 unum

127 2123 170 2166 eu
184 2103 341 2166 damnatis
354 2104 453 2166 semri
471 2111 682 2185 peruaserat,
692 2109 819 2186 rogatus
834 2119 856 2163 a
869 2100 1024 2165 moeniae
1039 2097 1176 2162 Placen-

63 2211 67 2226 ·
128 2189 207 2268 tina,
230 2185 314 2273 cnjus
340 2209 446 2253 amore
464 2189 632 2271 deperibat.
690 2187 815 2252 Exstat
836 2187 870 2252 in
895 2206 961 2250 cnm
982 2181 1034 2250 M.
1052 2183 1178 2248 Catonis

126 2273 239 2340 oratio.
284 2273 385 2357 Scipio
395 2275 515 2340 Literni
528 2275 665 2339 decessit.
705 2268 1176 2358 Et,tantquamjungentesor·

126 2370 209 2426 tuna
228 2361 311 2424 circa
335 2361 417 2425 idem
441 2371 558 2443 ternpus
580 2362 640 2424 duo
655 2357 775 2441 fimeta
800 2361 1004 2422 man-imorum
1028 2359 1176 2438 uirorum,

128 2441 309 2527 Hannibal,
325 2467 346 2511 a
359 2447 474 2512 Prusia
484 2447 643 2532 Bithynice
656 2467 741 2532 rege,
757 2447 799 2510 ad
813 2465 909 2530 quarm
923 2447 1003 2509 uicto
1014 2444 1176 2524 Antiocho,

127 2533 324 2619 confugerat,
346 2555 440 2618 quum
461 2535 625 2598 dederetur
640 2531 802 2612 Romanis,
821 2533 873 2616 qui
894 2532 937 2594 ad
958 2529 1177 2613 exposcendum

125 2621 217 2684 iilum
235 2618 271 2683 Τ.
289 2621 466 2693 Quinctium
480 2621 700 2684 Flamininum
721 2620 877 2698 mnuant,
891 2638 1006 2681 ueneno
1020 2617 1079 2681 sibi
1091 2637 1175 2680 mor-

65 2755 72 2766 .
124 2717 192 2771 *tern
218 2708 372 2770 consciuit.
426 2705 637 2788 Philopoemen
664 2725 788 2790 quoque,
815 2704 884 2768 dnn
909 2703 1102 2783 Acltoearrun,
1117 2703 1177 2766 ‘uir

129 2795 296 2874 munimur,
311 2813 332 2856 a
347 2790 513 2858 Messeniis
531 2793 712 2856 interemtus
731 2810 858 2872 omero,
874 2811 965 2875 qnnm
985 2790 1025 2853 alr
1044 2789 1083 2853 iis
1098 2789 1177 2854 bella

129 2889 239 2962 capitu
249 2887 338 2942 esset
389 2879 525 2943 Colonia
544 2877 721 2958 ⁸Potcntia,
745 2885 776 2941 ei
792 2877 975 2957 Pisaurum,
990 2884 1020 2939 et
1036 2875 1176 2956 Mutina,

128 2975 163 3030 et
177 2965 298 3028 Parma
313 2965 450 3030 deducta
473 2973 554 3028 sunt.
612 2965 771 3029 Praetereu
785 2983 835 3027 res
851 2965 995 3027 adversus
1012 2960 1177 3025 Celtiberos

127 3071 272 3134 prospere
282 3061 402 3137 gestas,
425 3060 456 3115 et
478 3051 573 3116 initia
588 3071 769 3135 canusasque
784 3049 853 3113 belli
866 3047 1063 3112 Macedonici
1077 3048 1177 3110 conti-

129 3147 184 3202 net
191 3160 205 3213 ,·
235 3137 321 3222 cujus
340 3139 428 3223 origo
447 3139 520 3201 iude
536 3138 648 3223 fluuit,
668 3137 748 3221 qnod
764 3134 927 3218 Philippus
941 3155 1025 3219 egre
1038 3130 1177 3214 serebat,

129 3245 264 3309 regnum
290 3245 381 3289 surum
405 3223 535 3288 inminui
563 3244 584 3287 a
602 3225 769 3302 Romanis,
801 3231 830 3286 et
859 3223 939 3308 quod
965 3228 1132 3306 cogeretur,
1154 3239 1178 3284 a

133 3311 307 3376 ‘I'lrraciltus
321 3312 447 3396 aliisque
463 3311 535 3375 locis
547 3311 695 3392 prasidio
709 3311 865 3373 deducere.
1222 3327 1224 3330 ·

165 3444 319 3493 ¹M.Porcia
332 3443 640 3507 Catone..mo1inro]1.i·
671 3445 778 3506 Sigonius
802 3444 848 3504 legi
867 3441 964 3506 jumne
986 3441 1095 3500 Potentia,
1115 3443 1189 3506 quod·

131 3507 335 3558 brihabebentoir
352 3511 505 3558 ..noeman
538 3509 639 3559 Mutavit
671 3509 790 3560 nomentio
802 3509 850 3558 suis
866 3508 930 3556 libris
945 3506 1041 3572 reperiri
1057 3507 1173 3556 affirmat:

129 3575 249 3636 Sigonius,
267 3588 293 3623 ut
311 3574 348 3622 hoe
369 3573 447 3623 lauder
469 3575 494 3621 in
516 3571 640 3636 Catonern,
670 3587 695 3624 et
712 3575 833 3624 mentitur
841 3589 931 3638 quaque
950 3571 1038 3620 Vtilius
1052 3571 1092 3620 lib.
1105 3585 1122 3621 ι.
1134 3573 1176 3622 ubi
1257 3613 1263 3626 .

130 3655 182 3689 stan
194 3641 257 3688 inl..
270 3640 392 3688 omnium
403 3634 518 3688 cademot.
544 3639 575 3688 Et
587 3642 638 3704 qui·
670 3643 700 3689 de
722 3640 888 3702 colonitium.
921 3638 1007 3688 Plinius
1024 3653 1114 3702 quaque
1129 3636 1176 3685 Po·

132 3706 186 3753 dem
198 3706 301 3754 Andreas
317 3705 387 3754 hebet
397 3706 497 3762 nmmum
514 3705 554 3752 ted
570 3708 639 3756 omit·
671 3707 743 3756 tentia
758 3705 821 3754 urbis
839 3708 863 3754 iu
881 3704 969 3752 Piceno
986 3705 1126 3752 mentionem
1141 3704 1178 3752 ia·

133 3769 269 3820 titriuiro.
672 3771 821 3829 cit,l.nt.c.
834 3773 871 3820 13.
904 3770 949 3820 set
959 3770 1020 3818 idern
1030 3769 1113 3818 ibidem
1122 3767 1178 3816 Pol-

165 3831 293 3899 ’Rogana
308 3836 333 3883 in
352 3833 459 3898 conuiuia]
491 3833 556 3884 Duos
577 3847 640 3900 post·
673 3835 980 3900 imtinatquaqaesppeiitt.
1013 3831 1093 3886 Quum
1108 3833 1178 3894 igitur

132 3914 208 3950 remu
225 3915 291 3948 roceo
310 3901 443 3962 adjecimus,
461 3915 517 3963 quos
534 3913 558 3949 et
575 3902 639 3964 Sigo-
672 3900 696 3948 in
716 3901 799 3950 Piceno
817 3903 903 3950 luerint
922 3911 946 3949 et
965 3899 1068 3946 Potentia
1082 3910 1107 3947 et
1123 3897 1179 3948 Pol-

130 3966 188 4016 itius
198 3965 221 4012 in
232 3965 346 4013 veteribus
355 3965 426 4022 libris,
440 3975 465 4014 et
477 3964 608 4016 Gronovius
619 3969 642 4016 in
674 3966 741 4014 lentio
752 3968 825 4025 urbis,
839 3968 900 4016 nulls
911 3966 977 4014 nobis
994 3978 1045 4012 erse
1062 3965 1121 4012 ratio
1131 3965 1178 4013 risa

131 4033 206 4080 tribus
213 4031 285 4080 MSS.
298 4043 388 4079 exstare
398 4042 520 4080 testentur.
544 4033 577 4082 Et
586 4048 642 4082 con·
674 4041 717 4088 est,
732 4047 774 4081 cut
784 4037 884 4081 retorem
903 4030 971 4096 hujus
989 4030 1034 4078 lati
1052 4030 1178 4078 lectionem

131 4098 205 4147 sentit
218 4095 456 4153 unanimitati.
672 4097 853 4161 repudiaremus.
884 4097 1015 4163 Campanas
1036 4105 1115 4146 tomen
1135 4093 1179 4144 ha·

166 4163 178 4197 ³
196 4159 319 4226 Patientia]
343 4161 381 4211 Sic
400 4160 484 4212 habeat
503 4161 559 4214 olim
579 4161 642 4214 editi.
673 4161 713 4212 bet
722 4161 833 4215 Potentia.
