3044 5194
354 339 396 393 40
782 291 866 390 rur
887 329 988 388 mvn

189 496 330 546 uasta.
359 484 527 548 Hermione
556 485 715 568 petissent,
751 505 864 566 paucos
895 484 936 544 ibi
968 480 1079 544 morati
1110 481 1185 557 dies,
1228 480 1406 562 oneratique

188 561 264 614 Μ·
275 561 331 613 ²⁰⁰·
361 575 482 652 ⁵⁸aeque
497 572 660 633 inmodicis
676 570 715 632 ad
731 572 861 631 bonores
876 569 1039 646 sociorum,
1059 571 1170 648 atquet
1192 567 1224 628 in
1240 569 1285 628 ira
1300 567 1424 640 adven,
1517 581 1518 650 y

361 680 411 720 sus
431 660 551 719 bostem
580 657 710 734 fuerant,
738 655 970 718 Atheniensium
995 655 1136 730 decretis,
1161 654 1307 734 navigant
1322 676 1341 715 a
1356 651 1405 714 Pi-

361 767 439 807 raeco
452 743 601 806 Andrum.
626 755 658 805 et
682 763 774 825 quum
798 743 829 803 iu
856 754 955 823 portu,
980 761 1069 822 quern
1092 738 1263 818 Gaureleou
1283 751 1409 816 vocant,

284 905 288 912 Ι
362 831 580 907 constitissent,
603 829 712 905 missis,
737 828 787 909 qui
813 839 967 890 tentarent
991 827 1214 909 oppidanorum
1230 825 1359 902 attinens,
1381 826 1423 906 si¹

361 917 518 978 voluntate
534 915 652 977 tradere
667 916 785 992 urbem,
805 935 896 994 quom
909 915 968 974 vim
986 913 1127 994 experiri,
1150 913 1296 988 mallent3
1319 923 1423 994 post·.

361 1023 453 1084 quarn
474 1002 612 1084 praesidio
627 1001 711 1080 regio
725 1020 827 1062 arcem
842 1001 949 1077 teneri,
973 1021 1030 1060 nee
1043 1021 1074 1060 se
1086 999 1247 1080 potestatis·
1263 995 1324 1058 suae
1339 1019 1405 1058 esse

361 1089 603 1169 respondebant,
628 1087 774 1167 expositis
805 1087 900 1168 copiis
931 1085 1074 1166 omnique
1105 1085 1253 1167 adparatu
1282 1084 1402 1144 urbium

293 1247 297 1256 .
361 1174 644 1256 obpugnandarum,
671 1173 794 1233 diversis
818 1173 952 1253 partibus
975 1193 1029 1233 rex
1050 1183 1080 1233 et
1104 1171 1223 1252 legatus
1248 1171 1404 1232 Romanus

360 1259 400 1319 ad
423 1261 528 1321 urbem
551 1259 691 1319 subeunt.
736 1256 806 1318 Plus
833 1258 989 1339 aliquanto
1016 1256 1137 1329 Graecos
1163 1257 1303 1318 Romana
1318 1257 1407 1336 signa

361 1365 503 1428 armaque
530 1366 593 1405 uon
620 1353 691 1404 aute
730 1345 795 1403 risa
831 1345 984 1425 animique
1014 1343 1155 1420 militurn,
1194 1355 1258 1404 tam
1286 1353 1406 1424 promte

361 1435 388 1470 ⁶⁹
399 1431 625 1492 succedentium
642 1440 778 1506 murosu,
798 1439 940 1490 terruere.
985 1427 1091 1509 ltaque
1108 1429 1180 1510 suga
1202 1430 1358 1511 extemplo
1374 1428 1405 1489 in

361 1537 461 1577 arcem
476 1517 629 1578 sactaestr
652 1517 726 1576 urbe
743 1516 847 1576 hostes
863 1516 965 1596 potiti.
990 1526 1022 1576 et
1043 1517 1073 1575 in
1090 1537 1157 1576 arce
1169 1536 1261 1596 quum
1277 1515 1404 1576 biduum

360 1599 419 1663 loci
441 1624 473 1662 se
496 1604 605 1682 magis,
620 1622 711 1681 quam
732 1622 895 1679 armorum,
919 1601 1029 1662 fiducia
1043 1602 1221 1678 tenuissent,
1248 1603 1340 1662 tertio
1355 1602 1404 1664 die

268 1697 276 1713 ⁰
361 1689 443 1770 pacti
460 1688 517 1770 ipsi
533 1687 773 1770 praesidiumque,
789 1698 824 1748 ut
849 1708 917 1748 curn
939 1687 1063 1768 singulis
1079 1688 1266 1750 vestimentis
1282 1685 1404 1749 Delium

360 1773 488 1835 Boeotiae
518 1773 791 1835 transveherentur.
851 1777 877 1812 ⁶⁰
888 1772 935 1834 Ea
965 1775 1003 1834 ab
1031 1773 1178 1835 Romanis
1208 1774 1269 1854 regi
1296 1773 1405 1836 Attalo

361 1881 526 1921 concessa:
550 1861 682 1942 praedam
698 1871 936 1940 ornamentaque
952 1861 1033 1921 urbis
1055 1861 1111 1940 ipsi
1127 1871 1300 1945 arcuerunt.
1345 1859 1403 1922 At·
1419 1915 1423 1922 .

361 1947 449 2024 talus,
465 1967 503 2006 ne
516 1946 666 2006 desertam
690 1945 815 2007 haberet
838 1946 978 2024 insulam,
994 1958 1026 2008 et
1038 1943 1246 2008 Macedonum
1259 1945 1321 2006 fere
1337 1967 1403 2007 orn-

360 2031 459 2110 nibus‚
492 2043 523 2092 et
553 2032 736 2114 quibusdam
766 2031 961 2109 Andriorum,
996 2043 1031 2094 ut
1050 2045 1219 2109 manerent,
1246 2034 1405 2112 persuasit

359 2129 468 2201 postca
483 2129 515 2179 et
531 2119 569 2178 ab
585 2116 687 2196 Delia,
711 2119 762 2198 (qui
783 2139 821 2178 ex
842 2129 935 2198 paeto
958 2119 1119 2180 transvecti
1136 2141 1173 2180 eo
1189 2118 1317 2194 sacrant,
1333 2140 1405 2201 pro-

359 2205 460 2264 missis
488 2204 578 2285 regis,
604 2225 697 2286 quum
725 2204 905 2266 desiderium
939 2226 1058 2285 quoque
1088 2206 1193 2287 patria
1221 2205 1337 2266 facilius
1365 2206 1423 2266 ad.

360 2291 543 2353 credendum
571 2291 730 2352 inclinaret
753 2291 881 2367 animos,
911 2293 1054 2353 revocati.
1098 2291 1148 2352 Ab
1176 2287 1283 2352 Andro
1306 2289 1423 2373 Cym„

358 2397 433 2438 nurn
455 2375 649 2456 trajecerunt.
673 2377 714 2437 ibi
739 2376 802 2438 dies
827 2378 943 2460 aliquot
965 2377 1171 2460 obpugnanda
1186 2379 1259 2438 urbe
1276 2377 1404 2458 nequid-

362 2483 453 2542 quam
469 2463 619 2522 absumti:
644 2473 686 2538 et,
703 2463 774 2544 quia
788 2463 838 2522 vix
862 2485 959 2546 operae
976 2465 1107 2546 pretium
1128 2475 1203 2540 erat,
1219 2466 1403 2528 abscessere.

361 2548 412 2609 Ad
435 2546 550 2624 Prasias
580 2547 776 2626 (continentis
801 2547 912 2610 Atticae
934 2550 958 2610 is
984 2551 1067 2612 locus
1092 2551 1151 2630 est)
1179 2549 1334 2612 Issaeorum
1358 2552 1405 2612 vi·

361 2634 438 2716 ginti
465 2633 556 2694 lembi
583 2634 671 2695 classi
694 2633 901 2696 Romanorum
930 2635 1065 2718 adjuncti
1097 2649 1176 2699 suut.
1204 2635 1224 2698 ii
1253 2637 1336 2698 missi
1362 2637 1420 2698 ad.

361 2720 552 2804 populandos
584 2718 792 2806 Carystiorum
823 2744 920 2804 agros.
950 2736 1052 2786 cetera
1088 2725 1190 2785 classis
1222 2720 1403 2800 Geraestum,

361 2807 494 2869 nobilem
510 2805 633 2869 Euboeae
647 2821 778 2890 portum,
800 2809 872 2870 dum
897 2831 916 2870 a
941 2808 1067 2892 Carysto
1089 2809 1170 2872 lssaei
1191 2809 1335 2886 redirent,
1356 2821 1409 2870 te-

360 2895 437 2956 nuit.
481 2891 556 2956 lude
577 2916 693 2973 omncs,
718 2896 791 2956 velis
814 2897 845 2957 in
869 2897 963 2958 altum
988 2897 1078 2974 datis,
1100 2897 1192 2959 maris
1207 2896 1308 2957 medio
1330 2917 1406 2978 prae·
1463 2903 1467 2912 '

361 2994 409 3044 ter
432 2980 559 3064 Scyrum
584 2981 710 3042 insulam
737 2981 822 3044 lcum
845 3003 1016 3064 pervenere.
1044 2984 1085 3044 ibi
1109 3005 1223 3066 paucos
1249 2983 1325 3060 dies,
1348 3004 1404 3043 sae-

280 3143 283 3150 ¹
361 3067 463 3128 vientc
478 3065 588 3146 Borea,
605 3068 714 3129 retenti
728 3089 737 3143 ;
763 3069 813 3129 ubi
828 3069 928 3151 prima
943 3070 1147 3150 tranquillitas
1158 3070 1232 3130 data
1246 3081 1304 3148 est,
1321 3065 1406 3128 Scia-

362 3154 448 3215 tlrum
473 3153 630 3236 trajecere,
654 3166 805 3216 vastatam
825 3155 930 3216 urbem
956 3156 1165 3238 direptamque
1181 3176 1277 3237 nuper
1299 3177 1318 3215 a
1335 3152 1405 3215 Phi-

361 3241 456 3324 lippo.
501 3239 557 3301 Per
578 3261 665 3322 agros
688 3241 782 3322 palati
806 3241 917 3304 milites
938 3242 1135 3320 frumentum,
1160 3255 1191 3304 et
1217 3243 1241 3304 si
1264 3261 1325 3322 qua
1348 3240 1407 3301 alia

362 3327 428 3388 usui
446 3348 510 3388 esse
526 3325 565 3387 ad
583 3325 766 3388 vescendum
787 3339 938 3410 poterant,
962 3329 1000 3390 ad
1024 3351 1116 3390 naves
1137 3329 1278 3390 retulere.
1301 3326 1406 3410 praedae

362 3433 419 3473 nec
435 3425 501 3474 erat
515 3413 692 3493 quidquam,
717 3434 775 3474 ucc
797 3427 968 3476 meruerant
988 3413 1095 3490 Graeci,
1123 3435 1176 3475 cur
1197 3414 1409 3494 diriperentur.

363 3497 438 3560 Inde
454 3497 675 3560 Cassandream
690 3511 840 3581 petentes,
856 3501 955 3582 primo
971 3502 1042 3563 ⁶¹ad
1061 3499 1202 3578 Mendin,
1218 3499 1425 3561 maritimum·

495 3637 503 3672 ¹
515 3651 542 3686 ae
551 3651 599 3700 que
610 3636 632 3685 iu
644 3637 699 3686 irum
711 3635 786 3688 Grou.
796 3637 865 3686 Cres.
1023 3643 1034 3670 ²
1049 3651 1111 3684 muro
1122 3636 1196 3683 Gron.
1208 3633 1276 3683 Crev.

395 3744 418 3778 ⁵⁸
434 3741 506 3806 AEqrrs
521 3744 637 3792 immodicis
654 3745 684 3790 orl
700 3743 786 3792 bonores
803 3746 869 3792 welo-
901 3757 969 3808 quem
981 3744 1039 3807 apud
1053 3743 1150 3807 optimos
1166 3741 1294 3792 Latinitatis
1305 3751 1407 3790 suctores

363 3824 423 3866 runi,
438 3825 465 3856 ao
482 3825 529 3871 que
546 3809 569 3855 r'n
585 3805 652 3872 irem]
669 3807 741 3856 Possis
752 3821 869 3870 uteunque
901 3805 990 3857 locstbr
1000 3822 1053 3856 anre
1065 3809 1172 3856 vocalem.
1418 3857 1422 3869 ,

364 3889 494 3938 exponam:
512 3873 609 3920 decretis
627 3888 673 3920 non
692 3873 768 3920 minus
785 3875 869 3921 immo·
932 3873 1135 3921 ”saccellarium
1158 3870 1230 3937 mro-o]
1262 3873 1326 3933 Lege
1355 3888 1406 3919 sru-

364 3939 420 3988 dicis
439 3939 466 3984 sd
484 3938 717 3993 honorersociorurn,
731 3955 798 4002 quam
816 3955 869 4002 quse
902 3954 935 3988 ros
962 3953 991 3986 ex
1015 3939 1103 4004 scriptis
1128 3938 1225 3996 duobus,
1253 3951 1277 3985 et
1304 3936 1406 3986 editione

363 4005 485 4052 immodica
516 4003 608 4050 ruerant
634 4003 657 4050 in
683 4005 738 4050 iram
764 4005 869 4052 adversus
901 4005 1010 4054 Andreae.

363 4069 462 4118 bostem.
494 4069 542 4116 Sed
557 4069 614 4118 mire
631 4062 869 4132 placet,‘quodeslri-
933 4066 1036 4134 ⁰⁰'Err]
1053 4069 1216 4129 Urbainsuls.

363 4133 404 4182 bet
424 4133 556 4182 Victorinus
574 4135 653 4191 codex,
672 4134 737 4197 plane
762 4146 789 4182 ut
810 4134 869 4180 Gro⁶
933 4132 954 4168 ⁶¹
973 4133 1009 4182 Aa
1027 4131 1289 4196 Mendirr....tenuere]
1316 4131 1409 4196 Praepo-

364 4199 446 4245 novius
457 4198 567 4255 voluerat,
581 4207 647 4260 atqrrs
663 4199 687 4245 r'u
705 4201 747 4246 iro.
782 4199 870 4247 Decre·
902 4200 955 4247 sitio
976 4201 1006 4248 ad
1028 4213 1127 4250 nonest
1149 4199 1283 4254 necessaris,
1311 4211 1336 4247 et
1355 4215 1410 4246 enm

364 4261 395 4310 tis
418 4277 483 4324 oeque
505 4264 631 4310 immodicis
658 4264 686 4310 sd
710 4263 809 4310 honores
833 4279 868 4311 so·
902 4263 988 4312 omittit
1003 4263 1093 4314 Vrctor.
1110 4267 1189 4314 codex.
1220 4265 1244 4312 Si
1265 4263 1315 4325 quis
1330 4277 1408 4312 tamen

364 4327 464 4384 ciorum,
489 4341 515 4374 se
536 4328 627 4374 fuerant
650 4327 770 4376 immodies
793 4327 816 4374 iu
838 4330 870 4376 irs
902 4343 954 4376 eam
978 4343 1092 4378 retentam
1126 4331 1189 4386 velit,
1217 4328 1339 4392 explicabis
1363 4329 1409 4375 noe

365 4389 566 4440 sdvenrubostes.
598 4389 664 4438 Nihil
673 4393 768 4455 plenius
799 4393 871 4456 Atque
903 4395 982 4442 modo:
1000 4393 1208 4443 tenuerelirmsad
1221 4393 1328 4453 Mendin,
1344 4391 1411 4444 littus

364 4472 408 4524 pro
418 4471 453 4518 uc,
462 4456 514 4521 quir
529 4453 637 4506 nimirum
647 4457 756 4523 paucus
766 4471 793 4507 sc
808 4473 869 4508 nun·
902 4459 1002 4508 vicinum
1011 4461 1061 4510 rice
1069 4460 1108 4525 qui
1118 4471 1212 4510 vocetur
1222 4458 1326 4509 Meadis.
