<?xml version="1.0" encoding="UTF-8"?>
<!DOCTYPE html PUBLIC "-//W3C//DTD XHTML 1.0 Transitional//EN"
    "http://www.w3.org/TR/xhtml1/DTD/xhtml1-transitional.dtd">
<html xmlns="http://www.w3.org/1999/xhtml" xml:lang="en" lang="en">
 <head>
  <title>
</title>
<meta http-equiv="Content-Type" content="text/html;charset=utf-8" />
  <meta name='ocr-system' content='tesseract 3.04.00' />
  <meta name='ocr-capabilities' content='ocr_page ocr_carea ocr_par ocr_line ocrx_word'/>
</head>
<body>
  <div class='ocr_page' id='page_1' title='image "./tliviipatavinih00grongoog_0114.png"; bbox 0 0 3038 5200; ppageno 0'>
   <div class='ocr_carea' id='block_1_1' title="bbox 365 332 984 403">
    <p class='ocr_par' dir='ltr' id='par_1_1' title="bbox 365 317 1123 410">
     <span class='ocr_line' id='line_1_1' title="bbox 365 332 984 403; baseline -0.012 0"><span class='ocrx_word' id='word_1_1' title='bbox 365 339 425 403; x_wconf 81' lang='lat'>104</span> <span class='ocrx_word' id='word_1_2' title='bbox 774 332 984 398; x_wconf 77' lang='lat' dir='ltr'>nnrarvn</span> 
     </span>
    </p>
   </div>
   <div class='ocr_carea' id='block_1_2' title="bbox 1516 0 1520 506">
    <p class='ocr_par' dir='ltr' id='par_1_2' title="bbox 1516 0 1520 506">
     <span class='ocr_line' id='line_1_2' title="bbox 1516 0 1520 506; baseline 0 0"><span class='ocrx_word' id='word_1_3' title='bbox 1516 0 1520 506; x_wconf 95' lang='lat' dir='ltr'> </span> 
     </span>
    </p>
   </div>
   <div class='ocr_carea' id='block_1_3' title="bbox 196 470 1517 2981">
    <p class='ocr_par' dir='ltr' id='par_1_3' title="bbox 196 470 1517 2981">
     <span class='ocr_line' id='line_1_3' title="bbox 196 470 1517 582; baseline -0.001 -28"><span class='ocrx_word' id='word_1_4' title='bbox 196 499 351 567; x_wconf 65' lang='lat' dir='ltr'>meista,</span> <span class='ocrx_word' id='word_1_5' title='bbox 365 495 461 582; x_wconf 82' lang='lat' dir='ltr'>pavit.</span> <span class='ocrx_word' id='word_1_6' title='bbox 504 491 541 557; x_wconf 89' lang='lat' dir='ltr'>in</span> <span class='ocrx_word' id='word_1_7' title='bbox 571 475 708 577; x_wconf 85' lang='lat' dir='ltr'>tempore</span> <span class='ocrx_word' id='word_1_8' title='bbox 737 504 770 555; x_wconf 88' lang='lat' dir='ltr'>et</span> <span class='ocrx_word' id='word_1_9' title='bbox 796 493 820 532; x_wconf 81' lang='lat'>⁸¹</span> <span class='ocrx_word' id='word_1_10' title='bbox 835 493 874 555; x_wconf 85' lang='lat' dir='ltr'>ad</span> <span class='ocrx_word' id='word_1_11' title='bbox 898 470 937 553; x_wconf 81' lang='lat' dir='ltr'>&#39;td</span> <span class='ocrx_word' id='word_1_12' title='bbox 966 473 1065 574; x_wconf 81' lang='lat' dir='ltr'>ipsum</span> <span class='ocrx_word' id='word_1_13' title='bbox 1095 471 1228 554; x_wconf 78' lang='lat' dir='ltr'>excitum</span> <span class='ocrx_word' id='word_1_14' title='bbox 1255 489 1422 571; x_wconf 79' lang='lat' dir='ltr'>auxilium,</span> <span class='ocrx_word' id='word_1_15' title='bbox 1516 509 1517 512; x_wconf 45' lang='lat'>¹</span> 
     </span>
     <span class='ocr_line' id='line_1_4' title="bbox 198 569 1517 665; baseline -0.003 -19"><span class='ocrx_word' id='word_1_16' title='bbox 198 569 272 637; x_wconf 60' lang='grc' dir='ltr'>Μ·</span> <span class='ocrx_word' id='word_1_17' title='bbox 285 575 341 628; x_wconf 81' lang='lat'>¹⁹7·</span> <span class='ocrx_word' id='word_1_18' title='bbox 366 583 451 646; x_wconf 83' lang='lat' dir='ltr'>mille</span> <span class='ocrx_word' id='word_1_19' title='bbox 475 581 581 644; x_wconf 84' lang='lat' dir='ltr'>Achaei</span> <span class='ocrx_word' id='word_1_20' title='bbox 606 581 724 665; x_wconf 79' lang='lat' dir='ltr'>pedites</span> <span class='ocrx_word' id='word_1_21' title='bbox 750 599 821 641; x_wconf 87' lang='lat' dir='ltr'>curn</span> <span class='ocrx_word' id='word_1_22' title='bbox 848 589 970 640; x_wconf 88' lang='lat' dir='ltr'>centum</span> <span class='ocrx_word' id='word_1_23' title='bbox 992 576 1144 658; x_wconf 89' lang='lat' dir='ltr'>equitibus</span> <span class='ocrx_word' id='word_1_24' title='bbox 1167 578 1415 659; x_wconf 82' lang='lat' dir='ltr'>supervenenmt.</span> <span class='ocrx_word' id='word_1_25' title='bbox 1516 573 1517 642; x_wconf 85' lang='lat'><em>]</em></span> 
     </span>
     <span class='ocr_line' id='line_1_5' title="bbox 366 662 1517 749; baseline -0.009 -16"><span class='ocrx_word' id='word_1_26' title='bbox 366 667 551 733; x_wconf 83' lang='lat' dir='ltr'>&#39;l&#39;lteoxenus</span> <span class='ocrx_word' id='word_1_27' title='bbox 573 667 611 728; x_wconf 83' lang='lat' dir='ltr'>iis</span> <span class='ocrx_word' id='word_1_28' title='bbox 624 669 770 749; x_wconf 72' lang='lat' dir='ltr'>&#39;praeerat</span> <span class='ocrx_word' id='word_1_29' title='bbox 814 662 1007 743; x_wconf 78' lang='lat' dir='ltr'>Dinocrates,</span> <span class='ocrx_word' id='word_1_30' title='bbox 1041 663 1140 744; x_wconf 83' lang='lat' dir='ltr'>regius</span> <span class='ocrx_word' id='word_1_31' title='bbox 1164 663 1336 745; x_wconf 72' lang='lat' dir='ltr'>praefectus,</span> <span class='ocrx_word' id='word_1_32' title='bbox 1367 683 1416 725; x_wconf 88' lang='lat' dir='ltr'>re·</span> <span class='ocrx_word' id='word_1_33' title='bbox 1516 709 1517 732; x_wconf 40' lang='lat' dir='ltr'>r</span> 
     </span>
     <span class='ocr_line' id='line_1_6' title="bbox 368 737 1517 839; baseline -0.007 -21"><span class='ocrx_word' id='word_1_34' title='bbox 368 754 534 839; x_wconf 89' lang='lat' dir='ltr'>cuperaudi</span> <span class='ocrx_word' id='word_1_35' title='bbox 566 753 694 815; x_wconf 79' lang='lat' dir='ltr'>castelli·</span> <span class='ocrx_word' id='word_1_36' title='bbox 715 771 832 829; x_wconf 85' lang='lat' dir='ltr'>caussa,</span> <span class='ocrx_word' id='word_1_37' title='bbox 865 751 964 833; x_wconf 91' lang='lat' dir='ltr'>primo</span> <span class='ocrx_word' id='word_1_38' title='bbox 991 755 1092 810; x_wconf 85' lang='lat' dir='ltr'>ca&#39;stra</span> <span class='ocrx_word' id='word_1_39' title='bbox 1117 749 1158 810; x_wconf 89' lang='lat' dir='ltr'>ad</span> <span class='ocrx_word' id='word_1_40' title='bbox 1178 750 1247 830; x_wconf 86' lang='lat' dir='ltr'>ipsa</span> <span class='ocrx_word' id='word_1_41' title='bbox 1266 747 1417 811; x_wconf 76' lang='lat' dir='ltr'>Tendeba</span> <span class='ocrx_word' id='word_1_42' title='bbox 1516 737 1517 824; x_wconf 58' lang='lat' dir='ltr'>J</span> 
     </span>
     <span class='ocr_line' id='line_1_7' title="bbox 368 825 1517 920; baseline -0.007 -16"><span class='ocrx_word' id='word_1_43' title='bbox 368 841 476 920; x_wconf 86' lang='lat' dir='ltr'>movit,</span> <span class='ocrx_word' id='word_1_44' title='bbox 490 840 562 902; x_wconf 90' lang='lat' dir='ltr'>iude</span> <span class='ocrx_word' id='word_1_45' title='bbox 577 838 618 901; x_wconf 90' lang='lat' dir='ltr'>ad</span> <span class='ocrx_word' id='word_1_46' title='bbox 634 839 760 901; x_wconf 87' lang='lat' dir='ltr'>alterum</span> <span class='ocrx_word' id='word_1_47' title='bbox 775 837 947 915; x_wconf 83' lang='lat' dir='ltr'>castellum,</span> <span class='ocrx_word' id='word_1_48' title='bbox 969 835 1044 897; x_wconf 90' lang='lat' dir='ltr'>item</span> <span class='ocrx_word' id='word_1_49' title='bbox 1069 831 1307 898; x_wconf 78' lang='lat' dir='ltr'>Stratonicensis</span> <span class='ocrx_word' id='word_1_50' title='bbox 1328 835 1393 917; x_wconf 84' lang='lat' dir='ltr'>agri</span> <span class='ocrx_word' id='word_1_51' title='bbox 1406 855 1418 896; x_wconf 78' lang='lat' dir='ltr'>t</span> <span class='ocrx_word' id='word_1_52' title='bbox 1515 825 1517 914; x_wconf 73' lang='lat' dir='ltr'>l</span> 
     </span>
     <span class='ocr_line' id='line_1_8' title="bbox 367 920 1517 1008; baseline -0.009 -17"><span class='ocrx_word' id='word_1_53' title='bbox 367 927 532 1008; x_wconf 75' lang='lat' dir='ltr'>Astragon·</span> <span class='ocrx_word' id='word_1_54' title='bbox 552 933 673 987; x_wconf 84' lang='lat' dir='ltr'>vocant.</span> <span class='ocrx_word' id='word_1_55' title='bbox 707 924 907 1006; x_wconf 89' lang='lat' dir='ltr'>omnibusque</span> <span class='ocrx_word' id='word_1_56' title='bbox 940 943 978 984; x_wconf 83' lang='lat' dir='ltr'>ex</span> <span class='ocrx_word' id='word_1_57' title='bbox 1006 921 1163 1005; x_wconf 70' lang='lat' dir='ltr'>presidiis,</span> <span class='ocrx_word' id='word_1_58' title='bbox 1192 942 1257 1002; x_wconf 88' lang='lat' dir='ltr'>quae</span> <span class='ocrx_word' id='word_1_59' title='bbox 1279 920 1416 984; x_wconf 83' lang='lat' dir='ltr'>multifa-</span> <span class='ocrx_word' id='word_1_60' title='bbox 1515 921 1517 946; x_wconf 73' lang='lat'><strong>⁴</strong></span> 
     </span>
     <span class='ocr_line' id='line_1_9' title="bbox 368 1004 1417 1094; baseline -0.009 -18"><span class='ocrx_word' id='word_1_61' title='bbox 368 1014 447 1076; x_wconf 89' lang='lat' dir='ltr'>riam</span> <span class='ocrx_word' id='word_1_62' title='bbox 462 1009 590 1094; x_wconf 85' lang='lat' dir='ltr'>disjecta</span> <span class='ocrx_word' id='word_1_63' title='bbox 604 1021 701 1088; x_wconf 89' lang='lat' dir='ltr'>erant,</span> <span class='ocrx_word' id='word_1_64' title='bbox 723 1011 888 1088; x_wconf 78' lang='lat' dir='ltr'>devocatis,</span> <span class='ocrx_word' id='word_1_65' title='bbox 914 1021 947 1071; x_wconf 92' lang='lat' dir='ltr'>et</span> <span class='ocrx_word' id='word_1_66' title='bbox 967 1009 1006 1070; x_wconf 91' lang='lat' dir='ltr'>ab</span> <span class='ocrx_word' id='word_1_67' title='bbox 1024 1009 1091 1091; x_wconf 87' lang='lat' dir='ltr'>ipsa</span> <span class='ocrx_word' id='word_1_68' title='bbox 1106 1004 1301 1069; x_wconf 70' lang='lat' dir='ltr'>Stratonicea</span> <span class='ocrx_word' id='word_1_69' title='bbox 1313 1005 1417 1068; x_wconf 82' lang='lat' dir='ltr'>Thes·</span> 
     </span>
     <span class='ocr_line' id='line_1_10' title="bbox 370 1094 1415 1175; baseline -0.003 -16"><span class='ocrx_word' id='word_1_70' title='bbox 370 1099 503 1159; x_wconf 80' lang='lat' dir='ltr'>selorum</span> <span class='ocrx_word' id='word_1_71' title='bbox 536 1095 742 1175; x_wconf 82' lang='lat' dir='ltr'>auxiliaribus,</span> <span class='ocrx_word' id='word_1_72' title='bbox 772 1096 943 1175; x_wconf 82' lang='lat' dir='ltr'>Alabanda,</span> <span class='ocrx_word' id='word_1_73' title='bbox 977 1095 1029 1157; x_wconf 91' lang='lat' dir='ltr'>ubi</span> <span class='ocrx_word' id='word_1_74' title='bbox 1057 1095 1160 1170; x_wconf 80' lang='lat' dir='ltr'>hostes</span> <span class='ocrx_word' id='word_1_75' title='bbox 1181 1108 1280 1171; x_wconf 86' lang='lat' dir='ltr'>erant,</span> <span class='ocrx_word' id='word_1_76' title='bbox 1303 1094 1415 1156; x_wconf 83' lang='lat' dir='ltr'>ducere</span> 
     </span>
     <span class='ocr_line' id='line_1_11' title="bbox 366 1179 1417 1268; baseline -0.006 -22"><span class='ocrx_word' id='word_1_77' title='bbox 366 1185 479 1268; x_wconf 85' lang='lat' dir='ltr'>pergit.</span> <span class='ocrx_word' id='word_1_78' title='bbox 523 1181 590 1246; x_wconf 91' lang='lat' dir='ltr'>Nec</span> <span class='ocrx_word' id='word_1_79' title='bbox 613 1182 726 1244; x_wconf 88' lang='lat' dir='ltr'>Rhodii</span> <span class='ocrx_word' id='word_1_80' title='bbox 749 1203 883 1266; x_wconf 86' lang='lat' dir='ltr'>pugnam</span> <span class='ocrx_word' id='word_1_81' title='bbox 906 1181 1160 1243; x_wconf 86' lang='lat' dir='ltr'>detrectaverunt.</span> <span class='ocrx_word' id='word_1_82' title='bbox 1186 1191 1291 1260; x_wconf 87' lang='lat' dir='ltr'>atque,</span> <span class='ocrx_word' id='word_1_83' title='bbox 1307 1179 1417 1242; x_wconf 86' lang='lat' dir='ltr'>castris·</span> 
     </span>
     <span class='ocr_line' id='line_1_12' title="bbox 370 1265 1413 1353; baseline -0.004 -21"><span class='ocrx_word' id='word_1_84' title='bbox 370 1271 402 1332; x_wconf 92' lang='lat' dir='ltr'>in</span> <span class='ocrx_word' id='word_1_85' title='bbox 417 1269 619 1353; x_wconf 89' lang='lat' dir='ltr'>propinquum</span> <span class='ocrx_word' id='word_1_86' title='bbox 636 1268 776 1347; x_wconf 89' lang='lat' dir='ltr'>conlatis,</span> <span class='ocrx_word' id='word_1_87' title='bbox 800 1268 955 1350; x_wconf 86' lang='lat' dir='ltr'>extemplo</span> <span class='ocrx_word' id='word_1_88' title='bbox 980 1267 1011 1328; x_wconf 91' lang='lat' dir='ltr'>iu</span> <span class='ocrx_word' id='word_1_89' title='bbox 1033 1266 1131 1328; x_wconf 85' lang='lat' dir='ltr'>aciem</span> <span class='ocrx_word' id='word_1_90' title='bbox 1155 1265 1336 1348; x_wconf 82' lang='lat' dir='ltr'>descensum</span> <span class='ocrx_word' id='word_1_91' title='bbox 1356 1278 1413 1328; x_wconf 80' lang='lat' dir='ltr'>eat.</span> 
     </span>
     <span class='ocr_line' id='line_1_13' title="bbox 369 1351 1413 1436; baseline -0.005 -18"><span class='ocrx_word' id='word_1_92' title='bbox 369 1353 554 1418; x_wconf 78' lang='lat' dir='ltr'>Dinocrates</span> <span class='ocrx_word' id='word_1_93' title='bbox 594 1355 779 1436; x_wconf 85' lang='lat' dir='ltr'>quingentos</span> <span class='ocrx_word' id='word_1_94' title='bbox 815 1351 1008 1415; x_wconf 87' lang='lat' dir='ltr'>Macedonas</span> <span class='ocrx_word' id='word_1_95' title='bbox 1046 1351 1154 1414; x_wconf 85' lang='lat' dir='ltr'>dextro</span> <span class='ocrx_word' id='word_1_96' title='bbox 1194 1371 1301 1430; x_wconf 87' lang='lat' dir='ltr'>comu,</span> <span class='ocrx_word' id='word_1_97' title='bbox 1333 1352 1413 1429; x_wconf 42' lang='lat' dir='ltr'>,lavo</span> 
     </span>
     <span class='ocr_line' id='line_1_14' title="bbox 369 1437 1414 1523; baseline -0.005 -20"><span class='ocrx_word' id='word_1_98' title='bbox 369 1440 521 1523; x_wconf 83' lang='lat' dir='ltr'>Agrianas</span> <span class='ocrx_word' id='word_1_99' title='bbox 542 1441 643 1503; x_wconf 84' lang='lat' dir='ltr'>locat:</span> <span class='ocrx_word' id='word_1_100' title='bbox 666 1441 698 1501; x_wconf 92' lang='lat' dir='ltr'>in</span> <span class='ocrx_word' id='word_1_101' title='bbox 720 1439 854 1502; x_wconf 88' lang='lat' dir='ltr'>medium</span> <span class='ocrx_word' id='word_1_102' title='bbox 877 1439 992 1521; x_wconf 87' lang='lat' dir='ltr'>accipit</span> <span class='ocrx_word' id='word_1_103' title='bbox 1013 1447 1188 1500; x_wconf 86' lang='lat' dir='ltr'>contractos</span> <span class='ocrx_word' id='word_1_104' title='bbox 1207 1459 1248 1500; x_wconf 90' lang='lat' dir='ltr'>ex</span> <span class='ocrx_word' id='word_1_105' title='bbox 1273 1437 1414 1500; x_wconf 86' lang='lat' dir='ltr'>castello-</span> 
     </span>
     <span class='ocr_line' id='line_1_15' title="bbox 371 1522 1411 1608; baseline -0.002 -20"><span class='ocrx_word' id='word_1_106' title='bbox 371 1545 438 1588; x_wconf 85' lang='lat' dir='ltr'>rum</span> <span class='ocrx_word' id='word_1_107' title='bbox 464 1525 571 1604; x_wconf 88' lang='lat' dir='ltr'>(Cares</span> <span class='ocrx_word' id='word_1_108' title='bbox 593 1526 727 1586; x_wconf 84' lang='lat' dir='ltr'>maxime</span> <span class='ocrx_word' id='word_1_109' title='bbox 760 1525 858 1604; x_wconf 89' lang='lat' dir='ltr'>erant)</span> <span class='ocrx_word' id='word_1_110' title='bbox 894 1522 1060 1608; x_wconf 81' lang='lat' dir='ltr'>praesidiis;</span> <span class='ocrx_word' id='word_1_111' title='bbox 1089 1524 1244 1606; x_wconf 56' lang='lat' dir='ltr'>nequius</span> <span class='ocrx_word' id='word_1_112' title='bbox 1271 1523 1411 1587; x_wconf 84' lang='lat' dir='ltr'>cornibus</span> 
     </span>
     <span class='ocr_line' id='line_1_16' title="bbox 371 1609 1411 1693; baseline -0.003 -19"><span class='ocrx_word' id='word_1_113' title='bbox 371 1611 552 1688; x_wconf 87' lang='lat' dir='ltr'>circumdat,</span> <span class='ocrx_word' id='word_1_114' title='bbox 575 1621 608 1672; x_wconf 88' lang='lat' dir='ltr'>et</span> <span class='ocrx_word' id='word_1_115' title='bbox 626 1609 816 1674; x_wconf 80' lang='lat' dir='ltr'>Cretensium</span> <span class='ocrx_word' id='word_1_116' title='bbox 843 1611 1005 1674; x_wconf 85' lang='lat' dir='ltr'>auxiliares</span> <span class='ocrx_word' id='word_1_117' title='bbox 1030 1609 1254 1693; x_wconf 79' lang='lat' dir='ltr'>Thracumque.</span> <span class='ocrx_word' id='word_1_118' title='bbox 1300 1609 1411 1672; x_wconf 91' lang='lat' dir='ltr'>Rhodii</span> 
     </span>
     <span class='ocr_line' id='line_1_17' title="bbox 369 1696 1411 1780; baseline -0.001 -21"><span class='ocrx_word' id='word_1_119' title='bbox 369 1696 527 1759; x_wconf 66' lang='lat' dir='ltr'>Achaeosa</span> <span class='ocrx_word' id='word_1_120' title='bbox 554 1696 661 1780; x_wconf 86' lang='lat' dir='ltr'>dextro</span> <span class='ocrx_word' id='word_1_121' title='bbox 682 1717 786 1774; x_wconf 90' lang='lat' dir='ltr'>comu,</span> <span class='ocrx_word' id='word_1_122' title='bbox 807 1697 930 1760; x_wconf 88' lang='lat' dir='ltr'>sinistro</span> <span class='ocrx_word' id='word_1_123' title='bbox 945 1698 1146 1760; x_wconf 87' lang='lat' dir='ltr'>mercenarios</span> <span class='ocrx_word' id='word_1_124' title='bbox 1162 1698 1286 1774; x_wconf 86' lang='lat' dir='ltr'>milites,</span> <span class='ocrx_word' id='word_1_125' title='bbox 1301 1696 1411 1758; x_wconf 90' lang='lat' dir='ltr'>lectam</span> 
     </span>
     <span class='ocr_line' id='line_1_18' title="bbox 367 1779 1415 1866; baseline 0 -22"><span class='ocrx_word' id='word_1_126' title='bbox 367 1781 509 1865; x_wconf 87' lang='lat' dir='ltr'>peditum</span> <span class='ocrx_word' id='word_1_127' title='bbox 525 1801 659 1861; x_wconf 89' lang='lat' dir='ltr'>manum,</span> <span class='ocrx_word' id='word_1_128' title='bbox 685 1783 836 1859; x_wconf 82' lang='lat' dir='ltr'>habuerc3</span> <span class='ocrx_word' id='word_1_129' title='bbox 861 1779 978 1845; x_wconf 87' lang='lat' dir='ltr'>medios</span> <span class='ocrx_word' id='word_1_130' title='bbox 998 1783 1096 1846; x_wconf 88' lang='lat' dir='ltr'>mixta</span> <span class='ocrx_word' id='word_1_131' title='bbox 1118 1804 1156 1844; x_wconf 87' lang='lat' dir='ltr'>ex</span> <span class='ocrx_word' id='word_1_132' title='bbox 1179 1783 1315 1866; x_wconf 87' lang='lat' dir='ltr'>pluribus</span> <span class='ocrx_word' id='word_1_133' title='bbox 1340 1803 1415 1864; x_wconf 84' lang='lat' dir='ltr'>gen-</span> 
     </span>
     <span class='ocr_line' id='line_1_19' title="bbox 368 1867 1417 1949; baseline -0.002 -19"><span class='ocrx_word' id='word_1_134' title='bbox 368 1869 452 1930; x_wconf 84' lang='lat' dir='ltr'>tibus</span> <span class='ocrx_word' id='word_1_135' title='bbox 474 1867 606 1930; x_wconf 83' lang='lat' dir='ltr'>auxilia:</span> <span class='ocrx_word' id='word_1_136' title='bbox 634 1867 752 1948; x_wconf 79' lang='lat' dir='ltr'>equites</span> <span class='ocrx_word' id='word_1_137' title='bbox 773 1868 905 1949; x_wconf 85' lang='lat' dir='ltr'>levisque</span> <span class='ocrx_word' id='word_1_138' title='bbox 928 1878 1086 1930; x_wconf 77' lang='lat' dir='ltr'>armatura</span> <span class='ocrx_word' id='word_1_139' title='bbox 1107 1869 1190 1949; x_wconf 92' lang='lat' dir='ltr'>quod</span> <span class='ocrx_word' id='word_1_140' title='bbox 1213 1879 1291 1947; x_wconf 83' lang='lat' dir='ltr'>erat,</span> <span class='ocrx_word' id='word_1_141' title='bbox 1313 1868 1417 1930; x_wconf 85' lang='lat' dir='ltr'>eomi·&#39;</span> 
     </span>
     <span class='ocr_line' id='line_1_20' title="bbox 368 1951 1414 2036; baseline 0.002 -22"><span class='ocrx_word' id='word_1_142' title='bbox 368 1952 427 2015; x_wconf 89' lang='lat' dir='ltr'>bus</span> <span class='ocrx_word' id='word_1_143' title='bbox 452 1951 694 2034; x_wconf 90' lang='lat' dir='ltr'>circumjectum.</span> <span class='ocrx_word' id='word_1_144' title='bbox 737 1952 784 2015; x_wconf 81' lang='lat' dir='ltr'>Eo</span> <span class='ocrx_word' id='word_1_145' title='bbox 806 1953 857 2015; x_wconf 90' lang='lat' dir='ltr'>die</span> <span class='ocrx_word' id='word_1_146' title='bbox 875 1965 1025 2018; x_wconf 69' lang='lat' dir='ltr'>steterumt</span> <span class='ocrx_word' id='word_1_147' title='bbox 1048 1965 1169 2016; x_wconf 87' lang='lat' dir='ltr'>tantum</span> <span class='ocrx_word' id='word_1_148' title='bbox 1185 1955 1266 2017; x_wconf 87' lang='lat' dir='ltr'>acies</span> <span class='ocrx_word' id='word_1_149' title='bbox 1280 1964 1414 2036; x_wconf 85' lang='lat' dir='ltr'>utraeque</span> 
     </span>
     <span class='ocr_line' id='line_1_21' title="bbox 369 2037 1517 2123; baseline -0.002 -23"><span class='ocrx_word' id='word_1_150' title='bbox 369 2057 459 2121; x_wconf 88' lang='lat' dir='ltr'>super</span> <span class='ocrx_word' id='word_1_151' title='bbox 474 2039 583 2121; x_wconf 87' lang='lat' dir='ltr'>ripam,</span> <span class='ocrx_word' id='word_1_152' title='bbox 597 2040 648 2123; x_wconf 93' lang='lat' dir='ltr'>qui</span> <span class='ocrx_word' id='word_1_153' title='bbox 672 2039 756 2101; x_wconf 92' lang='lat' dir='ltr'>tenui</span> <span class='ocrx_word' id='word_1_154' title='bbox 778 2059 859 2120; x_wconf 91' lang='lat' dir='ltr'>aqua</span> <span class='ocrx_word' id='word_1_155' title='bbox 872 2039 1077 2120; x_wconf 87' lang='lat' dir='ltr'>interfluebat,</span> <span class='ocrx_word' id='word_1_156' title='bbox 1102 2037 1267 2104; x_wconf 86' lang='lat' dir='ltr'>torrentis:</span> <span class='ocrx_word' id='word_1_157' title='bbox 1292 2041 1411 2122; x_wconf 84' lang='lat' dir='ltr'>paucis·</span> <span class='ocrx_word' id='word_1_158' title='bbox 1515 2053 1517 2098; x_wconf 75' lang='lat' dir='ltr'>t</span> 
     </span>
     <span class='ocr_line' id='line_1_22' title="bbox 369 2125 1517 2208; baseline 0 -20"><span class='ocrx_word' id='word_1_159' title='bbox 369 2143 429 2206; x_wconf 90' lang='lat' dir='ltr'>que</span> <span class='ocrx_word' id='word_1_160' title='bbox 453 2125 522 2187; x_wconf 88' lang='lat' dir='ltr'>telis</span> <span class='ocrx_word' id='word_1_161' title='bbox 544 2125 673 2203; x_wconf 88' lang='lat' dir='ltr'>emissis,</span> <span class='ocrx_word' id='word_1_162' title='bbox 703 2126 734 2186; x_wconf 92' lang='lat' dir='ltr'>in</span> <span class='ocrx_word' id='word_1_163' title='bbox 761 2139 862 2188; x_wconf 83' lang='lat' dir='ltr'>castra</span> <span class='ocrx_word' id='word_1_164' title='bbox 888 2139 1066 2208; x_wconf 87' lang='lat' dir='ltr'>receperunt</span> <span class='ocrx_word' id='word_1_165' title='bbox 1095 2147 1171 2189; x_wconf 87' lang='lat' dir='ltr'>sese.</span> <span class='ocrx_word' id='word_1_166' title='bbox 1215 2126 1340 2190; x_wconf 85' lang='lat' dir='ltr'>Postero</span> <span class='ocrx_word' id='word_1_167' title='bbox 1364 2127 1417 2188; x_wconf 88' lang='lat' dir='ltr'>die</span> <span class='ocrx_word' id='word_1_168' title='bbox 1516 2131 1517 2204; x_wconf 60' lang='grc' dir='ltr'>ξ</span> 
     </span>
     <span class='ocr_line' id='line_1_23' title="bbox 369 2205 1517 2296; baseline 0.003 -25"><span class='ocrx_word' id='word_1_169' title='bbox 369 2209 478 2272; x_wconf 86' lang='lat' dir='ltr'>eodem</span> <span class='ocrx_word' id='word_1_170' title='bbox 493 2209 600 2272; x_wconf 88' lang='lat' dir='ltr'>ordine</span> <span class='ocrx_word' id='word_1_171' title='bbox 615 2211 754 2273; x_wconf 86' lang='lat' dir='ltr'>instructi</span> <span class='ocrx_word' id='word_1_172' title='bbox 776 2211 874 2293; x_wconf 87' lang='lat' dir='ltr'>majus</span> <span class='ocrx_word' id='word_1_173' title='bbox 896 2212 1051 2295; x_wconf 89' lang='lat' dir='ltr'>aliquanto</span> <span class='ocrx_word' id='word_1_174' title='bbox 1072 2212 1224 2295; x_wconf 87' lang='lat' dir='ltr'>proelium,</span> <span class='ocrx_word' id='word_1_175' title='bbox 1250 2232 1340 2296; x_wconf 85' lang='lat' dir='ltr'>quarn</span> <span class='ocrx_word' id='word_1_176' title='bbox 1356 2233 1414 2294; x_wconf 92' lang='lat' dir='ltr'>pro</span> <span class='ocrx_word' id='word_1_177' title='bbox 1515 2205 1517 2262; x_wconf 73' lang='lat' dir='ltr'>l</span> 
     </span>
     <span class='ocr_line' id='line_1_24' title="bbox 367 2296 1412 2381; baseline 0 -23"><span class='ocrx_word' id='word_1_178' title='bbox 367 2313 506 2375; x_wconf 87' lang='lat' dir='ltr'>numero,</span> <span class='ocrx_word' id='word_1_179' title='bbox 530 2296 664 2376; x_wconf 85' lang='lat' dir='ltr'>edidere,</span> <span class='ocrx_word' id='word_1_180' title='bbox 687 2299 901 2381; x_wconf 83' lang='lat' dir='ltr'>pugnantium.</span> <span class='ocrx_word' id='word_1_181' title='bbox 924 2319 981 2362; x_wconf 89' lang='lat' dir='ltr'>nec</span> <span class='ocrx_word' id='word_1_182' title='bbox 1004 2299 1085 2361; x_wconf 89' lang='lat' dir='ltr'>enirn</span> <span class='ocrx_word' id='word_1_183' title='bbox 1113 2299 1180 2381; x_wconf 91' lang='lat' dir='ltr'>plus</span> <span class='ocrx_word' id='word_1_184' title='bbox 1204 2312 1293 2362; x_wconf 89' lang='lat' dir='ltr'>terna</span> <span class='ocrx_word' id='word_1_185' title='bbox 1317 2299 1412 2362; x_wconf 88' lang='lat' dir='ltr'>millia</span> 
     </span>
     <span class='ocr_line' id='line_1_25' title="bbox 366 2380 1413 2468; baseline 0.004 -26"><span class='ocrx_word' id='word_1_186' title='bbox 366 2380 506 2462; x_wconf 88' lang='lat' dir='ltr'>peditum</span> <span class='ocrx_word' id='word_1_187' title='bbox 522 2381 616 2461; x_wconf 83' lang='lat' dir='ltr'>litere,</span> <span class='ocrx_word' id='word_1_188' title='bbox 636 2393 667 2444; x_wconf 92' lang='lat' dir='ltr'>et</span> <span class='ocrx_word' id='word_1_189' title='bbox 687 2385 808 2446; x_wconf 87' lang='lat' dir='ltr'>centeni</span> <span class='ocrx_word' id='word_1_190' title='bbox 830 2384 925 2447; x_wconf 86' lang='lat' dir='ltr'>ferme</span> <span class='ocrx_word' id='word_1_191' title='bbox 947 2385 1082 2468; x_wconf 84' lang='lat' dir='ltr'>equites:</span> <span class='ocrx_word' id='word_1_192' title='bbox 1110 2395 1244 2448; x_wconf 88' lang='lat' dir='ltr'>ceterum</span> <span class='ocrx_word' id='word_1_193' title='bbox 1268 2405 1331 2448; x_wconf 88' lang='lat' dir='ltr'>non</span> <span class='ocrx_word' id='word_1_194' title='bbox 1355 2405 1413 2446; x_wconf 91' lang='lat' dir='ltr'>nu·</span> 
     </span>
     <span class='ocr_line' id='line_1_26' title="bbox 366 2470 1412 2554; baseline 0.003 -24"><span class='ocrx_word' id='word_1_195' title='bbox 366 2485 456 2530; x_wconf 82' lang='lat' dir='ltr'>mero</span> <span class='ocrx_word' id='word_1_196' title='bbox 471 2477 603 2545; x_wconf 88' lang='lat' dir='ltr'>tantum,</span> <span class='ocrx_word' id='word_1_197' title='bbox 627 2487 684 2530; x_wconf 90' lang='lat' dir='ltr'>nec</span> <span class='ocrx_word' id='word_1_198' title='bbox 709 2487 861 2531; x_wconf 86' lang='lat' dir='ltr'>armorum</span> <span class='ocrx_word' id='word_1_199' title='bbox 881 2491 1002 2552; x_wconf 87' lang='lat' dir='ltr'>genere,</span> <span class='ocrx_word' id='word_1_200' title='bbox 1026 2470 1079 2533; x_wconf 87' lang='lat' dir='ltr'>sed</span> <span class='ocrx_word' id='word_1_201' title='bbox 1095 2472 1203 2534; x_wconf 89' lang='lat' dir='ltr'>animis</span> <span class='ocrx_word' id='word_1_202' title='bbox 1219 2491 1340 2554; x_wconf 90' lang='lat' dir='ltr'>quoque</span> <span class='ocrx_word' id='word_1_203' title='bbox 1357 2492 1412 2554; x_wconf 92' lang='lat' dir='ltr'>pa·</span> 
     </span>
     <span class='ocr_line' id='line_1_27' title="bbox 250 2551 1517 2643; baseline 0.008 -32"><span class='ocrx_word' id='word_1_204' title='bbox 250 2631 255 2643; x_wconf 77' lang='lat'>‚</span> <span class='ocrx_word' id='word_1_205' title='bbox 365 2551 461 2630; x_wconf 87' lang='lat' dir='ltr'>ribus,</span> <span class='ocrx_word' id='word_1_206' title='bbox 487 2563 521 2614; x_wconf 88' lang='lat' dir='ltr'>et</span> <span class='ocrx_word' id='word_1_207' title='bbox 542 2572 627 2634; x_wconf 87' lang='lat' dir='ltr'>aequa</span> <span class='ocrx_word' id='word_1_208' title='bbox 649 2573 704 2636; x_wconf 90' lang='lat' dir='ltr'>spe</span> <span class='ocrx_word' id='word_1_209' title='bbox 727 2568 908 2638; x_wconf 78' lang='lat' dir='ltr'>pugnarunt.</span> <span class='ocrx_word' id='word_1_210' title='bbox 952 2555 1067 2632; x_wconf 47' lang='lat' dir='ltr'>Achaei,</span> <span class='ocrx_word' id='word_1_211' title='bbox 1081 2558 1182 2640; x_wconf 86' lang='lat' dir='ltr'>primi,</span> <span class='ocrx_word' id='word_1_212' title='bbox 1205 2567 1341 2620; x_wconf 85' lang='lat' dir='ltr'>torrente</span> <span class='ocrx_word' id='word_1_213' title='bbox 1362 2579 1412 2620; x_wconf 84' lang='lat' dir='ltr'>su·</span> <span class='ocrx_word' id='word_1_214' title='bbox 1515 2607 1517 2640; x_wconf 62' lang='lat'>,</span> 
     </span>
     <span class='ocr_line' id='line_1_28' title="bbox 365 2637 1517 2724; baseline 0.004 -23"><span class='ocrx_word' id='word_1_215' title='bbox 365 2648 487 2720; x_wconf 85' lang='lat' dir='ltr'>petato,</span> <span class='ocrx_word' id='word_1_216' title='bbox 508 2637 540 2698; x_wconf 90' lang='lat' dir='ltr'>iu</span> <span class='ocrx_word' id='word_1_217' title='bbox 554 2637 705 2721; x_wconf 69' lang='lat' dir='ltr'>Agrianm</span> <span class='ocrx_word' id='word_1_218' title='bbox 728 2641 865 2724; x_wconf 88' lang='lat' dir='ltr'>inpetum</span> <span class='ocrx_word' id='word_1_219' title='bbox 882 2641 980 2705; x_wconf 81' lang='lat' dir='ltr'>iecere</span> <span class='ocrx_word' id='word_1_220' title='bbox 989 2666 1000 2722; x_wconf 90' lang='lat'>;</span> <span class='ocrx_word' id='word_1_221' title='bbox 1024 2643 1134 2706; x_wconf 91' lang='lat' dir='ltr'>deinde</span> <span class='ocrx_word' id='word_1_222' title='bbox 1150 2656 1215 2706; x_wconf 87' lang='lat' dir='ltr'>tota</span> <span class='ocrx_word' id='word_1_223' title='bbox 1228 2663 1325 2724; x_wconf 89' lang='lat' dir='ltr'>prope</span> <span class='ocrx_word' id='word_1_224' title='bbox 1341 2665 1412 2705; x_wconf 92' lang='lat' dir='ltr'>cur·</span> <span class='ocrx_word' id='word_1_225' title='bbox 1516 2669 1517 2706; x_wconf 74' lang='lat' dir='ltr'>r</span> 
     </span>
     <span class='ocr_line' id='line_1_29' title="bbox 217 2720 1517 2812; baseline 0.005 -28"><span class='ocrx_word' id='word_1_226' title='bbox 217 2720 236 2740; x_wconf 77' lang='lat'>&#39;¹</span> <span class='ocrx_word' id='word_1_227' title='bbox 365 2741 404 2784; x_wconf 86' lang='lat' dir='ltr'>su</span> <span class='ocrx_word' id='word_1_228' title='bbox 426 2734 615 2804; x_wconf 79' lang='lat' dir='ltr'>transgressa</span> <span class='ocrx_word' id='word_1_229' title='bbox 638 2747 758 2788; x_wconf 88' lang='lat' dir='ltr'>amnem</span> <span class='ocrx_word' id='word_1_230' title='bbox 782 2728 863 2789; x_wconf 88' lang='lat' dir='ltr'>acies</span> <span class='ocrx_word' id='word_1_231' title='bbox 889 2741 946 2791; x_wconf 90' lang='lat' dir='ltr'>est.</span> <span class='ocrx_word' id='word_1_232' title='bbox 989 2725 1052 2791; x_wconf 89' lang='lat' dir='ltr'>Diu</span> <span class='ocrx_word' id='word_1_233' title='bbox 1067 2749 1175 2812; x_wconf 89' lang='lat' dir='ltr'>anceps</span> <span class='ocrx_word' id='word_1_234' title='bbox 1190 2747 1291 2811; x_wconf 85' lang='lat' dir='ltr'>pugna</span> <span class='ocrx_word' id='word_1_235' title='bbox 1309 2728 1413 2792; x_wconf 83' lang='lat' dir='ltr'>stetit.</span> <span class='ocrx_word' id='word_1_236' title='bbox 1515 2749 1517 2804; x_wconf 56' lang='lat' dir='ltr'>j</span> 
     </span>
     <span class='ocr_line' id='line_1_30' title="bbox 364 2809 1412 2898; baseline 0.003 -29"><span class='ocrx_word' id='word_1_237' title='bbox 364 2809 532 2872; x_wconf 75' lang='lat' dir='ltr'>⁸⁸numero</span> <span class='ocrx_word' id='word_1_238' title='bbox 546 2809 652 2874; x_wconf 79' lang='lat' dir='ltr'>Achaei</span> <span class='ocrx_word' id='word_1_239' title='bbox 669 2812 751 2874; x_wconf 91' lang='lat' dir='ltr'>mille</span> <span class='ocrx_word' id='word_1_240' title='bbox 772 2825 804 2876; x_wconf 88' lang='lat' dir='ltr'>et</span> <span class='ocrx_word' id='word_1_241' title='bbox 826 2814 884 2896; x_wconf 86' lang='lat' dir='ltr'>ipsi</span> <span class='ocrx_word' id='word_1_242' title='bbox 909 2813 1148 2898; x_wconf 78' lang='lat' dir='ltr'>quadringentos</span> <span class='ocrx_word' id='word_1_243' title='bbox 1169 2815 1236 2877; x_wconf 91' lang='lat' dir='ltr'>loco</span> <span class='ocrx_word' id='word_1_244' title='bbox 1251 2813 1412 2895; x_wconf 82' lang='lat' dir='ltr'>expulere.</span> 
     </span>
     <span class='ocr_line' id='line_1_31' title="bbox 365 2892 1517 2981; baseline 0.001 -20"><span class='ocrx_word' id='word_1_245' title='bbox 365 2892 537 2975; x_wconf 51' lang='lat' dir='ltr'>&amp;Inclinat</span> <span class='ocrx_word' id='word_1_246' title='bbox 559 2896 629 2962; x_wconf 87' lang='lat' dir='ltr'>dein</span> <span class='ocrx_word' id='word_1_247' title='bbox 655 2897 794 2964; x_wconf 87' lang='lat' dir='ltr'>dextrum</span> <span class='ocrx_word' id='word_1_248' title='bbox 820 2919 911 2966; x_wconf 86' lang='lat' dir='ltr'>omne</span> <span class='ocrx_word' id='word_1_249' title='bbox 942 2921 1046 2965; x_wconf 88' lang='lat' dir='ltr'>comu.</span> <span class='ocrx_word' id='word_1_250' title='bbox 1090 2899 1288 2978; x_wconf 89' lang='lat' dir='ltr'>Macedones,</span> <span class='ocrx_word' id='word_1_251' title='bbox 1313 2917 1416 2981; x_wconf 82' lang='lat' dir='ltr'>usque</span> <span class='ocrx_word' id='word_1_252' title='bbox 1516 2895 1517 2940; x_wconf 46' lang='grc' dir='ltr'><em>Ὗ</em></span> 
     </span>
    </p>
   </div>
   <div class='ocr_carea' id='block_1_4' title="bbox 610 3013 1180 3123">
    <p class='ocr_par' dir='ltr' id='par_1_4' title="bbox 610 3013 1180 3123">
     <span class='ocr_line' id='line_1_32' title="bbox 610 3013 1180 3123; baseline 0.005 -37"><span class='ocrx_word' id='word_1_253' title='bbox 610 3044 621 3070; x_wconf 82' lang='lat'>¹¹</span> <span class='ocrx_word' id='word_1_254' title='bbox 631 3033 711 3086; x_wconf 75' lang='lat' dir='ltr'>utun</span> <span class='ocrx_word' id='word_1_255' title='bbox 719 3013 805 3088; x_wconf 59' lang='lat' dir='ltr'>Achae</span> <span class='ocrx_word' id='word_1_256' title='bbox 815 3038 832 3088; x_wconf 85' lang='lat' dir='ltr'>l.</span> <span class='ocrx_word' id='word_1_257' title='bbox 842 3036 930 3088; x_wconf 74' lang='lat' dir='ltr'>maara</span> <span class='ocrx_word' id='word_1_258' title='bbox 940 3036 1014 3123; x_wconf 68' lang='lat' dir='ltr'>calore</span> <span class='ocrx_word' id='word_1_259' title='bbox 1025 3037 1098 3086; x_wconf 82' lang='lat' dir='ltr'>Grau.</span> <span class='ocrx_word' id='word_1_260' title='bbox 1108 3038 1180 3090; x_wconf 78' lang='lat' dir='ltr'>Cret.</span> 
     </span>
    </p>
   </div>
   <div class='ocr_carea' id='block_1_5' title="bbox 1516 949 1520 1572">
    <p class='ocr_par' dir='ltr' id='par_1_5' title="bbox 1516 949 1520 1572">
     <span class='ocr_line' id='line_1_33' title="bbox 1516 949 1520 1572; baseline 0 0"><span class='ocrx_word' id='word_1_261' title='bbox 1516 949 1520 1572; x_wconf 95' lang='lat' dir='ltr'> </span> 
     </span>
    </p>
   </div>
   <div class='ocr_carea' id='block_1_6' title="bbox 371 3124 1418 3328">
    <p class='ocr_par' dir='ltr' id='par_1_6' title="bbox 371 3113 1517 3328">
     <span class='ocr_line' id='line_1_34' title="bbox 404 3124 1418 3218; baseline -0.001 -17"><span class='ocrx_word' id='word_1_262' title='bbox 404 3124 878 3218; x_wconf 51' lang='lat' dir='ltr'>aquaequeaquaeque</span> <span class='ocrx_word' id='word_1_263' title='bbox 910 3152 1020 3203; x_wconf 75' lang='lat' dir='ltr'>satisfacit</span> <span class='ocrx_word' id='word_1_264' title='bbox 1032 3152 1301 3215; x_wconf 73' lang='lat' dir='ltr'>Gronotdcmjeetura:</span> <span class='ocrx_word' id='word_1_265' title='bbox 1320 3147 1418 3200; x_wconf 66' lang='lat' dir='ltr'>Num</span> 
     </span>
     <span class='ocr_line' id='line_1_35' title="bbox 371 3215 1415 3328; baseline -0.001 -62"><span class='ocrx_word' id='word_1_266' title='bbox 371 3218 493 3292; x_wconf 72' lang='lat' dir='ltr'>repetique</span> <span class='ocrx_word' id='word_1_267' title='bbox 504 3215 678 3328; x_wconf 64' lang='lat' dir='ltr'>PeraeRposret,</span> <span class='ocrx_word' id='word_1_268' title='bbox 686 3219 747 3282; x_wconf 88' lang='lat' dir='ltr'>quod</span> <span class='ocrx_word' id='word_1_269' title='bbox 758 3218 877 3268; x_wconf 74' lang='lat' dir='ltr'>mutilium</span> <span class='ocrx_word' id='word_1_270' title='bbox 909 3217 985 3268; x_wconf 72' lang='lat' dir='ltr'>delei</span> <span class='ocrx_word' id='word_1_271' title='bbox 994 3219 1054 3267; x_wconf 77' lang='lat' dir='ltr'>seille</span> <span class='ocrx_word' id='word_1_272' title='bbox 1063 3227 1085 3266; x_wconf 84' lang='lat' dir='ltr'>et</span> <span class='ocrx_word' id='word_1_273' title='bbox 1103 3221 1157 3278; x_wconf 63' lang='lat' dir='ltr'>imur</span> <span class='ocrx_word' id='word_1_274' title='bbox 1173 3220 1305 3281; x_wconf 51' lang='lat' dir='ltr'>aarum</span> <span class='ocrx_word' id='word_1_275' title='bbox 1317 3216 1363 3266; x_wconf 70' lang='lat' dir='ltr'>aa</span> <span class='ocrx_word' id='word_1_276' title='bbox 1378 3231 1415 3265; x_wconf 84' lang='lat' dir='ltr'>er-</span> 
     </span>
    </p>
   </div>
   <div class='ocr_carea' id='block_1_7' title="bbox 371 3281 1517 4516">
    <p class='ocr_par' dir='ltr' id='par_1_7' title="bbox 371 3281 1517 4516">
     <span class='ocr_line' id='line_1_36' title="bbox 371 3281 1417 3409; baseline 0.002 -17"><span class='ocrx_word' id='word_1_277' title='bbox 371 3281 783 3409; x_wconf 55' lang='lat' dir='ltr'>&#39;lffil&#39;ill‘lrmdlliiffia</span> <span class='ocrx_word' id='word_1_278' title='bbox 824 3347 868 3396; x_wconf 63' lang='lat' dir='ltr'>c„</span> <span class='ocrx_word' id='word_1_279' title='bbox 906 3281 1417 3395; x_wconf 53' lang='lat' dir='ltr'>ttutthtlt&#39;ittuitttiutr</span> 
     </span>
     <span class='ocr_line' id='line_1_37' title="bbox 372 3361 1417 3486; baseline -0.002 -26"><span class='ocrx_word' id='word_1_280' title='bbox 372 3411 466 3460; x_wconf 65' lang='lat' dir='ltr'>undam</span> <span class='ocrx_word' id='word_1_281' title='bbox 482 3409 601 3458; x_wconf 70' lang='lat' dir='ltr'>auruum</span> <span class='ocrx_word' id='word_1_282' title='bbox 622 3409 774 3486; x_wconf 64' lang='lat' dir='ltr'>limumque</span> <span class='ocrx_word' id='word_1_283' title='bbox 792 3409 881 3462; x_wconf 68' lang='lat' dir='ltr'>Rhodie</span> <span class='ocrx_word' id='word_1_284' title='bbox 912 3413 981 3473; x_wconf 76' lang='lat' dir='ltr'>igitur</span> <span class='ocrx_word' id='word_1_285' title='bbox 991 3361 1178 3461; x_wconf 73' lang='lat' dir='ltr'>Grmorireqhic</span> <span class='ocrx_word' id='word_1_286' title='bbox 1211 3411 1282 3458; x_wconf 75' lang='lat' dir='ltr'>trium</span> <span class='ocrx_word' id='word_1_287' title='bbox 1292 3409 1417 3469; x_wconf 72' lang='lat' dir='ltr'>significare</span> 
     </span>
     <span class='ocr_line' id='line_1_38' title="bbox 373 3469 1418 3538; baseline 0.004 -18"><span class='ocrx_word' id='word_1_288' title='bbox 373 3469 461 3538; x_wconf 73' lang='lat' dir='ltr'>cotors]</span> <span class='ocrx_word' id='word_1_289' title='bbox 476 3469 634 3522; x_wconf 83' lang='lat' dir='ltr'>Hunclccum</span> <span class='ocrx_word' id='word_1_290' title='bbox 645 3475 837 3538; x_wconf 77' lang='lat' dir='ltr'>coemptusimum</span> <span class='ocrx_word' id='word_1_291' title='bbox 852 3493 879 3526; x_wconf 82' lang='lat' dir='ltr'>ac</span> <span class='ocrx_word' id='word_1_292' title='bbox 940 3475 960 3523; x_wconf 89' lang='lat' dir='ltr'>ri</span> <span class='ocrx_word' id='word_1_293' title='bbox 984 3489 1083 3525; x_wconf 85' lang='lat' dir='ltr'>nurnero</span> <span class='ocrx_word' id='word_1_294' title='bbox 1108 3475 1179 3524; x_wconf 84' lang='lat' dir='ltr'>t&#39;uirae</span> <span class='ocrx_word' id='word_1_295' title='bbox 1204 3475 1275 3523; x_wconf 66' lang='lat' dir='ltr'>uiam</span> <span class='ocrx_word' id='word_1_296' title='bbox 1299 3473 1418 3535; x_wconf 73' lang='lat' dir='ltr'>Agrianas.</span> 
     </span>
     <span class='ocr_line' id='line_1_39' title="bbox 374 3533 1419 3604; baseline 0.002 -20"><span class='ocrx_word' id='word_1_297' title='bbox 374 3535 443 3602; x_wconf 73' lang='lat' dir='ltr'>plane</span> <span class='ocrx_word' id='word_1_298' title='bbox 451 3533 591 3597; x_wconf 79' lang='lat' dir='ltr'>deploratum</span> <span class='ocrx_word' id='word_1_299' title='bbox 599 3535 698 3586; x_wconf 77' lang='lat' dir='ltr'>feliciter</span> <span class='ocrx_word' id='word_1_300' title='bbox 704 3539 805 3589; x_wconf 77' lang='lat' dir='ltr'>restituit</span> <span class='ocrx_word' id='word_1_301' title='bbox 814 3539 879 3590; x_wconf 69' lang='lat' dir='ltr'>tert„</span> <span class='ocrx_word' id='word_1_302' title='bbox 943 3541 958 3587; x_wconf 89' lang='lat' dir='ltr'>d</span> <span class='ocrx_word' id='word_1_303' title='bbox 968 3541 1045 3589; x_wconf 84' lang='lat' dir='ltr'>turbat</span> <span class='ocrx_word' id='word_1_304' title='bbox 1055 3555 1100 3590; x_wconf 81' lang='lat' dir='ltr'>vox</span> <span class='ocrx_word' id='word_1_305' title='bbox 1109 3555 1199 3589; x_wconf 77' lang='lat' dir='ltr'>uanum</span> <span class='ocrx_word' id='word_1_306' title='bbox 1207 3539 1275 3604; x_wconf 87' lang='lat' dir='ltr'>plane</span> <span class='ocrx_word' id='word_1_307' title='bbox 1285 3539 1361 3587; x_wconf 81' lang='lat' dir='ltr'>alieno</span> <span class='ocrx_word' id='word_1_308' title='bbox 1368 3539 1419 3586; x_wconf 81' lang='lat' dir='ltr'>loeo</span> 
     </span>
     <span class='ocr_line' id='line_1_40' title="bbox 375 3597 1420 3670; baseline 0.004 -22"><span class='ocrx_word' id='word_1_309' title='bbox 375 3597 512 3648; x_wconf 68' lang='lat' dir='ltr'>emturum</span> <span class='ocrx_word' id='word_1_310' title='bbox 523 3599 606 3650; x_wconf 82' lang='lat' dir='ltr'>modo:</span> <span class='ocrx_word' id='word_1_311' title='bbox 624 3597 713 3664; x_wconf 73' lang='lat' dir='ltr'>Equue</span> <span class='ocrx_word' id='word_1_312' title='bbox 724 3607 823 3654; x_wconf 66' lang='lat' dir='ltr'>aaran</span> <span class='ocrx_word' id='word_1_313' title='bbox 835 3609 880 3655; x_wconf 84' lang='lat' dir='ltr'>er&#39;r-</span> <span class='ocrx_word' id='word_1_314' title='bbox 913 3615 939 3654; x_wconf 87' lang='lat' dir='ltr'>et</span> <span class='ocrx_word' id='word_1_315' title='bbox 959 3605 1039 3654; x_wconf 78' lang='lat' dir='ltr'>urdine</span> <span class='ocrx_word' id='word_1_316' title='bbox 1058 3605 1141 3670; x_wconf 80' lang='lat' dir='ltr'>posita.</span> <span class='ocrx_word' id='word_1_317' title='bbox 1169 3603 1199 3652; x_wconf 81' lang='lat' dir='ltr'>st</span> <span class='ocrx_word' id='word_1_318' title='bbox 1217 3605 1267 3654; x_wconf 81' lang='lat' dir='ltr'>hec</span> <span class='ocrx_word' id='word_1_319' title='bbox 1288 3603 1334 3652; x_wconf 83' lang='lat' dir='ltr'>fuit</span> <span class='ocrx_word' id='word_1_320' title='bbox 1355 3617 1420 3652; x_wconf 84' lang='lat' dir='ltr'>meus</span> 
     </span>
     <span class='ocr_line' id='line_1_41' title="bbox 376 3661 1419 3735; baseline 0.003 -21"><span class='ocrx_word' id='word_1_321' title='bbox 376 3663 479 3719; x_wconf 68' lang='lat' dir='ltr'>undet,</span> <span class='ocrx_word' id='word_1_322' title='bbox 490 3670 514 3712; x_wconf 82' lang='lat' dir='ltr'>et</span> <span class='ocrx_word' id='word_1_323' title='bbox 531 3661 664 3714; x_wconf 60' lang='lat' dir='ltr'>&amp;durium</span> <span class='ocrx_word' id='word_1_324' title='bbox 679 3669 796 3718; x_wconf 61' lang='lat' dir='ltr'>emtum</span> <span class='ocrx_word' id='word_1_325' title='bbox 811 3669 882 3720; x_wconf 71' lang='lat' dir='ltr'>Tara-</span> <span class='ocrx_word' id='word_1_326' title='bbox 914 3669 981 3727; x_wconf 84' lang='lat' dir='ltr'>Livii,</span> <span class='ocrx_word' id='word_1_327' title='bbox 995 3670 1047 3735; x_wconf 82' lang='lat' dir='ltr'>plut</span> <span class='ocrx_word' id='word_1_328' title='bbox 1062 3669 1192 3720; x_wconf 76' lang='lat' dir='ltr'>audendum</span> <span class='ocrx_word' id='word_1_329' title='bbox 1212 3670 1267 3727; x_wconf 86' lang='lat' dir='ltr'>erit,</span> <span class='ocrx_word' id='word_1_330' title='bbox 1286 3668 1419 3730; x_wconf 70' lang='lat' dir='ltr'>legendum·</span> 
     </span>
     <span class='ocr_line' id='line_1_42' title="bbox 376 3724 1421 3800; baseline 0.005 -25"><span class='ocrx_word' id='word_1_331' title='bbox 376 3741 478 3789; x_wconf 72' lang='lat' dir='ltr'>eamque.</span> <span class='ocrx_word' id='word_1_332' title='bbox 510 3724 592 3776; x_wconf 75' lang='lat' dir='ltr'>Rarau</span> <span class='ocrx_word' id='word_1_333' title='bbox 615 3727 701 3778; x_wconf 71' lang='lat' dir='ltr'>Auem</span> <span class='ocrx_word' id='word_1_334' title='bbox 717 3733 792 3781; x_wconf 78' lang='lat' dir='ltr'>deatro</span> <span class='ocrx_word' id='word_1_335' title='bbox 808 3750 884 3793; x_wconf 66' lang='lat' dir='ltr'>mrem.</span> <span class='ocrx_word' id='word_1_336' title='bbox 915 3749 975 3798; x_wconf 85' lang='lat' dir='ltr'>quer</span> <span class='ocrx_word' id='word_1_337' title='bbox 991 3735 1102 3800; x_wconf 70' lang='lat' dir='ltr'>Agrium</span> <span class='ocrx_word' id='word_1_338' title='bbox 1115 3735 1190 3783; x_wconf 78' lang='lat' dir='ltr'>Actaet</span> <span class='ocrx_word' id='word_1_339' title='bbox 1206 3735 1267 3784; x_wconf 76' lang='lat' dir='ltr'>mille</span> <span class='ocrx_word' id='word_1_340' title='bbox 1278 3743 1300 3782; x_wconf 83' lang='lat' dir='ltr'>st</span> <span class='ocrx_word' id='word_1_341' title='bbox 1316 3736 1372 3795; x_wconf 65' lang='lat' dir='ltr'>ipsos</span> <span class='ocrx_word' id='word_1_342' title='bbox 1385 3749 1421 3780; x_wconf 77' lang='lat' dir='ltr'>ee·</span> 
     </span>
     <span class='ocr_line' id='line_1_43' title="bbox 377 3793 1422 3863; baseline 0.004 -21"><span class='ocrx_word' id='word_1_343' title='bbox 377 3793 466 3842; x_wconf 69' lang='lat' dir='ltr'>einum</span> <span class='ocrx_word' id='word_1_344' title='bbox 482 3793 623 3840; x_wconf 76' lang='lat' dir='ltr'>raeroerurr&#39;or</span> <span class='ocrx_word' id='word_1_345' title='bbox 641 3795 722 3843; x_wconf 78' lang='lat' dir='ltr'>aniliter</span> <span class='ocrx_word' id='word_1_346' title='bbox 740 3830 762 3845; x_wconf 90' lang='lat'>..</span> <span class='ocrx_word' id='word_1_347' title='bbox 784 3797 883 3848; x_wconf 74' lang='lat' dir='ltr'>tabuere.</span> <span class='ocrx_word' id='word_1_348' title='bbox 915 3801 1022 3863; x_wconf 75' lang='lat' dir='ltr'>tingeretur</span> <span class='ocrx_word' id='word_1_349' title='bbox 1035 3801 1080 3848; x_wconf 86' lang='lat' dir='ltr'>loeo</span> <span class='ocrx_word' id='word_1_350' title='bbox 1092 3801 1199 3862; x_wconf 73' lang='lat' dir='ltr'>erpukre.</span> <span class='ocrx_word' id='word_1_351' title='bbox 1233 3799 1342 3847; x_wconf 75' lang='lat' dir='ltr'>*Achaei</span> <span class='ocrx_word' id='word_1_352' title='bbox 1360 3797 1422 3846; x_wconf 81' lang='lat' dir='ltr'>rnrlle</span> 
     </span>
     <span class='ocr_line' id='line_1_44' title="bbox 379 3854 1421 3926; baseline 0.005 -21"><span class='ocrx_word' id='word_1_353' title='bbox 379 3854 886 3921; x_wconf 59' lang='lat' dir='ltr'>nnuquhtmrettaonauutumam</span> <span class='ocrx_word' id='word_1_354' title='bbox 916 3874 941 3912; x_wconf 89' lang='lat' dir='ltr'>et</span> <span class='ocrx_word' id='word_1_355' title='bbox 959 3863 1219 3926; x_wconf 67' lang='lat' dir='ltr'>autoramentum</span> <span class='ocrx_word' id='word_1_356' title='bbox 1237 3873 1328 3914; x_wconf 74' lang='lat' dir='ltr'>eonem</span> <span class='ocrx_word' id='word_1_357' title='bbox 1345 3877 1376 3911; x_wconf 80' lang='lat' dir='ltr'>ex</span> <span class='ocrx_word' id='word_1_358' title='bbox 1394 3863 1421 3910; x_wconf 75' lang='lat' dir='ltr'>tte</span> 
     </span>
     <span class='ocr_line' id='line_1_45' title="bbox 379 3919 1421 3994; baseline 0.004 -22"><span class='ocrx_word' id='word_1_359' title='bbox 379 3921 442 3972; x_wconf 79' lang='lat' dir='ltr'>uude</span> <span class='ocrx_word' id='word_1_360' title='bbox 460 3919 525 3970; x_wconf 82' lang='lat' dir='ltr'>nullo</span> <span class='ocrx_word' id='word_1_361' title='bbox 541 3919 633 3983; x_wconf 70' lang='lat' dir='ltr'>nezodo</span> <span class='ocrx_word' id='word_1_362' title='bbox 650 3919 748 3973; x_wconf 76' lang='lat' dir='ltr'>efficitur</span> <span class='ocrx_word' id='word_1_363' title='bbox 763 3928 886 3977; x_wconf 73' lang='lat' dir='ltr'>circundat</span> <span class='ocrx_word' id='word_1_364' title='bbox 917 3943 970 3990; x_wconf 77' lang='lat' dir='ltr'>que</span> <span class='ocrx_word' id='word_1_365' title='bbox 986 3930 1127 3993; x_wconf 79' lang='lat' dir='ltr'>praecedam.</span> <span class='ocrx_word' id='word_1_366' title='bbox 1158 3929 1277 3990; x_wconf 73' lang='lat' dir='ltr'>Agrianes,</span> <span class='ocrx_word' id='word_1_367' title='bbox 1287 3927 1335 3994; x_wconf 81' lang='lat' dir='ltr'>peri</span> <span class='ocrx_word' id='word_1_368' title='bbox 1345 3939 1370 3976; x_wconf 86' lang='lat' dir='ltr'>et</span> <span class='ocrx_word' id='word_1_369' title='bbox 1381 3925 1421 3990; x_wconf 79' lang='lat' dir='ltr'>ipsi</span> 
     </span>
     <span class='ocr_line' id='line_1_46' title="bbox 380 3985 1422 4062; baseline 0.006 -27"><span class='ocrx_word' id='word_1_370' title='bbox 380 3993 411 4035; x_wconf 83' lang='lat' dir='ltr'>et.</span> <span class='ocrx_word' id='word_1_371' title='bbox 443 3985 542 4036; x_wconf 72' lang='lat' dir='ltr'>Athene</span> <span class='ocrx_word' id='word_1_372' title='bbox 552 3985 659 4062; x_wconf 74' lang='lat' dir='ltr'>dextrum</span> <span class='ocrx_word' id='word_1_373' title='bbox 670 4003 740 4039; x_wconf 84' lang='lat' dir='ltr'>cornu</span> <span class='ocrx_word' id='word_1_374' title='bbox 751 3994 850 4042; x_wconf 83' lang='lat' dir='ltr'>tenuisse</span> <span class='ocrx_word' id='word_1_375' title='bbox 861 3992 886 4040; x_wconf 90' lang='lat' dir='ltr'>in</span> <span class='ocrx_word' id='word_1_376' title='bbox 917 4007 1023 4051; x_wconf 81' lang='lat' dir='ltr'>numero,</span> <span class='ocrx_word' id='word_1_377' title='bbox 1040 3996 1068 4042; x_wconf 84' lang='lat' dir='ltr'>ab</span> <span class='ocrx_word' id='word_1_378' title='bbox 1089 3993 1117 4042; x_wconf 76' lang='lat' dir='ltr'>i&#39;n</span> <span class='ocrx_word' id='word_1_379' title='bbox 1137 3993 1262 4058; x_wconf 81' lang='lat' dir='ltr'>pellamur.</span> <span class='ocrx_word' id='word_1_380' title='bbox 1282 3993 1359 4052; x_wconf 83' lang='lat' dir='ltr'>†Sed</span> <span class='ocrx_word' id='word_1_381' title='bbox 1375 3991 1422 4041; x_wconf 85' lang='lat' dir='ltr'>lrec</span> 
     </span>
     <span class='ocr_line' id='line_1_47' title="bbox 378 4049 1152 4120; baseline 0.01 -22"><span class='ocrx_word' id='word_1_382' title='bbox 378 4060 484 4099; x_wconf 67' lang='lat' dir='ltr'>auerte</span> <span class='ocrx_word' id='word_1_383' title='bbox 500 4049 643 4102; x_wconf 83' lang='lat' dir='ltr'>Rhodroruur</span> <span class='ocrx_word' id='word_1_384' title='bbox 659 4063 725 4119; x_wconf 81' lang='lat' dir='ltr'>petet</span> <span class='ocrx_word' id='word_1_385' title='bbox 744 4070 774 4104; x_wconf 76' lang='lat' dir='ltr'>ex</span> <span class='ocrx_word' id='word_1_386' title='bbox 791 4058 819 4105; x_wconf 80' lang='lat' dir='ltr'>tir</span> <span class='ocrx_word' id='word_1_387' title='bbox 835 4071 887 4120; x_wconf 81' lang='lat' dir='ltr'>que</span> <span class='ocrx_word' id='word_1_388' title='bbox 917 4057 982 4107; x_wconf 79' lang='lat' dir='ltr'>eride</span> <span class='ocrx_word' id='word_1_389' title='bbox 994 4058 1152 4108; x_wconf 70' lang='lat' dir='ltr'>maenarum</span> 
     </span>
     <span class='ocr_line' id='line_1_48' title="bbox 381 4113 1425 4181; baseline 0.011 -20"><span class='ocrx_word' id='word_1_390' title='bbox 381 4127 520 4176; x_wconf 76' lang='lat' dir='ltr'>sequuntur.</span> <span class='ocrx_word' id='word_1_391' title='bbox 552 4115 634 4181; x_wconf 81' lang='lat' dir='ltr'>ltaque</span> <span class='ocrx_word' id='word_1_392' title='bbox 652 4113 703 4169; x_wconf 80' lang='lat' dir='ltr'>haec</span> <span class='ocrx_word' id='word_1_393' title='bbox 722 4119 787 4168; x_wconf 77' lang='lat' dir='ltr'>uobis</span> <span class='ocrx_word' id='word_1_394' title='bbox 805 4121 887 4169; x_wconf 84' lang='lat' dir='ltr'>doctis·</span> <span class='ocrx_word' id='word_1_395' title='bbox 951 4123 973 4158; x_wconf 77' lang='lat'>⁸⁴</span> <span class='ocrx_word' id='word_1_396' title='bbox 985 4121 1083 4173; x_wconf 75' lang='lat' dir='ltr'>Inclinat</span> <span class='ocrx_word' id='word_1_397' title='bbox 1095 4125 1147 4172; x_wconf 76' lang='lat' dir='ltr'>dein</span> <span class='ocrx_word' id='word_1_398' title='bbox 1160 4124 1260 4172; x_wconf 56' lang='lat' dir='ltr'>murrae</span> <span class='ocrx_word' id='word_1_399' title='bbox 1274 4135 1337 4172; x_wconf 76' lang='lat' dir='ltr'>omae</span> <span class='ocrx_word' id='word_1_400' title='bbox 1350 4137 1425 4172; x_wconf 64' lang='lat' dir='ltr'>cern·</span> 
     </span>
     <span class='ocr_line' id='line_1_49' title="bbox 379 4177 1484 4253; baseline 0.011 -25"><span class='ocrx_word' id='word_1_401' title='bbox 379 4177 436 4228; x_wconf 78' lang='lat' dir='ltr'>timi</span> <span class='ocrx_word' id='word_1_402' title='bbox 446 4180 488 4228; x_wconf 79' lang='lat' dir='ltr'>riri</span> <span class='ocrx_word' id='word_1_403' title='bbox 499 4183 629 4232; x_wconf 78' lang='lat' dir='ltr'>emendatio</span> <span class='ocrx_word' id='word_1_404' title='bbox 639 4181 811 4234; x_wconf 82' lang='lat' dir='ltr'>rideturreteru</span> <span class='ocrx_word' id='word_1_405' title='bbox 822 4185 887 4236; x_wconf 78' lang='lat' dir='ltr'>euhi-</span> <span class='ocrx_word' id='word_1_406' title='bbox 921 4184 1061 4253; x_wconf 68' lang='lat' dir='ltr'>Mardum]</span> <span class='ocrx_word' id='word_1_407' title='bbox 1082 4187 1199 4238; x_wconf 78' lang='lat' dir='ltr'>Dextrum</span> <span class='ocrx_word' id='word_1_408' title='bbox 1210 4201 1281 4236; x_wconf 84' lang='lat' dir='ltr'>cornu</span> <span class='ocrx_word' id='word_1_409' title='bbox 1292 4199 1360 4236; x_wconf 80' lang='lat' dir='ltr'>eram</span> <span class='ocrx_word' id='word_1_410' title='bbox 1371 4187 1426 4236; x_wconf 82' lang='lat' dir='ltr'>Ma·</span> <span class='ocrx_word' id='word_1_411' title='bbox 1480 4229 1484 4240; x_wconf 81' lang='grc'><strong>.</strong></span> 
     </span>
     <span class='ocr_line' id='line_1_50' title="bbox 381 4241 1517 4318; baseline 0.012 -28"><span class='ocrx_word' id='word_1_412' title='bbox 381 4241 622 4295; x_wconf 62' lang='lat' dir='ltr'>menstruarum.</span> <span class='ocrx_word' id='word_1_413' title='bbox 919 4252 1028 4304; x_wconf 73' lang='lat' dir='ltr'>cederes.</span> <span class='ocrx_word' id='word_1_414' title='bbox 1050 4251 1146 4318; x_wconf 76' lang='lat' dir='ltr'>ltaque</span> <span class='ocrx_word' id='word_1_415' title='bbox 1167 4252 1275 4316; x_wconf 81' lang='lat' dir='ltr'>quamdiu</span> <span class='ocrx_word' id='word_1_416' title='bbox 1297 4263 1360 4304; x_wconf 84' lang='lat' dir='ltr'>etant</span> <span class='ocrx_word' id='word_1_417' title='bbox 1385 4253 1428 4302; x_wconf 77' lang='lat' dir='ltr'>int·</span> <span class='ocrx_word' id='word_1_418' title='bbox 1515 4253 1517 4260; x_wconf 62' lang='lat'><strong><em>⁴</em></strong></span> 
     </span>
     <span class='ocr_line' id='line_1_51' title="bbox 416 4304 1427 4384; baseline 0.01 -30"><span class='ocrx_word' id='word_1_419' title='bbox 416 4304 547 4384; x_wconf 54' lang='lat' dir='ltr'>J’Nuurere</span> <span class='ocrx_word' id='word_1_420' title='bbox 561 4310 637 4360; x_wconf 76' lang='lat' dir='ltr'>Artaet</span> <span class='ocrx_word' id='word_1_421' title='bbox 657 4313 716 4362; x_wconf 79' lang='lat' dir='ltr'>mille</span> <span class='ocrx_word' id='word_1_422' title='bbox 732 4323 755 4364; x_wconf 81' lang='lat' dir='ltr'>et</span> <span class='ocrx_word' id='word_1_423' title='bbox 772 4315 814 4377; x_wconf 79' lang='lat' dir='ltr'>r&#39;pd</span> <span class='ocrx_word' id='word_1_424' title='bbox 831 4331 887 4378; x_wconf 85' lang='lat' dir='ltr'>qua·</span> <span class='ocrx_word' id='word_1_425' title='bbox 919 4317 987 4374; x_wconf 88' lang='lat' dir='ltr'>moti,</span> <span class='ocrx_word' id='word_1_426' title='bbox 1004 4331 1050 4366; x_wconf 86' lang='lat' dir='ltr'>non</span> <span class='ocrx_word' id='word_1_427' title='bbox 1112 4329 1147 4368; x_wconf 85' lang='lat' dir='ltr'>ert</span> <span class='ocrx_word' id='word_1_428' title='bbox 1164 4317 1210 4368; x_wconf 83' lang='lat' dir='ltr'>dici</span> <span class='ocrx_word' id='word_1_429' title='bbox 1231 4319 1339 4367; x_wconf 74' lang='lat' dir='ltr'>dextnrm</span> <span class='ocrx_word' id='word_1_430' title='bbox 1356 4329 1427 4366; x_wconf 84' lang='lat' dir='ltr'>cotun</span> 
     </span>
     <span class='ocr_line' id='line_1_52' title="bbox 385 4369 1430 4440; baseline 0.011 -21"><span class='ocrx_word' id='word_1_431' title='bbox 385 4369 512 4435; x_wconf 57' lang='lat' dir='ltr'>magma</span> <span class='ocrx_word' id='word_1_432' title='bbox 523 4408 546 4425; x_wconf 86' lang='lat'>..</span> <span class='ocrx_word' id='word_1_433' title='bbox 562 4375 672 4440; x_wconf 60' lang='lat' dir='ltr'>undem]</span> <span class='ocrx_word' id='word_1_434' title='bbox 687 4377 722 4426; x_wconf 81' lang='lat' dir='ltr'>Ex</span> <span class='ocrx_word' id='word_1_435' title='bbox 732 4379 817 4428; x_wconf 76' lang='lat' dir='ltr'>hieria</span> <span class='ocrx_word' id='word_1_436' title='bbox 827 4379 888 4429; x_wconf 74' lang='lat' dir='ltr'>uum</span> <span class='ocrx_word' id='word_1_437' title='bbox 919 4380 1037 4432; x_wconf 86' lang='lat' dir='ltr'>inclinare.</span> <span class='ocrx_word' id='word_1_438' title='bbox 1117 4384 1181 4434; x_wconf 75' lang='lat' dir='ltr'>cuitu</span> <span class='ocrx_word' id='word_1_439' title='bbox 1191 4383 1283 4432; x_wconf 84' lang='lat' dir='ltr'>ridetur</span> <span class='ocrx_word' id='word_1_440' title='bbox 1296 4381 1355 4432; x_wconf 77' lang='lat' dir='ltr'>uvu</span> <span class='ocrx_word' id='word_1_441' title='bbox 1374 4395 1430 4430; x_wconf 76' lang='lat' dir='ltr'>seu·</span> 
     </span>
     <span class='ocr_line' id='line_1_53' title="bbox 385 4436 1428 4516; baseline 0.012 -22"><span class='ocrx_word' id='word_1_442' title='bbox 385 4436 715 4509; x_wconf 69' lang='lat' dir='ltr'>wudenutffltipoue.</span> <span class='ocrx_word' id='word_1_443' title='bbox 731 4441 889 4513; x_wconf 72' lang='lat' dir='ltr'>Nemetum</span> <span class='ocrx_word' id='word_1_444' title='bbox 919 4459 971 4500; x_wconf 82' lang='lat' dir='ltr'>tun</span> <span class='ocrx_word' id='word_1_445' title='bbox 991 4447 1098 4516; x_wconf 49' lang='lat' dir='ltr'>enine„</span> <span class='ocrx_word' id='word_1_446' title='bbox 1117 4449 1173 4506; x_wconf 81' lang='lat' dir='ltr'>deu</span> <span class='ocrx_word' id='word_1_447' title='bbox 1194 4447 1313 4505; x_wconf 68' lang='lat' dir='ltr'>nuntiet</span> <span class='ocrx_word' id='word_1_448' title='bbox 1330 4446 1428 4500; x_wconf 68' lang='lat' dir='ltr'>inuare</span> 
     </span>
    </p>
   </div>
   <div class='ocr_carea' id='block_1_8' title="bbox 0 0 1535 5200">
    <p class='ocr_par' dir='ltr' id='par_1_8' title="bbox 0 0 1535 5200">
     <span class='ocr_line' id='line_1_54' title="bbox 0 0 1535 5200; baseline 0 0"><span class='ocrx_word' id='word_1_449' title='bbox 0 0 1535 5200; x_wconf 95' lang='lat' dir='ltr'> </span> 
     </span>
    </p>
   </div>
  </div>
 </body>
</html>
