3068 5186
57 1047 67 1066 ¹
172 1037 221 1074 tur.

343 381 403 442 us
527 329 538 348 ’“
624 357 628 380 ’
758 371 966 436 mortno
1070 397 1088 408 .,

171 549 313 605 mesos.
337 550 403 600 tum
418 533 601 598 fodientium
623 533 801 616 captabant.
857 533 957 604 Quem
979 532 1031 595 ubi
1049 529 1297 614 ¹⁹sccepernnt¹,
1313 551 1390 616 ape·

173 615 246 677 M·
259 618 313 668 1⁸9.
338 625 417 686 riunt
444 634 560 685 rectam
586 622 618 682 in
648 620 822 682 cuniculum
851 620 944 682 mam.
970 641 1027 682 nes
1056 619 1114 681 fuit
1138 619 1244 701 magni
1274 618 1389 701 operis.

338 721 496 784 momento
525 707 607 770 enim
641 707 682 768 ad
715 707 816 784 inane,
845 727 992 790 suspenso
1025 705 1149 768 surculis
1178 708 1217 768 ab
1246 705 1388 768 hostibus

339 817 435 874 muro,
451 804 661 878 pervenerunt.
677 794 719 874 ibi
736 794 903 856 commissis
922 794 1073 876 operibus,
1089 801 1183 874 quum
1204 813 1223 855 e
1246 791 1331 854 fossa
1354 794 1384 856 in

205 906 209 914 ·
340 883 511 946 cuniculum
531 892 652 964 pateret
681 881 750 958 iter,
772 881 872 962 primo
897 881 970 963 ipsis
993 879 1195 958 ferramentis,
1218 881 1329 962 quibus
1353 881 1386 942 in

174 959 301 1026 Repetun-
340 991 431 1052 opere
451 970 497 1030 usi
511 980 609 1046 erant,
625 968 695 1029 dein
717 968 856 1030 celeriter
870 968 979 1030 armati
993 968 1084 1030 etiam
1100 967 1265 1030 subeuntes
1281 967 1387 1030 occul-
1422 1011 1427 1016 -

341 1069 406 1119 tam
425 1058 481 1117 sub
504 1067 615 1117 terram
640 1055 801 1118 ediderunt
816 1074 961 1136 pugnum.
985 1055 1110 1136 segnior.
1123 1054 1235 1116 deinde
1250 1075 1289 1116 ea
1303 1053 1386 1117 facts

307 1162 311 1173 ·
341 1155 407 1220 est3
438 1142 702 1224 intersepiantibus
723 1141 907 1221 cuniculum,
921 1141 972 1203 abi
995 1141 1117 1218 vellent,
1139 1161 1222 1203 nunc
1236 1143 1265 1180 2‘
1275 1141 1384 1203 ciliciis

341 1229 504 1314 pratentis,
520 1249 600 1292 nunc
622 1229 736 1290 foribus
755 1229 868 1311 raptim
890 1226 1030 1309 objectis.
1085 1226 1173 1289 Nova
1191 1229 1285 1290 etiam
1301 1227 1386 1290 haud

342 1317 445 1399 magni
460 1316 560 1398 operis
582 1315 723 1377 adversus
745 1335 808 1392 eos,
823 1315 874 1396 qui
893 1313 924 1374 in
941 1314 1080 1375 cuniculo
1096 1325 1193 1392 erant,
1209 1317 1385 1396 excogitata

343 1425 389 1466 res
411 1415 467 1465 est.
482 1402 597 1464 dolium
619 1423 639 1463 a
660 1402 754 1464 fundo
768 1411 934 1484 pertusum,
949 1421 1010 1482 qna
1030 1400 1132 1463 fistula
1155 1401 1279 1462 modica
1293 1402 1385 1463 inseri

342 1502 456 1574 posset,
479 1500 511 1551 et
532 1489 664 1552 fistulam
685 1489 815 1550 ferream
837 1489 1073 1570 operculumque
1095 1487 1169 1548 dolii
1191 1487 1335 1566 ferreum,
1356 1498 1389 1550 et

312 1651 315 1656 Ι
340 1577 440 1659 ipsum
457 1576 590 1657 pluribus
611 1576 686 1637 locis
707 1574 904 1657 perforatum,
928 1575 1073 1637 lecerunt.
1096 1576 1155 1636 hoc
1177 1575 1261 1637 temn
1279 1575 1387 1658 pluma

342 1663 528 1745 completum
544 1661 658 1724 dolium
673 1681 726 1724 ore
742 1663 772 1723 in
788 1661 959 1724 cuniculum
974 1681 1061 1722 verso
1076 1673 1251 1744 posuemnt.
1294 1661 1386 1724 ¹¹Pcr

297 1823 300 1830 .
341 1749 477 1834 operculi
495 1749 645 1811 foramina
663 1743 822 1833 praelongae
841 1749 946 1826 hastae,
967 1767 1041 1828 quas
1064 1749 1186 1809 sarissas
1200 1761 1326 1828 vocant,
1346 1749 1386 1811 ad

340 1837 563 1898 submovendos
583 1836 686 1897 hostes
708 1834 894 1897 eminebant.
917 1833 1081 1897 scintillam
1104 1835 1200 1896 levem
1226 1836 1308 1918 ignis
1337 1837 1385 1898 in·

341 1923 439 1984 ditam
462 1923 583 2004 plumas,
605 1922 678 1998 folle
700 1921 798 1984 fabrili
821 1922 974 2007 adRcaput
991 1921 1097 1984 fistulae
1117 1921 1266 2005 inposito,
1281 1921 1385 1986 flando

336 2008 558 2070 accenderunt.
569 2010 640 2071 inde
650 2029 712 2071 non
727 2009 825 2070 solum
841 2029 952 2090 magna
960 2008 1007 2069 vis
1017 2008 1104 2086 furni,
1116 2009 1171 2069 sed
1182 2010 1281 2070 acrior
1292 2011 1385 2073 etiam

343 2093 426 2158 foedo
442 2096 574 2177 quodam
589 2096 696 2158 nidore
718 2117 756 2158 ex
778 2094 887 2158 adusta
906 2096 1019 2178 pluma,
1035 2111 1127 2176 quum
1143 2107 1243 2158 totum
1260 2098 1385 2160 cunicu-

320 2215 322 2218 ·
343 2182 406 2244 luni
422 2185 449 2222 ²⁹
463 2182 655 2266 complesset,
669 2181 843 2259 vixvdurare
858 2183 1017 2264 quisquam
1033 2182 1112 2243 intus
1128 2189 1262 2264 poterit.

387 2267 472 2331 Vlll.
495 2270 596 2340 Quum
609 2269 640 2330 in
652 2269 712 2332 hoc
726 2279 812 2331 statu·
819 2290 866 2331 res
877 2270 917 2331 ad
928 2268 1122 2331 Ambraciam
1136 2279 1227 2347 esset,
1239 2269 1332 2350 legati
1348 2271 1388 2332 ab

343 2351 457 2417 AEtolis
473 2355 615 2418 Phaeneas
629 2366 662 2417 et
674 2354 864 2435 Damoteles,
879 2375 949 2417 cum
967 2355 1068 2416 liberis
1083 2355 1246 2435 mandatis,
1263 2357 1388 2420 decreto

342 2443 455 2523 gentis,
471 2442 510 2502 ad
526 2442 681 2506 consulem
695 2454 852 2504 venenmt.
869 2463 940 2503 nom
954 2452 1064 2524 praetor
1083 2463 1199 2522 corum,
1215 2463 1310 2526 quum
1327 2441 1389 2506 alia

343 2537 429 2610 porte
440 2527 636 2590 Ambraciam
651 2529 819 2612 obpugnari
836 2541 982 2608 cerneret,
999 2529 1058 2590 alia
1072 2529 1213 2592 infestam
1229 2549 1314 2592 oram
1332 2551 1389 2592 na·

344 2613 429 2674 vibus
444 2615 577 2676 hostium
599 2635 675 2694 esse,
690 2615 751 2677 alia
763 2615 985 2699 Amphilochos
1000 2615 1222 2698 Dolopiamque
1241 2637 1259 2677 a
1275 2614 1388 2678 Mace-

344 2699 473 2762 donibus
482 2701 604 2779 vastari,
616 2722 674 2763 nec
683 2699 806 2764 AEtolos
821 2703 910 2764 simul
923 2703 964 2764 ad
978 2702 1040 2764 trio
1051 2701 1169 2766 ¹diversa
1179 2703 1256 2764 bella
1269 2699 1384 2765 obcur-¹

342 2797 446 2849 santes
466 2787 622 2866 subiicere,
640 2801 810 2852 convocato
832 2789 973 2868 concilio,
989 2786 1113 2850 AEtolos
1135 2790 1288 2872 principes,
1303 2790 1383 2874 quid

344 2873 497 2955 agendum
509 2884 598 2952 esset,
611 2875 770 2936 consuluit
806 2874 952 2937 Omnium
964 2897 1002 2938 eo
1013 2878 1170 2938 sententie
1179 2876 1387 2956 decurrerunt,

179 2959 302 3024 ΜΡ·-
345 2960 404 3022 ‘ut
418 2981 489 3042 psa,
503 2961 528 3021 si
544 2973 657 3044 posset,
671 2963 777 3046 mquis3
808 2963 833 3023 si
851 2963 960 3039 minus,
975 2963 1142 3025 tolerandis
1162 2963 1389 3025 conditionibus

178 3041 230 3082 erm
240 3034 331 3091 petunt·
345 3046 357 3079 ‘
371 3059 535 3130 peteretur.
587 3047 733 3112 Antiochi
747 3048 860 3110 fiducia
876 3050 989 3112 bellum
1004 3063 1188 3132 susceptum.
1231 3041 1391 3112 Antiocho

346 3133 452 3196 ‘terra
471 3135 606 3216 marique
626 3148 780 3217 superato,
796 3147 828 3197 et
849 3155 944 3218 prope
968 3147 1055 3198 extra
1072 3138 1176 3198 orbern
1198 3149 1286 3199 terrae
1308 3137 1391 3198 ultra
1440 3142 1443 3150 ’

345 3220 444 3303 ‘juga
456 3219 550 3282 Tauri
566 3238 685 3301 exacto,
700 3242 791 3304 quam
809 3243 895 3305 spem
911 3243 977 3284 esse
999 3222 1167 3286 sustinendi
1182 3222 1273 3284 belli?
1304 3221 1390 3285 Phoe·

347 3308 357 3340 ‘
372 3329 444 3370 neas
459 3321 492 3370 et
504 3307 693 3388 Damoteles,
701 3308 788 3391 quod
801 3330 819 3370 e
833 3329 865 3371 re
875 3307 1061 3387 AEtolorum,
1071 3321 1107 3370 ut
1120 3310 1152 3371 in
1165 3310 1218 3371 tuli
1230 3329 1303 3372 casu
1314 3308 1390 3370 lide·

348 3395 359 3430 ‘
373 3415 431 3478 que
446 3415 500 3456 sua
512 3415 578 3457 esse
593 3406 762 3474 censerent,
774 3407 908 3478 agerent.
947 3395 1042 3466 Quod
1053 3397 1134 3458 enim
1146 3396 1204 3458 sibi
1216 3395 1389 3472 consilium,

348 3481 426 3543 ‘aut
449 3480 535 3563 cujus
557 3483 599 3543 rei
623 3483 803 3545 electionem
828 3503 847 3544 a
868 3483 989 3544 fortuna
1012 3483 1148 3545 relictam
1156 3481 1179 3544 ?'
1240 3480 1321 3543 Cum
1343 3483 1390 3543 hia

348 3568 359 3601 ‘
375 3567 526 3629 mundatis
537 3568 631 3649 legati
647 3569 729 3630 missi
745 3589 830 3630 orare
842 3568 1009 3646 consulem,
1025 3571 1081 3630 ‘ut
1092 3581 1230 3652 parceret
1242 3569 1321 3646 urbi,
1331 3569 1391 3630 mi·

332 3653 360 3689 ·‘
374 3665 524 3717 sereretur
534 3655 634 3736 gentis
643 3656 795 3736 quondam
811 3656 908 3734 socios,
918 3655 999 3717 nolle
1011 3655 1112 3718 dicere
1123 3655 1251 3738 injuriis,
1263 3653 1391 3718 miseriis

761 3782 985 3868 Ιώοῳπαηιῦιοιι.

347 3927 534 3979 ulmetum.
566 3927 614 3978 stt
628 3931 682 3990 hoc,
699 3941 726 3979 ut
744 3931 792 3992 ipse
808 3947 849 3980 sn-
882 3935 963 3982 eodem
976 3933 1015 3981 illo
1024 3933 1161 3995 fragmento.

347 4005 420 4052 notu,
438 3995 528 4043 brevius
541 3997 606 4058 imo
625 4005 696 4056 suet,
716 4011 761 4045 nec
782 3997 850 4062 plone
913 3997 1082 4062 ”comptam
1111 3995 1196 4062 scripti
1206 3995 1349 4045 Gronovisui
1365 4003 1392 4045 st

347 4061 539 4124 romerplicarst.
802 4084 808 4091 ·
881 4062 1029 4112 norterlhct.
1046 4063 1195 4125 crdinsplosrst.¹
1229 4061 1333 4110 Verbum
1350 4075 1390 4110 rr·

382 4127 402 4164 ¹⁹
417 4125 563 4190 deceperunt]
589 4127 625 4175 stc
641 4129 776 4177 vetustiores
791 4127 847 4177 editi
880 4129 1118 4200 rissimum,cuj1uet
1134 4127 1389 4192 aliuducmplumrei

347 4193 459 4240 sicodor
477 4190 538 4240 Vlct.
556 4193 708 4241 Gronoriros
726 4195 846 4255 editiones,
881 4195 1011 4260 pertoliatur
1037 4195 1096 4258 opud
1118 4192 1177 4242 nn.
1199 4192 1215 4240 l.
1239 4206 1277 4241 m.
1303 4207 1325 4242 e.
1345 4193 1390 4242 ³7.

347 4270 505 4318 exopersrunr
523 4257 628 4324 prolecto
647 4260 744 4319 incuria,
760 4259 848 4309 hubent
882 4261 976 4309 cochleis
996 4261 1106 4338 medopam
1125 4261 1192 4308 nicom
1209 4255 1391 4338 mummio-bisso

346 4329 511 4462 alligabit]
535 4385 614 4436 Cilicio
630 4399 685 4438 sunt
699 4402 763 4440 texts
778 4389 849 4454 cpilo
877 4323 1390 4452 prgleprprflaafflfflmgolppiffle

345 4463 438 4513 oapntm
449 4451 513 4512 quasi
524 4454 628 4513 quaedum
638 4455 696 4502 vela.
878 4455 951 4518 plant:
974 4457 1037 4504 nulls
1052 4467 1129 4504 tameo
1145 4454 1221 4501 addita
1237 4456 1390 4512 ationem

377 4516 397 4551 ¹¹
410 4513 456 4564 Por
469 4518 565 4577 moult
573 4517 701 4582 swa-itm]
731 4519 798 4578 Btoc,
818 4535 849 4570 ex
879 4519 1261 4572 trassucconem-nats
