3026 5164
455 333 534 393 ΜΒ.
549 333 617 396 XL.
636 336 720 400 CAP.
732 335 834 396 XXX.
1108 351 1168 412 481

117 507 217 574 uento,
232 493 298 557 eine
320 493 383 557 ullo
404 496 533 576 vestigio
554 493 688 577 corporis
703 495 840 573 humeni,
855 508 909 560 out
920 497 1020 560 ullius
1039 499 1092 575 rei,
1107 519 1163 580 per
1174 509 1208 564 ts.
1219 511 1249 562 c,
1259 511 1319 564 571.

117 583 220 644 tabem
244 592 292 643 tot
306 601 455 642 annorum
469 581 609 644 omnibus
631 581 788 642 absumtis.
811 583 843 642 in
866 583 962 644 altere
975 583 1038 645 duo
1052 583 1161 663 fasces,
1172 579 1205 631 Α·
1216 578 1247 628 C·
1260 578 1318 628 ¹⁸¹·

22 675 31 690 ²
116 670 144 708 ’Β
153 666 289 730 candelis
315 667 453 744 involuti,
478 681 621 748 septenos
647 666 780 728 habuere
810 667 913 744 libros,
939 689 1001 730 non
1025 668 1161 751 integros

116 754 224 831 modo,
239 753 292 815 sed
307 752 515 814 recentissime
531 753 642 833 specie.
686 749 811 834 Septem
827 750 930 815 Latini
946 754 985 816 de
999 753 1068 835 jure
1083 775 1160 837 pon-

117 840 213 902 tificio
240 850 341 917 erent3
372 837 491 920 septem
521 836 617 900 Graeci
644 838 683 898 de
714 837 875 938 discipline
903 839 1070 922 sapientire,
1096 861 1163 922 quae

117 926 198 988 illius
220 926 309 988 etatis
331 945 398 987 esse
419 925 530 1006 potuit.
582 922 700 1005 Adjicit
716 923 826 986 Antros
841 923 991 1012 Valerius,
1006 924 1163 1010 Pythago·

115 1013 195 1074 ricos
225 1011 328 1088 foisse,
352 1011 518 1092 ”vulgatae
547 1011 695 1093 opinioni,
727 1031 788 1092 que
815 1011 958 1088 creditur,
985 1010 1163 1095 Pythogorae

118 1098 291 1160 auditorum
307 1096 399 1158 fuisse
413 1095 558 1173 Numam,
580 1096 740 1159 mendacio
755 1098 904 1178 probabili
927 1097 1165 1160 adcommodata

117 1182 188 1244 lide.
243 1181 344 1246 Primo
374 1185 414 1244 ab
443 1183 559 1262 amicis,
575 1184 626 1264 qui
655 1183 687 1250 in
718 1203 750 1244 re
764 1183 903 1266 praesenti
934 1184 1067 1260 luerunt,
1093 1185 1164 1246 libri
1266 1229 1275 1249 .

117 1268 202 1331 lecti.
219 1289 292 1331 mox
305 1268 440 1352 pluribus
461 1270 630 1351 legentibus
646 1289 738 1350 quum
753 1269 957 1350 vulgarentur,
973 1269 1012 1340 Q.
1027 1268 1163 1334 Petillios

117 1367 229 1437 pretor
250 1357 392 1433 urbanus,
414 1356 568 1418 studiosus
590 1356 722 1436 legendi,
745 1375 797 1416 eoe
827 1355 920 1424 libros
950 1353 1025 1420 ab.
1042 1355 1163 1440 Petillio

118 1441 236 1504 sumsit.
259 1454 290 1504 et
312 1452 378 1503 eret
398 1441 556 1504 familiaris
577 1443 660 1519 neue,
676 1445 685 1480 ¹
700 1441 782 1523 quod
796 1441 928 1504 scribam
949 1462 1017 1506 eum
1033 1453 1164 1524 quiestor

119 1526 159 1598 Q.
183 1525 317 1589 Petillios
346 1529 378 1589 in
404 1529 558 1590 decuriam
588 1528 713 1610 legerat.
771 1525 872 1589 Lectis
901 1549 1000 1592 rerum
1027 1529 1164 1607 summis,

117 1633 210 1697 quum
232 1614 504 1693 animadvertisset,
549 1615 670 1696 lereque
694 1613 953 1678 dissolvendarum
983 1616 1164 1698 religionum

117 1719 196 1778 esse,
211 1697 248 1762 1..
259 1697 378 1762 Petillio
394 1701 484 1779 dixit,
499 1635 595 1764 ‘gese
610 1723 661 1764 eoe
677 1701 768 1764 libros
787 1703 818 1764 in
834 1703 936 1784 ignem
952 1701 1165 1785 conjecturum

118 1785 220 1848 ‘esse
242 1787 335 1870 prius,
351 1809 442 1870 quem
464 1788 497 1849 id
510 1787 636 1867 feceret,
658 1811 691 1850 se
713 1789 741 1851 ei
764 1791 953 1871 permittere,
969 1791 1024 1868 oti,
1040 1792 1064 1852 si
1081 1791 1165 1872 quod

117 1873 199 1935 ‘eeu
220 1872 281 1954 jus,
306 1895 360 1936 sen
384 1875 527 1937 auxilium
551 1896 583 1936 ee
605 1875 717 1938 babere
740 1875 780 1938 ad
802 1897 854 1938 eos
869 1877 961 1940 libros
984 1878 1164 1961 repetendos

112 1959 131 1994 ⁴
143 1960 344 2039 existimaret,
359 1963 560 2045 experiretur:
585 1962 616 2024 id
631 1962 774 2044 'integra
788 1983 843 2024 sua
863 1964 964 2045 gretie
977 1985 1047 2028 eum
1062 1963 1164 2028 fectu·

114 2045 233 2109 ‘rum'
281 2045 407 2110 Scriba¹
429 2048 565 2111 tribunos
585 2048 681 2132 plebis
699 2049 779 2125 odit3
811 2051 850 2112 ab
865 2050 994 2112 tribunis
1018 2051 1058 2114 ad
1072 2073 1164 2114 eene·

119 2143 187 2195 turn
209 2153 256 2195 ree
277 2145 324 2195 est
344 2132 469 2216 rejecta.
521 2133 632 2198 Pretor
652 2156 685 2197 se
703 2134 915 2224 juejnrendom
933 2137 1004 2200 dare
1022 2151 1163 2221 peratum

117 2237 185 2281 esse
200 2219 311 2298 aiebat,
323 2220 415 2283 libros
430 2241 482 2283 eos
497 2221 557 2304 legi
573 2222 742 2302 servarique
756 2242 819 2284 non
835 2233 986 2306 oportere.
1012 2248 1017 2260 ·
1033 2221 1162 2288 Serretes
1175 2228 1321 2283 Conim-

117 2307 248 2384 eensuit,
263 2307 273 2339 ‘
289 2305 371 2368 Setis
386 2307 571 2386 habendum,
587 2309 668 2389 quod
684 2317 792 2390 praetor
807 2307 1019 2391 jusjurandum
1034 2311 1162 2392 pollice·
1174 2309 1237 2386 tur.

117 2391 236 2454 ‘retum
258 2393 351 2454 libros
373 2395 471 2476 primo
492 2413 609 2475 quoque
628 2405 765 2477 ternpore
787 2395 819 2456 in
841 2396 967 2458 comitio
982 2398 1163 2460 cremandos

115 2477 219 2540 ‘esee
234 2479 365 2560 pretium
384 2502 441 2563 pro
456 2480 550 2558 libris,
566 2491 712 2562 quantum
731 2479 770 2550 Q.
785 2479 905 2543 Petillio
924 2483 1044 2563 pretori
1063 2481 1163 2564 mejo-

115 2562 229 2645 ‘rique
250 2565 329 2646 parti
354 2566 542 2628 tribunorum
562 2566 660 2650 plebio
682 2566 844 2645 rideretur,
864 2567 988 2630 domino
1012 2589 1076 2630 esse
1100 2569 1163 2630 eol-

116 2649 297 2712 ‘vendum'
323 2650 355 2712 id
376 2654 476 2714 scribe
501 2673 564 2715 non
589 2653 717 2735 aceepit.
740 2652 808 2714 libri
836 2653 866 2713 in
889 2654 1026 2731 comitio,
1048 2655 1118 2735 igne
1143 2675 1163 2716 a

115 2735 315 2798 ⁸victimariis
330 2737 423 2816 facto,
438 2739 468 2799 in
485 2749 651 2821 conspeetu
666 2739 771 2821 populi
787 2741 913 2801 cremati
929 2749 1007 2801 eunt.
1375 2813 1379 2820 ¹

159 2820 263 2884 XXX.
286 2821 435 2905 Magnum
455 2824 567 2886 bellurn
593 2845 632 2886 ea
656 2836 761 2886 estate
788 2835 927 2887 coortum
953 2825 986 2885 in
1009 2823 1161 2907 Hispania
1173 2835 1302 2894 unriurein

114 2907 268 2970 citeriore.
291 2908 330 2969 ed
347 2911 479 2990 quinque
504 2922 537 2972 et
560 2910 686 2989 triginta
708 2909 804 2970 millio
824 2910 995 2985 hominum,
1012 2922 1159 2990 qnantum
1172 2904 1286 2982 triumuir

114 3013 281 3073 numquam
294 2993 389 3056 ferme
405 3005 505 3072 autea,
518 2993 665 3057 Celtiberi
681 3006 944 3075 comparaverant.
986 2993 1025 3065 Q.
1039 2993 1159 3059 Fulvius
1171 2980 1288 3024 ΨΜ·

114 3076 243 3140 Flaccus
267 3101 334 3141 eam
357 3081 517 3142 obtinebat
537 3081 733 3162 provinciam.
756 3080 792 3156 is,
819 3081 891 3162 quie
915 3099 1031 3142 armore
1050 3079 1159 3161 juven-

114 3177 214 3228 tutem
230 3163 402 3229 Celtiberos
426 3166 574 3244 audieret,
589 3177 623 3228 et
644 3167 719 3249 ipse,
735 3177 849 3247 querite
868 3176 1002 3249 poteret,
1027 3187 1046 3228 a
1067 3167 1158 3239 eociie

500 3305 563 3370 tine.
573 3307 603 3357 art
617 3302 691 3356 Gron-
703 3305 772 3360 Cret·

138 3435 167 3474 Ἄ
179 3433 291 3498 Crudelis]
314 3435 440 3495 funiculis,
452 3435 488 3488 rel
506 3433 548 3488 filie
558 3435 621 3517 plee,
651 3449 714 3504 geret
724 3435 831 3502 scribom,
841 3453 865 3495 et
876 3440 917 3495 uni
932 3456 954 3496 o
963 3441 1059 3499 decuriis
1073 3441 1158 3502 scriba

110 3509 153 3550 eut
175 3515 227 3548 terr
248 3502 320 3550 illitis.
363 3503 474 3552 ceremon
495 3503 540 3553 boo
558 3507 619 3554 idem
650 3523 703 3556 rum
713 3511 868 3574 adscripscrat.
907 3513 1158 3580 Hioepatetqoaeeto·

111 3567 142 3614 de
159 3565 246 3614 duobus
262 3567 306 3615 illie
321 3566 407 3616 Numre
427 3569 494 3628 eruin,
513 3570 618 3618 direerrri·
650 3575 713 3622 ribur
721 3577 761 3638 jur
773 3576 844 3624 lubre
859 3575 1006 3637 legendorum
1022 3581 1158 3634 rcriberuro.

111 3642 178 3680 emer
195 3643 273 3680 tomen
288 3633 312 3680 in
329 3632 450 3695 eliquibru,
465 3647 556 3682 narrent
567 3635 618 3685 vat.
650 3639 716 3687 Idem
729 3639 787 3703 jurii
796 3641 903 3689 habuisse
913 3654 1022 3706 pretores
1039 3657 1063 3692 er
1078 3647 1157 3699 edilee

109 3695 617 3752 Max.t.r.e.1.1²ttn.xm.13.Pluetn
649 3705 740 3753 euodes
759 3705 826 3754 docet
845 3707 927 3754 Cicero
947 3721 988 3771 pro
1014 3709 1108 3759 cluent.
1127 3726 1154 3762 n.

108 3759 198 3810 Nome.
651 3770 704 3817 126.
736 3768 807 3818 Porro
816 3770 941 3820 roriberum
951 3773 1006 3820 ordo
1016 3774 1040 3824 itt
1050 3775 1154 3827 dectuin

117 3871 120 3878 ,
148 3828 170 3863 ¹⁹
190 3827 290 3890 Vulgata
311 3827 422 3891 opimum]
444 3828 480 3876 Ad
502 3830 616 3892 vulgatum
648 3831 780 3882 territurus
791 3846 847 3884 erar.
891 3836 964 3896 Igitur
975 3839 1104 3902 quicunque
1117 3841 1155 3889 le-

108 3892 301 3954 opinionemque
317 3894 417 3941 creditur
428 3893 563 3958 Pythngorre
573 3911 614 3943 ru·
646 3897 741 3957 gebatur
757 3901 837 3956 scribe,
850 3899 875 3948 in
891 3916 960 3950 unam
977 3917 1005 3950 ex
1020 3903 1065 3952 illie
1080 3906 1152 3954 decu.

109 3957 207 4006 ditorem
223 3957 294 4009 fuine
310 3953 422 4016 Numam,
437 3959 504 4010 fidem
524 3975 615 4010 necom-
646 3962 685 4010 riie
695 3964 887 4012 contribuebetur.

109 4023 204 4071 ndum
215 4038 256 4086 per
266 4023 409 4071 mendatium
420 4023 542 4088 probabile.
576 4025 613 4073 l'r·
676 4027 934 4092 'Imegrnntogrotid
953 4029 986 4078 lte
996 4041 1022 4078 ut
1033 4031 1071 4080 itte
1083 4047 1150 4083 eunt·

104 4088 162 4136 dem
185 4089 353 4136 accommodare
380 4089 408 4136 ed
429 4089 541 4149 vulgatam
561 4091 613 4154 opi·
645 4091 1044 4156 demapudregretiaeetemieitioe
1054 4100 1149 4160 gndum

107 4153 210 4207 trionem,
231 4164 266 4200 ert
286 4151 404 4201 inflectere
430 4165 454 4202 er
475 4153 611 4218 detorquere
643 4167 744 4207 tenerer.

106 4219 241 4266 nemrimie
259 4218 327 4272 tidem
344 4219 372 4266 ed
388 4218 520 4284 opinionem
535 4220 611 4284 vulge-
637 4231 639 4236 '
674 4223 841 4302 ⁸Vr'etr'marie'r]
858 4221 1147 4276 Wctimeriierentercer-

104 4295 162 4332 tarn.
642 4287 721 4335 dotum
744 4288 849 4346 ministri,
864 4290 902 4352 qui
918 4290 1019 4340 victimer
1039 4291 1147 4353 ligabant,

140 4347 226 4402 lQrud
239 4349 329 4397 tembom
349 4365 399 4398 erem
413 4355 504 4413 praedor
521 4350 549 4405 Q.
565 4349 609 4400 Pe·
642 4363 668 4401 et
684 4351 791 4411 cultrum,
810 4369 900 4416 aquom,
919 4365 944 4402 et
961 4356 1044 4403 molam
1064 4357 1145 4406 rebam

103 4413 175 4462 tillim
195 4415 221 4460 tn
241 4414 350 4462 dubriam
371 4415 465 4479 legerat]
489 4415 557 4470 Quod
576 4415 608 4463 Q.
640 4417 756 4480 parebam,
766 4429 886 4486 ceteraque
898 4435 949 4484 que
962 4422 1144 4488 metuerem-

103 4477 215 4534 Petillios,
231 4493 301 4540 quurn
318 4492 415 4542 quenor
430 4494 498 4542 eeret,
509 4498 563 4532 eum
574 4482 608 4534 le·
639 4482 757 4533 riserant.
1140 4481 1145 4490 ’

145 4564 223 4610 vor..
245 4565 296 4612 rrr.
677 4550 714 4614 ri
