3038 5200
373 332 432 388 120
795 319 880 384 utut
899 318 1001 384 nvn

207 493 349 547 uuest.
374 499 476 562 regem
506 477 705 556 Antiochum,
734 475 793 538 Cn.
818 473 977 538 Cornelius
1007 475 1048 538 sd
1072 473 1258 558 Philippum.
1286 473 1352 556 qui,
1381 474 1422 536 de
1458 459 1462 466 ⁵

207 557 283 610 Μ·
297 557 350 607 ¹⁹⁶·
376 565 543 629 minoribus
565 564 653 626 rebus
679 562 768 624 editis
783 561 946 640 mendatis,
969 572 1196 643 percunctatus,
1218 561 1243 622 si
1259 559 1421 624 consilium

207 625 353 751 fflffi'
376 673 438 714 non
453 649 527 712 utile
542 649 651 726 solum,
674 647 841 726 sedetiam
865 646 1007 723 salutare,
1033 647 1195 710 admittere
1211 646 1334 708 auribus
1349 667 1420 727 pos-
1506 655 1507 666 ¹

207 767 357 814 pumconve.
377 749 435 815 set,
450 755 542 816 quum
568 755 621 796 rex
645 733 758 814 gratias
773 752 894 813 quoque
915 753 948 794 se
975 743 1112 808 acturum
1134 733 1259 810 diceret,
1285 733 1312 793 si
1335 731 1420 812 quid,
1506 747 1508 816 'g

209 817 255 868 sle.
378 822 461 904 quod
474 821 505 882 in
520 841 584 882 rem
607 839 693 880 suem
715 831 807 895 esset,
832 829 1034 900 expromeret,
1058 838 1244 900 magnopere
1257 818 1288 878 ei
1315 816 1421 893 suasit,
1506 863 1508 906 ἶ

378 907 522 990 quonium
552 923 660 988 pacem
684 903 886 986 impetrasset,
916 902 956 964 sd
985 904 1165 970 societatem
1196 903 1422 982 amicitiamque
1507 927 1508 994 y

378 991 542 1076 petendum
568 991 703 1051 mitteret
718 987 849 1050 Romam
870 989 1009 1070 legatos;
1038 1010 1088 1066 ne,
1112 989 1138 1050 si
1161 989 1234 1070 quid
1248 987 1420 1050 Antiochus

377 1088 523 1152 moveret,
545 1085 749 1157 exspectasse,
767 1085 800 1136 et
824 1085 993 1155 temporum
1016 1074 1260 1157 opportunitates
1282 1085 1421 1156 captasse

378 1165 404 1209 ⁷⁰
418 1161 457 1224 ad
472 1160 656 1236 bellandum,
677 1158 771 1220 videri
795 1170 907 1241 posset.
951 1157 1002 1220 Ad
1021 1159 1138 1241 Tempe
1148 1158 1329 1222 Tlressulica
1352 1157 1422 1220 Phi·
1508 1165 1509 1214 J

379 1248 478 1330 lippus
508 1257 555 1308 est
584 1256 759 1308 conventus.
798 1245 849 1326 qui
885 1263 976 1325 quum
1015 1266 1048 1306 se
1078 1245 1237 1306 missurum
1267 1245 1422 1325 externplo

380 1333 498 1414 legatos
514 1330 740 1412 respondisset5
764 1327 922 1392 Cornelius
936 1329 1199 1414 ⁷⁷Thermopylas‚
1216 1330 1268 1390 ubi
1283 1328 1422 1410 frequens
1508 1375 1510 1398 ,

379 1415 502 1480 Greciae
525 1417 612 1478 statis
638 1415 744 1476 diebus
774 1436 839 1476 esse
867 1415 945 1477 solet
971 1426 1150 1492 conventus,
1174 1414 1344 1497 (Pylaicum
1368 1414 1422 1476 od-

381 1501 510 1586 pellant)
541 1501 640 1563 venit:
672 1497 827 1562 ⁷⁸AEtolos
850 1501 1001 1583 praecipue
1025 1501 1154 1578 monuit,
1184 1512 1219 1562 ut
1248 1511 1423 1562 constanter

382 1601 415 1650 et
429 1587 557 1650 fideliter
577 1587 609 1650 in
635 1586 771 1648 amicitia
786 1585 889 1668 populi
912 1585 1043 1648 Romani
1066 1597 1288 1668 permanerent
1333 1583 1421 1648 AEto·

382 1673 479 1736 lorum
500 1672 651 1755 principes
666 1671 717 1732 alii
741 1676 767 1720 7⁹
778 1672 955 1752 interquesti
975 1682 1056 1748 sunt,
1080 1670 1163 1752 quod
1177 1691 1240 1734 uun
1255 1671 1339 1732 idem
1354 1692 1423 1752 crgo

382 1779 468 1822 suam
483 1769 606 1838 gentem
622 1755 830 1818 Romanorum
853 1757 971 1818 animus
987 1767 1067 1818 esset
1089 1768 1161 1841 post
1178 1757 1350 1834 victoriam,
1371 1756 1420 1836 qui

383 1845 415 1907 in
443 1842 524 1905 bello
553 1843 675 1904 suisset:
702 1843 753 1902 alii
777 1841 907 1903 ferocius
937 1843 1122 1921 incusarunt,
1152 1843 1422 1924 exproburuntque,

381 1930 394 1963 ⁴
408 1927 481 1991 Nou
492 1928 585 1990 modo
594 1926 673 1989 vinci
690 1928 755 1990 sine
770 1924 884 1990 AEtolis
894 1925 1080 2009 Philippum,
1096 1928 1149 1990 sed
1164 1949 1204 1988 nc
1219 1928 1347 1990 transire
1358 1927 1422 2007 qui-

383 2014 479 2076 ‘dem
495 2014 527 2074 in
541 2009 688 2075 Graeeiam
707 2012 866 2089 Romanos„
884 2011 1036 2094 potuisse.'
1081 2012 1233 2074 'Adversus
1247 2033 1285 2076 ea
1299 2033 1423 2094 respon-

385 2099 455 2161 dere
482 2097 572 2176 (⁸⁰ne
594 2099 625 2159 iu
646 2098 876 2161 altercationem
902 2097 1064 2160 excederet
1084 2097 1143 2178 res)
1169 2119 1262 2179 quum
1288 2118 1422 2181 superse-

385 2184 478 2246 disset
490 2183 668 2260 Romunus3
691 2183 816 2245 ‘omnis
830 2203 883 2260 eos
897 2204 982 2264 sesqua
1004 2184 1229 2265 impetraturos,
1249 2185 1275 2244 si
1294 2182 1424 2245 Romam

385 2267 585 2348 ‘misissent'
612 2269 701 2330 dixit.
724 2267 826 2348 itaque
850 2289 888 2330 cx
904 2270 1085 2331 auctoritate
1108 2267 1173 2350 ejus
1194 2269 1307 2330 decreti
1332 2268 1424 2349 legati

385 2364 465 2418 sunt.
509 2352 601 2415 Hunc
616 2353 707 2415 finem
722 2353 836 2415 bellrun
851 2374 921 2415 eum
932 2349 1079 2436 ‘Philippo
1093 2355 1210 2416 habuit

428 2437 576 2502 XXXVI.
599 2438 700 2508 Quum
733 2439 796 2500 haec
825 2440 857 2499 in
886 2437 1003 2501 Grecis
1024 2437 1269 2522 Macedoniaque
1295 2452 1328 2503 et
1355 2437 1426 2501 Asia

386 2536 570 2608 gererentur,
592 2521 745 2584 Etruriam
767 2525 791 2561 ⁸¹
804 2523 945 2585 infestam
966 2545 1062 2606 prope
1083 2522 1252 2606 conjuratio
1274 2543 1426 2588 servorum

385 2609 467 2674 fecit.
509 2609 549 2671 sd
582 2608 771 2692 querendam
813 2609 1103 2692 obprimendamque
1139 2631 1205 2671 eam
1235 2608 1293 2670 Μ’.
1309 2610 1426 2672 Acilius

387 2707 508 2778 praetor,
534 2694 582 2756 cui
609 2695 689 2755 inter
710 2693 789 2754 cives
813 2695 1048 2778 peregrinosque
1069 2695 1240 2778 jurisdictio
1262 2695 1427 2776 obtigerat,

387 2801 455 2842 cum
471 2801 533 2841 uria
554 2801 592 2842 ex
615 2779 731 2840 duobus
753 2779 872 2860 legione
894 2781 1009 2842 urbana
1030 2782 1150 2858 missus,
1172 2779 1244 2842 ulios
1263 2778 1329 2860 jem
1345 2800 1423 2840 con-

386 2877 528 2948 gregatos
548 2863 713 2947 pugnando
736 2865 828 2944 vicit3
848 2885 887 2927 ex
908 2866 955 2926 his
978 2867 1065 2929 multi
1089 2867 1194 2944 occisi,
1214 2865 1301 2928 multi
1321 2865 1427 2948 cepti:

387 2950 463 3012 alios
488 2951 661 3012 verberatos
685 2951 823 3011 crucibus
849 2950 966 3028 adfixit,
993 2953 1044 3032 qui
1069 2953 1220 3036 principes
1243 2949 1427 3032 conjuratio·

387 3037 435 3096 nis
462 3036 602 3098 fuerentr
631 3034 706 3096 ulios
728 3035 862 3097 dominis
891 3037 1034 3100 restituit.
1078 3037 1226 3100 Consules
1249 3037 1282 3099 in
1307 3037 1427 3118 provin·

388 3121 450 3184 cias
480 3121 608 3204 profecti
634 3132 714 3182 sunt.
769 3118 949 3224 Marcellum
973 3120 1119 3185 Boiorum
1148 3128 1316 3204 ingressum
1346 3121 1428 3198 fines,

421 3325 443 3367 ²⁶
460 3327 496 3376 Ad
511 3324 646 3390 tolleman]
665 3325 768 3376 Fortasse
782 3327 812 3374 od
826 3325 894 3376 rebel-
926 3344 975 3387 um,
985 3329 1066 3393 adjecit
1077 3329 1106 3378 de
1117 3345 1160 3378 suo
1170 3328 1255 3386 Livius,
1268 3329 1328 3392 quod
1340 3329 1428 3377 decos·

389 3392 487 3440 unum.
520 3391 692 3440 Gtxnrxrtus.
925 3405 996 3441 uentu
1024 3393 1093 3442 totius
1118 3394 1216 3442 Grrerire
1238 3393 1378 3442 intellexerit
1397 3407 1430 3446 es.

422 3455 445 3491 ’Π
462 3453 622 3515 lbermopybs,
645 3453 683 3500 ubi
700 3452 809 3517 srequmr
830 3452 894 3500 Grc·
926 3473 977 3519 quse
988 3459 1084 3506 Graecus
1099 3457 1194 3534 scriptor
1212 3457 1241 3507 de
1257 3457 1355 3508 concilio
1369 3454 1427 3506 ιώ·

392 3517 537 3564 cie....esse
557 3515 608 3563 solet
634 3519 760 3580 mumolus]
788 3515 894 3580 Polybius
927 3536 979 3570 rum
991 3520 1225 3571 AEtolommdrxerst.
1425 3571 1427 3576 .

390 3577 616 3655 babetlrlrlprr'm
626 3579 895 3689 Θεῖξιικῶνᾳύνοδονμε
959 3585 982 3623 ⁷⁹
1001 3583 1130 3648 lutrrqusstl
1149 3585 1212 3648 mm]
1237 3585 1344 3636 Verbum
1364 3588 1429 3633 rsris·

392 3643 648 3690 memorentur.
679 3641 783 3699 emeno,
799 3642 895 3695 Exerci·
926 3649 1061 3709 dm1=m‚et
1080 3652 1218 3714 supremus
1233 3651 1302 3700 uelle
1321 3649 1430 3700 aliudes-
1485 3709 1487 3714 Ι

392 3707 506 3754 tstlonum
528 3705 552 3752 iu
572 3719 676 3754 suctores
698 3705 793 3755 Grsecos
814 3723 836 3771 p.
856 3713 896 3760 89.
927 3714 1144 3780 emplumreperiss.
1177 3716 1215 3763 Au
1233 3717 1380 3780 soupotius:
1399 3715 1429 3761 le·

391 3769 660 3832 intelligenduseoloco,
677 3773 762 3819 nonde
777 3783 895 3823 consentu
926 3780 984 3826 uitsr
1002 3781 1070 3840 questi
1089 3789 1149 3826 mut.
1192 3778 1300 3844 Polybius
1320 3781 1369 3844 rsa
1388 3775 1430 3838 pls
1477 3787 1482 3794 '

394 3835 528 3884 Grmcorum
549 3835 576 3883 sd
596 3834 772 3898 Thermopylas,
800 3838 839 3884 sed
867 3839 895 3887 de
926 3857 944 3887 π
959 3841 1008 3904 dur
1027 3839 1210 3891 solemmter
1226 3839 1430 3906 μεμψιμοιρῶν

392 3899 490 3950 concilio
508 3899 582 3959 gentis
598 3897 726 3948 AEroumm
744 3901 768 3948 io
787 3899 895 3950 urbeAE-
928 3919 943 3949 u
973 3906 1017 3952 οῖς.

392 3964 455 4012 tolie
475 3963 587 4014 'l'lrermo.
629 3963 657 4010 lu
678 3977 707 4012 co
728 3965 790 4012 enisu
815 3966 896 4029 oppido
958 3967 983 4000 ⁸⁰
1000 3965 1035 4016 Ns
1052 3971 1076 4017 ln
1091 3968 1264 4031 altereationes]
1285 3968 1429 4034 l‘rrepus'tir·¹

393 4029 514 4092 quotannis
533 4026 625 4078 comitis
647 4028 750 4077 cresndia
766 4027 896 4078 AEtoloruor
927 4043 982 4080 nem
991 4032 1016 4078 r'u
1027 4033 1110 4096 sdjecir
1121 4033 1204 4082 merito
1211 4034 1325 4096 Sigonius.

393 4155 895 4220 t..
926 4095 1320 4226 mue]

393 4231 474 4268 suetos
483 4224 623 4270 mentionem
639 4221 696 4269 fecit
712 4231 839 4269 conuentus
851 4221 895 4270 AE·
927 4225 1022 4288 cipimus
1032 4239 1075 4288 pro
1085 4240 1114 4274 eo
1125 4227 1185 4289 quod
1191 4227 1308 4276 diceretur
1315 4228 1431 4288 reperiss-

392 4283 525 4332 telorumin
536 4286 593 4334 urbe
603 4285 708 4335 'llrerruo
717 4286 798 4334 lrsbiti.
927 4287 1106 4346 lumodduetom,
1114 4300 1223 4339 mutem.
1256 4291 1330 4339 Possis
1340 4303 1431 4354 quoque

423 4347 447 4384 ⁷⁸
463 4347 547 4395 AEtolss
564 4350 683 4413 precipue]
706 4349 794 4398 Vocem
815 4353 892 4411 precl-
925 4351 1069 4414 interpretari
1083 4355 1194 4404 inimicam
1215 4356 1369 4419 aduentuque
1386 4353 1432 4402 Ro·

388 4426 441 4472 pus,
456 4427 508 4478 qum
525 4426 572 4462 uon
591 4415 704 4479 repen'tur
721 4416 779 4479 spud
799 4413 892 4480 Polybi·
927 4415 1008 4466 menis.
