3068 5186
364 353 427 408 sro
568 329 572 338 '
775 347 858 408 um
878 347 982 408 nvn
1037 403 1040 410 .

202 517 237 566 v.
246 517 277 568 e.
289 517 345 567 soz
367 505 557 582 reducerent,
569 503 662 566 misit.
683 501 755 564 Non
767 505 865 565 solum
877 504 980 566 snimo
989 504 1088 585 patrio
1098 513 1218 586 gmtrrm
1228 521 1353 578 munus,
1361 500 1417 564 sed

201 583 276 634 Μ·
292 583 347 634 ¹⁹⁰·
369 593 489 674 corpori
515 611 634 672 quoque
659 591 776 651 salubre
803 590 947 672 gaudium
972 591 1048 653 fuit:
1075 591 1262 670 satiatusque
1290 588 1417 650 taudem

369 677 532 760 complexu
546 677 611 755 lilii,
625 675 857 754 ‘Renunciate,’
874 665 972 760 inquit
986 677 1121 759 ‘gratias
1146 677 1209 756 regi
1238 697 1288 738 mc
1304 695 1415 756 agerer

368 765 381 798 ‘
395 765 505 826 referre
520 765 651 846 gratiam
667 763 757 844 aliam
771 784 854 826 nune
867 783 929 824 non
944 784 1044 846 posse,
1056 785 1147 845 quatu
1161 777 1197 824 ut
1207 763 1415 839 susdeem‚ue

371 852 468 914 ‘aute
492 852 522 912 in
547 851 643 912 aciem
666 850 839 928 descendat,
864 855 981 931 ‘quam
1002 863 1038 912 ut
1057 851 1089 912 in
1114 861 1214 912 castra
1234 871 1287 910 me
1302 849 1415 912 redisse

371 938 383 975 ‘
398 935 547 998 audierit?
592 935 782 1018 Quamquam
799 938 977 1018 sexaginte¹
994 937 1054 999 duo
1069 937 1165 998 millia
1179 936 1334 1018 peditum,
1348 935 1413 1016 plus

324 1027 333 1108 Ἰ
371 1023 532 1086 duodecim
558 1024 654 1085 millia
679 1025 813 1104 equitum
841 1025 957 1086 animos
983 1025 1135 1086 interdum
1155 1024 1195 1084 ad
1210 1043 1297 1105 spem
1313 1031 1413 1084 certa·

371 1107 461 1171 minis
489 1111 660 1187 faciebant3
688 1121 790 1172 motus
816 1122 919 1172 tamen
933 1110 1104 1173 Antiochus
1127 1111 1205 1172 tanti
1230 1109 1416 1171 auctoritate

368 1198 435 1273 viri,
451 1199 480 1258 in
498 1217 557 1278 quo
573 1197 612 1258 ad
627 1199 756 1258 incertos
770 1197 841 1257 belli
856 1210 979 1258 eventus
999 1198 1099 1258 omnis
1123 1196 1252 1258 forumae
1271 1207 1415 1278 posuerat

369 1283 513 1360 subsidia,
530 1287 541 1324 ⁶
554 1285 669 1366 recepit
682 1304 725 1361 se,
736 1289 937 1365 transgressus
949 1283 1112 1366 Phrygium
1125 1304 1260 1360 amnem,
1269 1282 1412 1363 circaque

370 1369 574 1450 Magnesiam,
596 1389 661 1450 quae
676 1371 715 1430 ad
731 1367 869 1453 Sipylum
885 1383 941 1448 cst,
968 1371 1070 1452 posuit
1085 1381 1202 1431 castra:
1227 1382 1271 1446 et,
1292 1389 1343 1446 ne,
1361 1369 1414 1428 si·

370 1458 529 1518 extrahere
546 1469 678 1537 ¹tempus
706 1456 805 1532 vellet,
846 1457 1036 1524 munimcuta
1074 1457 1206 1518 Romani
1245 1467 1425 1532 tentarent.

369 1542 481 1604 fossam
495 1546 573 1603 ⁷sex
589 1542 716 1604 cubitaI
732 1543 836 1619 altam,
864 1543 1023 1610 duodecim
1044 1545 1137 1605 Istam
1153 1563 1247 1624 quum
1260 1541 1414 1620 duxisset,

232 1653 238 1662 ·
349 1629 568 1710 xerttraduplerr
582 1627 693 1690 vallum
705 1628 791 1690 fossae
801 1629 1021 1691 circumdedit:
1038 1630 1182 1691 interiore
1192 1629 1278 1690 labro
1290 1648 1411 1688 munem

367 1735 437 1776 cum
452 1715 583 1777 turribus
607 1716 718 1776 crebris
733 1715 846 1797 objecit
855 1738 864 1793 3
894 1717 976 1780 unde
989 1716 1078 1778 facile
1093 1717 1188 1777 arceri
1205 1715 1335 1777 trarmitu
1351 1713 1413 1776 los·

367 1819 407 1862 sae
421 1801 517 1862 hostis
532 1813 645 1882 posset.

408 1885 587 1949 XXXVIII.
626 1885 751 1966 Consul,
787 1889 868 1950 circa
897 1885 1046 1971 Thyatira
1077 1909 1180 1971 regem
1211 1909 1278 1950 esse
1317 1901 1412 1964 ratus,

365 1975 517 2036 continuis
542 1975 698 2036 itineribus
724 1976 831 2054 quinto
854 1975 904 2036 die
928 1976 966 2036 ed
990 1974 1168 2060 Hyrcanum
1189 1995 1336 2056 campum
1359 1973 1412 2035 dc-

297 2077 301 2084 “
366 2061 495 2122 scendit.
516 2061 587 2122 inde
602 2081 693 2142 quum
709 2061 878 2142 proiectum
901 2063 1046 2146 audisset,
1059 2074 1178 2123 secutus
1189 2061 1320 2142 vestigia
1335 2061 1411 2123 citra

367 2145 529 2230 Phrygium
554 2167 687 2225 amnem,
710 2158 839 2227 quotuor
865 2149 960 2210 millia
986 2150 1024 2209 ab
1050 2149 1147 2225 hoste,
1170 2148 1276 2230 posuit
1300 2159 1410 2208 castra.

365 2231 413 2295 Eo
429 2234 510 2295 mille
530 2234 622 2296 ferme
643 2234 770 2314 equites,
796 2231 943 2312 (irraxima
963 2255 1033 2316 pars
1055 2233 1234 2316 Gallograeci
1258 2245 1357 2310 crant,
1378 2245 1410 2295 et

365 2317 463 2381 Dahae
485 2320 608 2400 quidam
634 2320 818 2401 aliorumque
842 2322 981 2402 gentium
1004 2321 1150 2402 sagittarii
1173 2323 1292 2401 equites
1315 2321 1410 2382 inter-

311 2400 313 2406 ’
366 2407 468 2485 mixti)
485 2407 670 2468 tumultuose
693 2427 781 2468 mnne
804 2407 941 2488 trajecto,
957 2408 989 2468 in
1004 2408 1150 2468 stationes
1166 2408 1304 2490 inpetum
1328 2407 1410 2468 fece·

283 2513 287 2522 ·
367 2506 448 2554 runt.
493 2491 594 2554 Primo
617 2494 815 2556 turbaverunt
830 2493 1056 2576 incompositos.
1069 2494 1201 2571 deinde,
1222 2515 1317 2576 quum
1340 2493 1409 2556 lon-

272 2649 275 2654 ,
367 2579 434 2658 gius
458 2590 612 2640 certamen
634 2579 729 2658 fieret,
760 2579 1004 2658 ⁸Romanorum‚
1030 2602 1069 2642 ex
1099 2579 1273 2663 propinquis
1300 2580 1411 2644 cestris

366 2664 449 2726 facili
473 2664 618 2742 subsidio,
640 2678 791 2728 cresceret
811 2687 964 2744 numerus,
978 2668 1064 2748 regii,
1080 2667 1150 2728 fessi
1168 2665 1231 2748 jam
1252 2680 1283 2730 et
1304 2667 1410 2748 piures

366 2769 430 2812 nou
455 2752 647 2828 sustinentes,
673 2753 805 2832 recipere
820 2774 853 2814 se
868 2755 981 2832 conati,
1006 2754 1087 2815 circe
1101 2754 1197 2836 ripam
1210 2753 1317 2827 amnis,
1339 2752 1409 2833 pri·

366 2857 494 2918 usquam
517 2836 629 2898 flumen
655 2838 893 2918 ingrederentur,
915 2842 954 2902 ab
976 2833 1160 2902 instantibus
1184 2851 1266 2920 tergo
1287 2839 1411 2919 aliquot

365 2923 517 2985 interfecti
551 2936 632 2986 sunt.
689 2923 822 2986 Biduum
851 2927 959 2988 deinde
996 2927 1147 2988 silentium
1185 2925 1252 3002 fuit,
1288 2925 1409 2986 neutris

364 3010 655 3092 transgredientibus
682 3030 812 3073 amnem.
842 3013 933 3074 tertio
964 3026 1035 3094 post
1070 3012 1119 3093 die
1148 3012 1279 3074 Romani
1317 3011 1408 3074 simul

363 3115 469 3157 omnes
497 3097 673 3178 trarssgressi
698 3108 778 3174 sunt,
801 3109 833 3159 ct
856 3097 917 3161 duo
944 3099 1038 3162 millia
1058 3099 1143 3161 ferec
1166 3110 1198 3160 et
1223 3099 1408 3179 quingentos

364 3203 469 3264 passus
492 3184 531 3244 ab
546 3183 632 3244 hoste
646 3193 812 3266 posuerunt
833 3198 942 3248 castra.
986 3184 1176 3248 Metantibus
1191 3197 1223 3247 et
1242 3183 1408 3246 muniendo

363 3270 530 3352 occupatis,
546 3270 604 3332 tria
627 3270 721 3331 millia
738 3270 858 3332 delecte
882 3273 1015 3354 equitum
1037 3271 1233 3355 peditumque
1257 3271 1408 3353 regiorum

364 3373 477 3437 mugire
503 3366 615 3418 terrore
640 3377 676 3417 sc
699 3356 829 3418 tumultu
852 3357 1011 3420 advenere.
1034 3359 1216 3440 ⁹aliqnanto
1238 3357 1406 3441 pauciores,

394 3475 548 3538 ¹srptnogr'oto
558 3473 629 3522 Gron.
640 3473 710 3522 Creu.
749 3481 760 3509 ¹
771 3473 816 3521 sil.
825 3475 877 3521 duos
889 3473 951 3522 aad.
994 3472 1094 3522 beronis
1104 3473 1168 3522 End.
1209 3479 1221 3505 ‘
1228 3472 1299 3532 senno
1311 3471 1374 3520 End.

393 3567 493 3622 ⁵anrrs
509 3579 535 3618 ut
550 3573 575 3619 in
589 3571 670 3633 emmo]
689 3572 759 3620 Delet
776 3571 867 3621 Grono·
901 3585 924 3621 et
945 3569 1020 3621 xxrll.
1040 3589 1062 3620 c.
1080 3573 1120 3620 34.
1140 3570 1231 3620 Livium
1252 3569 1321 3617 malle
1334 3567 1367 3617 uti
1380 3569 1406 3618 in

362 3631 414 3680 vius
432 3636 527 3682 otiosam
544 3637 676 3700 particulam
693 3647 728 3694 ut,
745 3654 797 3700 quse
814 3651 868 3686 nsts
900 3638 1011 3687 mensuris
1022 3650 1252 3700 qusrtocssu,qusru
1263 3648 1335 3684 sesto

362 3699 452 3747 ridetur
469 3714 497 3748 er
509 3701 535 3748 iis
545 3718 597 3764 quse
613 3703 715 3766 proxime
730 3705 869 3766 procedunt,
930 3703 942 3736 ⁸
960 3701 974 3730 ⁸³
990 3701 1147 3779 Romanorum]
1167 3701 1267 3750 Videtur
1287 3712 1341 3748 sute
1361 3700 1406 3748 hot

333 3816 341 3830 ’
361 3768 720 3896 ffuqnqutczpqde'qmqrwm
744 3829 870 3897 Phrygium
898 3767 1258 3894 nollllllilplhiildoepdrldilllsoequi
1276 3833 1301 3878 ist
1318 3831 1410 3877 ustinus

361 3893 458 3958 norm]
486 3895 544 3955 Lege
577 3913 629 3945 cum
662 3897 779 3944 Gronorio
810 3909 871 3946 truso
901 3899 1027 3952 eruct,dno
1046 3905 1134 3945 tontum
1149 3899 1271 3957 mittam
1287 3894 1321 3955 sc]
1341 3894 1410 3943 Hm

363 3947 591 4023 Phrygiumussnes.
626 3961 649 4010 Is
668 3963 740 4010 amnis
754 3974 789 4014 est
805 3965 869 4010 Stra·
901 3961 1025 4010 lectionem
1043 3961 1351 4024 elcqsntissimsmprcsecto
1368 3973 1410 4008 ex·

361 4021 423 4082 boni,
442 4026 459 4076 l.
480 4042 539 4077 xur.
561 4045 582 4092 p.
605 4027 756 4078 626.'vcteri
777 4029 870 4075 nomine
901 4026 964 4075 hibet
986 4027 1046 4076 Vict.
1070 4029 1151 4084 codex,
1173 4027 1216 4080 uisi
1232 4029 1292 4088 quod
1315 4025 1409 4088 prefert

362 4088 456 4154 Hyllus.
475 4093 502 4140 In
515 4091 631 4141 Hermum
641 4093 760 4141 delabitur.
773 4093 869 4152 PIInius,
902 4091 1028 4149 hs*,idcsr,
1047 4101 1118 4142 tomos
1135 4107 1178 4156 pro
1194 4101 1289 4139 mutum.
1321 4091 1367 4138 Sed
1377 4087 1408 4137 cl

360 4156 413 4204 lv.
423 4175 445 4206 c.
455 4159 495 4207 29.
508 4158 622 4223 Phrygem
632 4160 660 4207 ab
671 4160 745 4224 Hyllo
755 4158 868 4207 diversum
901 4165 987 4206 tostam
1007 4158 1160 4221 preferebant
1181 4157 1237 4205 editi
1257 4167 1311 4204 sote
1332 4153 1410 4202 Gele-

360 4221 423 4270 feeit.
901 4222 1111 4287 nium‚ipsoreste.
1146 4219 1408 4284 EtsliiquoqueMSS,

394 4285 406 4321 ⁷
434 4285 475 4332 ses
501 4287 589 4352 eraditis]
620 4285 671 4338 Jsc.
701 4289 830 4337 Gronovius
857 4305 871 4337 e
901 4287 949 4335 lac.
961 4289 1082 4338 Gronorio.
1091 4289 1210 4337 memorati
1229 4301 1307 4350 passm
1322 4286 1412 4334 sbeuut

365 4349 484 4406 maanes
502 4351 624 4413 legendum
641 4367 720 4402 mouet
734 4371 769 4402 ses
784 4357 871 4403 motta.-
902 4353 929 4400 ιδ
945 4370 972 4402 es
994 4355 1106 4419 scripture
1126 4369 1194 4416 qusm
1211 4363 1412 4415 representsmus.

364 4426 392 4462 ut
411 4415 468 4462 inlrs
487 4430 509 4462 c.
525 4417 564 4466 40.
581 4419 653 4480 longos
667 4429 773 4480 purtem
789 4421 870 4468 cubitu.
902 4417 1017 4468 Gelenius
1038 4437 1088 4468 eom
1108 4420 1224 4468 invexerat
1244 4433 1314 4480 qusus
1332 4428 1411 4480 postu

365 4481 426 4529 Saue
434 4481 482 4545 jam
493 4481 657 4532 observavimus
672 4483 868 4535 sdl.x·x1.c.8.
902 4483 1001 4534 editores
1036 4485 1109 4534 acuti
1140 4483 1249 4534 suerent:
1287 4483 1412 4545 suffuso
