3068 5186
395 346 471 408 ma.
485 345 643 406 xxxvn.
665 347 746 410 cnr.
760 323 862 406 nm'
1086 357 1145 414 sss

92 498 103 530 ‘
118 497 235 584 fitque,
250 519 341 582 quom
357 523 389 568 ee
405 513 676 580 commemorante,
690 503 717 542 ⁴⁹
729 501 933 584 cngnmcere,'
951 502 1041 568 discit.
1069 501 1144 570 Herc
1158 503 1191 556 U·
1204 505 1232 554 ⁰·
1245 507 1300 570 5⁶³·

91 583 338 684 adprobantibus
353 590 481 670 cunctis,
492 587 728 674 jubentibusque
744 589 845 654 dicere
861 589 970 672 ipsum,
994 591 1020 629 ⁵⁰
1033 591 1147 659 omissa
1158 564 1189 621 Α·
1201 571 1231 620 ⁰·
1245 571 1297 619 ¹⁸⁹·

91 671 123 732 in
136 669 170 734 rd
181 673 376 754 verecundia,
392 676 401 710 ‘
414 676 487 760 quid
498 676 556 744 sibi
568 698 587 740 a
597 688 706 740 senatu
718 675 890 760 populoque
902 675 1042 742 Romano
1054 677 1145 746 tribui

91 757 102 792 ‘
118 775 246 840 aequum
260 773 418 828 censeret:
453 763 629 845 propensius
649 762 901 848 cumulatiusque,
924 763 949 829 ei
964 784 1025 848 quo
1039 765 1146 866 possit,

91 843 102 878 ‘
118 848 145 884 ⁸¹
160 860 257 928 prout
270 847 335 930 eius
344 849 452 916 merita
460 850 533 928 sint,
544 861 682 915 senatum
694 847 883 928 fecturum3'
907 850 946 920 ad
957 871 994 915 ea
1005 872 1075 919 rex:
1092 849 1146 915 ‘Sr

90 929 102 963 ‘
117 931 158 994 ab
168 933 240 1010 eliis
251 935 308 1005 sibi
322 935 514 1019 praemiorum
528 937 614 1021 optio
628 937 804 1015 deterretur,
816 935 955 1017 libenter,
966 937 1042 1004 date·
1054 939 1147 1020 modo

89 1018 100 1050 ‘
116 1017 270 1096 facultate
285 1023 461 1091 consulendi
476 1037 617 1092 senatum
633 1021 817 1104 Romanum,
833 1024 959 1095 consilio
971 1024 1148 1110 amplissimi

89 1105 238 1172 ‘ordinis
254 1131 378 1178 usurum
398 1110 499 1191 tuisse,
520 1133 558 1176 ne
578 1110 651 1194 quid
669 1122 721 1174 sut
744 1106 934 1179 inmoderate
953 1111 1081 1194 cupisse,
1097 1124 1150 1179 aut

90 1193 102 1226 ‘
116 1194 239 1292 petisse
254 1217 360 1284 parum
373 1198 511 1267 modeste
522 1199 617 1265 videri
629 1211 749 1284 posset:
762 1220 867 1265 verum
879 1198 1044 1279 enimvero,
1052 1219 1149 1287 puum

89 1278 177 1362 ‘ipsi
191 1281 293 1348 daturi
305 1285 379 1364 sint,
391 1286 488 1358 multo
504 1287 601 1368 magis
615 1285 854 1355 munificentiam
871 1307 977 1354 eorum
992 1287 1024 1353 in
1039 1307 1072 1352 se
1088 1284 1150 1353 sra-

90 1365 100 1397 ‘
115 1377 247 1450 tresque
257 1391 326 1436 suos
339 1371 472 1456 ipsorum
481 1373 598 1438 arbitrii
608 1371 716 1437 debere
728 1369 816 1436 esse!
841 1367 927 1436 Nihil
940 1371 998 1439 hec
1010 1373 1150 1442 oratione

90 1450 158 1550 ejus
176 1455 284 1524 Patres
302 1459 466 1542 conscripti
487 1459 621 1528 deterriti
642 1471 723 1537 sunt,
745 1459 919 1540 quominus
935 1457 1034 1526 dicere
1050 1459 1149 1541 ipsum

87 1539 249 1639 juberent.
271 1555 302 1610 et
317 1567 409 1626 quum
425 1545 622 1628 aliquamdiu,
641 1545 712 1612 hinc
725 1545 925 1628 indulgentie,
944 1537 1149 1610 hinemodes·

90 1637 145 1704 ua,
169 1631 199 1668 ‘²
216 1629 295 1697 inter
311 1633 519 1732 permittentes
534 1633 566 1696 in
581 1633 689 1710 vicem,
711 1653 774 1698 non
797 1633 894 1716 magis
917 1643 1035 1712 mutua,
1057 1653 1150 1714 quem

93 1715 119 1753 ⁸³
131 1713 341 1798 inexplicabili
357 1717 515 1798 facilitate,
534 1729 685 1785 certatum
700 1730 792 1799 esset,
815 1718 967 1788 Eumenes
993 1722 1019 1758 ⁵⁴
1033 1717 1150 1802 templo

93 1801 237 1866 excessit.
271 1801 400 1874 Senatus
416 1805 448 1868 in
464 1805 572 1870 eadem
587 1818 722 1892 potetate
738 1807 902 1884 sententia,
917 1818 952 1870 ut
967 1805 1150 1872 ‘absurdum

92 1886 205 1956 ‘esse'
230 1889 357 1969 diceret,
373 1891 534 1973 ‘ignorare
550 1913 665 1976 regem,
676 1891 749 1974 quid
764 1913 900 1974 sperans,
912 1903 966 1954 aut
981 1901 1087 1974 petens
1098 1912 1150 1957 ver

95 1973 105 2005 ‘
121 1975 216 2040 uerit.
229 1996 295 2058 qua
306 1977 543 2047 adcommodata
557 1999 651 2061 regno
667 1998 722 2040 suo
735 1979 807 2054 sint,
821 1978 919 2062 ipsum
930 1977 1047 2062 optime
1058 1977 1150 2048 scire:

94 2059 106 2092 ‘
119 2059 231 2127 Asiam
245 2061 336 2148 longe
352 2063 471 2142 melius,
484 2085 576 2146 quam
591 2075 742 2140 senatum,
758 2085 858 2130 nosse.
875 2062 1077 2134 revocandum
1093 2062 1151 2173 ipr-

95 2148 106 2180 ‘
121 2159 172 2212 tur
187 2163 222 2214 et
236 2152 421 2234 cogendum,
436 2172 501 2233 quae
517 2149 617 2229 uellet,
632 2170 755 2232 querque
771 2149 908 2234 sentiret,
922 2171 1112 2233 expromere.

137 2231 226 2300 LIII.
248 2235 405 2302 Reductus
422 2249 579 2323 spraetore
590 2237 622 2300 in
633 2236 782 2320 templum
798 2258 862 2314 rex,
876 2247 909 2302 et
923 2235 1023 2303 dicere
1035 2224 1153 2337 jussum
1165 2248 1247 2299 omn
1259 2247 1307 2296 Eu-

96 2318 389 2402 ‘Persererassenr‚’
405 2323 516 2408 inquit,
532 2325 542 2357 ‘
555 2335 667 2404 tacere,
682 2321 786 2387 Patres
803 2321 977 2409 conscripti,
992 2323 1051 2388 nisi
1066 2321 1156 2388 Rho·.
1165 2316 1245 2366 ments

96 2405 247 2474 ‘diorum
260 2411 445 2492 legationem
457 2431 530 2479 mcx
544 2421 702 2476 vocaturos
713 2431 766 2480 vus
782 2409 891 2475 scirem
905 2432 913 2474 r
937 2419 978 2488 et,
994 2409 1053 2476 illis
1066 2411 1152 2475 eudi-

96 2493 105 2527 ‘
122 2495 175 2572 tis,
191 2496 270 2562 milri
285 2497 499 2564 necessitatem
515 2495 579 2560 fore
596 2495 726 2567 dicendi.
761 2493 835 2566 Quae
851 2495 974 2578 quidem
991 2517 1028 2562 eo
1043 2496 1153 2562 diffici-

96 2577 106 2615 ‘
121 2581 181 2645 lior
194 2583 295 2648 oratio
310 2583 377 2662 erit,
390 2584 471 2666 quod
484 2605 520 2646 en
531 2583 685 2666 postulata
700 2603 804 2646 eorum
820 2581 921 2650 sutura
933 2584 995 2646 sint
1001 2593 1024 2662 ⁶,
1039 2596 1074 2648 ut
1089 2605 1154 2648 non

96 2666 221 2734 ‘sulum
234 2669 322 2748 nihil,
334 2670 418 2752 quod
429 2681 537 2736 contra
547 2691 596 2732 me
607 2669 658 2748 sit,
674 2669 728 2732 sed
740 2690 779 2732 ne
791 2669 874 2752 quod
886 2668 926 2735 ed
935 2669 1016 2755 ipsos
1027 2669 1153 2752 quidem

98 2753 108 2787 ‘
121 2755 247 2841 proprie
258 2757 419 2840 pertineat,
431 2767 534 2838 petere
544 2755 713 2822 videantur.
743 2755 847 2840 Agent
861 2755 943 2822 enim
954 2777 1093 2842 caussam
1106 2757 1152 2821 eis

99 2841 268 2907 ‘titatium
278 2841 463 2923 Gracurum,
483 2859 515 2908 et
529 2843 649 2909 liberari
664 2865 716 2906 eas
731 2839 835 2910 dicent
849 2842 1040 2926 debereque
1052 2845 1150 2930 impe-

99 2927 216 3008 ‘trato‚
235 2929 283 2992 cui
301 2930 427 2996 dubium
444 2943 500 3006 est,
513 2931 584 3015 quin
601 2944 632 2994 et
651 2952 671 2992 a
690 2929 777 2994 nobis
797 2931 928 2995 aversuri
945 2932 1006 2994 sint
1021 2951 1083 2997 non
1099 2953 1151 2996 eas

98 3013 109 3048 ‘
123 3015 218 3080 modo
237 3015 384 3094 civitates,
396 3037 462 3098 quae
476 3017 694 3096 liberabuntur,
709 3015 863 3078 sedetiam
874 3029 989 3080 veteres
1001 3017 1150 3100 stipendi·
1212 3085 1216 3090 ,

98 3101 109 3136 ‘
123 3097 201 3166 arias
217 3114 358 3184 nostram
382 3105 439 3202 ipsi
455 3115 557 3166 autem
569 3115 656 3167 tanto
672 3103 822 3184 obligatos
836 3103 984 3167 beneficio
996 3105 1088 3170 verbo
1100 3125 1150 3181 sp«

97 3187 108 3220 ‘
122 3189 196 3267 cios,
207 3211 245 3254 re
255 3211 327 3254 vcra
338 3191 491 3272 subjectos
503 3190 630 3274 imperio
642 3201 673 3252 et
684 3190 833 3254 obnoxios
845 3189 978 3252 habituri
991 3191 1052 3254 sint
1064 3189 1074 3252 l
1098 3187 1150 3270 Et,

57 3279 60 3289 '
98 3274 108 3307 ‘
126 3273 164 3354 (si
178 3275 252 3341 Diis
268 3277 380 3360 placet)
400 3297 492 3361 quum
508 3277 563 3343 has
579 3289 680 3342 tantas
696 3297 770 3359 opes
786 3275 994 3356 adfectebunt,
1009 3277 1150 3346 dissimu-

101 3361 245 3445 ‘lsbunt,
262 3363 325 3429 ulla
339 3375 425 3456 parte
441 3363 473 3430 id
488 3363 571 3429 adse
604 3363 752 3430 ertinere:
775 3383 828 3426 vos
840 3363 933 3428 modo
944 3363 977 3425 id
987 3363 1105 3444 decere,
1121 3378 1152 3430 et

101 3449 310 3526 ‘conueniens
320 3473 386 3517 esse
395 3449 568 3531 antefertis,
577 3386 689 3522 licent
705 3447 779 3518 Haec
789 3471 841 3514 vos
851 3471 889 3514 ne
899 3449 1033 3537 decipiat
1044 3451 1151 3528 oratio,

103 3537 114 3568 ‘
129 3538 348 3620 providendum
359 3537 444 3600 vobis
456 3538 530 3615 erit,
553 3559 628 3602 neve
639 3559 699 3601 non
712 3538 810 3600 solnm
820 3537 1005 3622 inaequaliter
1016 3537 1091 3600 alios
1103 3538 1150 3600 ni-

104 3625 114 3660 ‘
129 3625 223 3689 mium
236 3625 416 3709 deprimatis
426 3647 464 3693 cx
474 3626 564 3702 sepiis
575 3627 693 3705 vestris,
708 3625 784 3697 alios
795 3636 902 3709 praeter·
914 3623 1037 3710 rpodum
1053 3624 1151 3687 exrel-

523 3795 534 3820 2
548 3749 599 3841 roro
611 3753 684 3836 Groui
694 3785 762 3838 Cres.

137 3909 159 3948 ⁴⁹
175 3909 609 3980 Cogsmsoere18crlpticugnorcicunde
642 3909 712 3960 Quod
720 3925 750 3959 ne
761 3925 838 3974 regem
848 3909 916 3976 possit
927 3909 1052 3970 offendere,
1062 3907 1150 3959 ideoed

108 3974 235 4028 Gronovius
244 3978 367 4040 legendnm
378 3989 444 4044 putat
454 3992 560 4042 cognom.
641 3993 691 4026 rem
700 3977 846 4029 molliendam
855 3966 1038 4024 videturirrserte
1045 3971 1149 4026 emeluec

138 4041 162 4075 ⁵⁰
178 4043 261 4096 Omissa
271 4047 295 4092 in
306 4047 329 4092 r'd
340 4041 481 4106 umecundiu]
495 4039 559 4092 Dure
570 4057 611 4090 co·
642 4043 792 4108 parenthesis,
801 4045 820 4090 ri
829 4059 878 4104 quc,
887 4044 905 4090 el
917 4057 961 4106 qua
973 4042 996 4089 in
1008 4057 1033 4088 re
1043 4045 1116 4102 pcedt.

108 4106 164 4156 eulae
181 4113 205 4160 ia
220 4111 245 4158 id
260 4109 400 4188 restringunt
417 4107 611 4222 perumalinpuin
676 4107 698 4142 ⁵²
708 4107 724 4139 θ
737 4108 799 4158 Inter·
809 4109 954 4184 permittentes
964 4103 1067 4184 invicem]
1085 4107 1150 4186 lnrer

107 4173 211 4226 decoram
222 4175 404 4226 rdltnnrtronem
422 4173 450 4224 ad
461 4183 557 4222 omrtren
574 4191 610 4225 rm
644 4173 775 4224 Eumenem
793 4183 965 4238 permittentem
980 4169 1084 4220 Patribus
1095 4172 1150 4240 quid

107 4243 272 4291 verecundiam.
642 4239 696 4287 dare
720 4241 814 4298 vellent,
840 4252 864 4287 et
884 4237 963 4288 Patres
987 4238 1147 4300 permittentes

106 4363 113 4378 ι
138 4303 159 4336 ⁵¹
176 4303 248 4356 Prc'nt
264 4307 311 4368 ejus
323 4309 401 4356 meritc
411 4304 562 4383 sind-Facile
573 4317 609 4383 eet
642 4305 743 4354 Eumeni
754 4307 808 4368 quid
818 4317 897 4384 perere
907 4302 928 4350 ei
941 4305 1050 4382 placeret.
1128 4367 1135 4384 ·

106 4373 610 4503 tttttttrttttztttttttt
640 4367 1149 4498 „dnlfflffllllllllilss'

104 4501 389 4570 cumulantque...qcm
402 4505 448 4568 pus
462 4503 543 4554 meritc
557 4505 609 4553 tint.
673 4501 694 4536 Μ
707 4501 805 4568 Templo]
814 4500 867 4552 llud.
876 4511 925 4552 not.
936 4503 974 4554 19.
984 4501 1013 4552 ed
1023 4499 1040 4551 l.
1050 4513 1100 4573 tp.
1110 4472 1149 4554 sb.

699 4573 754 4634 Y2
