3080 5196
410 367 884 436 mumucsnxxxvt.
1098 381 1156 438 ill

112 525 197 589 mille
223 545 295 594 cum
307 527 506 594 Alexsmeno.
562 529 688 593 Fecerat
711 530 769 592 eibi
795 549 913 594 morem
933 529 1153 614 Alexamenus,
1168 543 1313 598 u.t.sot.

109 633 193 676 nuno
216 635 287 678 cum
312 627 441 700 tyranno
456 617 545 679 inter
569 635 684 700 psuuos
705 615 827 678 ordines
846 616 1063 697 circumeundi,
1086 640 1156 682 mo·
1167 611 1201 664 A.
1212 611 1244 662 ⁰·
1257 609 1313 664 ¹9²·

109 699 267 783 neodique
280 719 360 764 eunt.
385 721 449 784 quse
475 703 506 765 in
528 723 591 766 reru
614 721 680 764 esse
701 701 903 779 uidebuntur3
926 723 1006 766 nunc
1029 705 1061 766 in
1077 703 1172 768 dest·¹

110 796 191 848 trum
218 807 313 850 cornu
337 787 377 850 ed
402 805 471 851 suos
497 788 718 869 adequitandi3
745 809 819 851 mox
842 787 926 868 inde,
949 789 1155 874 velut-'isupe-

110 881 188 950 reto,
218 873 300 954 quod
329 895 377 936 res
405 875 606 958 poposcisset,
643 873 810 956 recipiendi
841 894 874 936 ee
911 875 951 936 ad
983 887 1156 960 tyrenuunr.

110 953 185 1035 Sed,
200 978 291 1038 quem
302 959 383 1022 diem
393 961 545 1042 patrando
559 959 688 1024 iecinori
697 971 857 1038 statuerat,
866 979 904 1022 eo
912 960 1074 1044 paullisper
1084 983 1157 1026 cum

108 1047 240 1127 tyrenum
248 1057 398 1124 restaura,
409 1067 503 1128 quum
512 1049 553 1110 ed
566 1067 636 1110 suos
647 1047 858 1125 coucmsbset,
869 1049 897 1086 ¹⁸
907 1059 972 1110 turn
981 1046 996 1086 ²²
1006 1050 1157 1129 equitibus

111 1131 150 1190 ob
161 1131 255 1194 douro
266 1152 369 1194 seeum
380 1134 491 1212 missis,
502 1130 672 1215 ‘Agendtq'
685 1133 794 1214 inquit,
810 1133 878 1196 ‘ree
889 1132 1091 1215 estjuvenes,
1102 1155 1158 1196 eu·

109 1214 412 1300 ‘dendcque,quam
423 1239 473 1281 me
484 1220 562 1282 duce
573 1219 693 1302 inpigre
703 1219 826 1302 exsequi
838 1216 914 1300 jussi
930 1221 1013 1282 estis.
1050 1218 1159 1284 Parere

110 1299 121 1334 ‘
134 1301 257 1366 animos
269 1303 462 1386 dextrasque,
478 1305 592 1386 nequis
604 1306 637 1368 in
648 1325 697 1383 eo,
707 1304 788 1388 quod
801 1324 850 1366 nse
860 1304 969 1368 viderit
983 1305 1158 1385 notenses,

108 1386 247 1452 ‘cesset
291 1389 351 1462 Qui
366 1402 526 1454 cunctatus
541 1391 642 1469 berit,
656 1394 683 1430 ¹⁴
696 1401 727 1452 et
737 1409 824 1452 suum
840 1391 1001 1454 consilium
1024 1411 1095 1454 meo
1109 1394 1157 1454 in·

109 1472 295 1557 ‘terpouet,
316 1477 395 1538 sciat
408 1478 466 1539 sibi
478 1477 607 1539 reditum
622 1477 665 1539 ad
685 1486 810 1558 peustes
830 1495 893 1538 non
907 1475 994 1538 esse!
1039 1475 1158 1542 Horror

110 1572 241 1623 ourrctos
263 1563 366 1644 cepit:
390 1574 422 1624 et
443 1564 652 1641 meusiuersnt,
674 1583 744 1626 cum
771 1563 879 1642 quibus
900 1561 1054 1624 mendatis
1074 1564 1157 1626 estis-

109 1657 188 1708 seut.
232 1645 394 1730 Tyrannus
413 1651 453 1710 ab
476 1650 550 1711 levo
570 1667 666 1711 cornu
680 1648 833 1710 veniebas.
876 1651 904 1688 ²⁵
916 1646 1032 1710 Ponere
1048 1647 1152 1712 hastos

109 1733 228 1812 equites
251 1734 456 1797 Alexamenus
478 1733 578 1816 jubet,
609 1746 642 1797 et
670 1753 703 1796 ee
729 1733 851 1797 intueri.
884 1733 1004 1814 colligit
1030 1746 1062 1798 et
1088 1736 1155 1817 ipse

110 1819 247 1880 murum
262 1820 422 1882 contusum
437 1831 530 1883 tmrtse
550 1820 738 1902 cogitatione
760 1820 814 1882 rei.
857 1817 1022 1901 Postquem
1044 1819 1157 1902 edpro·

111 1903 291 1986 pinquabat,
305 1907 444 1989 inpetum
458 1907 543 1984 lecit,
559 1919 602 1984 et,
617 1905 764 1968 transfixo
778 1924 868 1985 equo,
880 1915 1041 1988 tyrannum
1053 1906 1157 1968 detur-

112 1989 175 2052 bat.
218 1989 384 2056 ducentem
398 1993 515 2072 equites
529 1991 720 2054 confodiunt.
739 1991 844 2054 multis
860 1991 969 2054 lrtsstrs
983 1992 1016 2054 in
1030 1991 1157 2054 loricesu
1169 2011 1288 2082 osfflpm

111 2075 221 2138 ictibus
237 2077 327 2156 detis,
349 2079 477 2140 tandem
491 2079 523 2139 in
538 2077 654 2140 nudum
669 2097 778 2160 eorpus
799 2076 924 2138 vulnera
937 2087 1157 2159 pervenerunt:
1169 2077 1251 2152 Natu

112 2175 154 2240 et,
169 2163 347 2245 priusquam
362 2185 381 2225 u
396 2164 499 2226 medie
512 2164 577 2226 ecie
592 2165 827 2240 subcurreretur,
842 2163 1014 2244 exspiravit.

127 2281 131 2288 ·
154 2247 305 2312 XXXVI.
325 2249 531 2312 Alexamenus
556 2270 626 2312 cum
651 2249 791 2312 omnibus
805 2247 919 2312 AEtolis
941 2248 1037 2312 cituto
1061 2249 1158 2332 gradu

112 2333 151 2396 sd
177 2337 298 2417 regium
323 2336 535 2420 occupandam
561 2336 669 2418 pergit.
713 2333 857 2416 Corporis
882 2335 1036 2413 custodes,
1065 2355 1158 2417 quum

110 2421 207 2482 resin
224 2422 320 2484 oculis
332 2431 495 2503 gereretur,
510 2442 604 2504 pevor
617 2422 716 2505 primo
738 2421 839 2502 cepit:
858 2421 978 2499 deinde,
993 2433 1157 2503 postquem

111 2505 198 2566 obire
213 2504 389 2570 AEtolorum
414 2527 524 2589 agmen
546 2508 656 2585 videre,
683 2518 869 2568 concurrunt
890 2506 930 2568 ed
952 2506 1091 2570 relictum
1108 2522 1158 2590 ty·

112 2593 201 2654 runni
229 2613 356 2676 corpus:
384 2596 411 2634 ²⁶
421 2605 453 2656 et
478 2604 682 2676 spectatorum
709 2594 799 2656 turbo
825 2613 864 2654 ex
888 2593 1064 2656 custodibus
1089 2595 1159 2656 uiue

112 2679 281 2759 mortisque
297 2680 443 2742 ultoribus
457 2689 525 2742 eutc
551 2679 642 2742 fecta.
686 2677 753 2740 Nec
775 2678 917 2768 movisset
940 2699 972 2740 se
986 2680 1158 2762 quisqusrn,

112 2763 138 2807 ²⁷
147 2765 172 2825 si
188 2766 357 2847 extemplo,
380 2766 487 2848 positis
507 2767 609 2844 armis,
623 2777 731 2828 vocate
745 2766 777 2827 in
791 2765 972 2828 concionem
993 2766 1170 2838 multitudo.

114 2847 232 2928 fuisset,
271 2861 304 2913 et
331 2853 430 2914 oretio
460 2853 564 2914 habitu
597 2853 727 2936 tempori
757 2851 951 2929 conveniens,
985 2852 1158 2933 frequentes

113 2935 184 2998 inde
207 2939 321 3000 retenti
347 2939 380 3000 in
403 2940 496 3000 armis
511 2936 635 3001 AEtobd
660 2939 725 2998 sine
748 2937 858 3018 injuria
883 2934 1070 3018 cujusquam.
1093 2939 1159 3015 sed,

113 3041 222 3158 mmm
234 3043 308 3094 Gron.
374 3045 485 3095 ‘endeb
497 3045 571 3095 Gron.
580 3043 649 3094 Cres.
726 3043 1160 3108 “frequentibusdretsrrts'stmfflto-

145 3198 168 3234 2³
186 3197 242 3248 Tum
250 3199 368 3261 equitibus]
387 3198 502 3246 Mendum
513 3198 622 3246 hocloco
654 3199 766 3262 longitudo
779 3199 930 3260 impedimento
944 3207 1000 3256 eret,
1016 3201 1098 3263 gladiis
1115 3215 1161 3248 reos

116 3261 273 3312 Gronovisnes
293 3263 404 3310 editiones
429 3263 550 3318 insederat,
574 3279 623 3310 eum
652 3279 728 3326 gerere
738 3263 813 3324 jubet.
844 3261 898 3310 Vid.
916 3273 966 3310 not.
983 3264 1023 3311 31.
1044 3265 1073 3310 sd
1094 3263 1161 3314 illurn

115 3326 420 3440 qubndd'bdictffibbbeJimW
442 3343 471 3374 a
490 3323 621 3374 mummi·
651 3325 767 3436 loegm'Et
802 3397 943 3450 spectatorem
970 3390 1047 3455 turbs]
1079 3391 1160 3457 Hujus

148 3460 169 3496 ²⁴
188 3455 623 3518 'Ernunmrtltassnsctnsepsmq
653 3454 697 3503 loci
717 3455 800 3502 uniter
818 3455 913 3503 debeter
939 3453 1047 3513 Gelonis,
1071 3458 1110 3520 qui
1131 3473 1162 3506 ex

118 3524 148 3572 Et
159 3539 237 3572 meum
251 3522 371 3570 eonsilium
388 3536 434 3568 non
446 3523 512 3568 unice
523 3521 623 3569 intuebi·
652 3535 695 3568 suo
714 3519 836 3582 exemplari
852 3519 946 3584 protulit
965 3535 1015 3568 erm
1035 3522 1161 3574 lectionem

118 3601 164 3650 tur,
175 3591 295 3637 sedesuo
306 3585 388 3648 aliquid
396 3585 494 3644 afferret,
502 3587 560 3648 quod
572 3601 621 3633 mo·
654 3599 722 3648 quarn
734 3586 831 3632 editores
846 3595 925 3650 postea
944 3600 1059 3650 recepere.
1092 3587 1158 3637 Prius

118 3655 244 3702 mmsaciat
257 3653 357 3716 imperiis
367 3651 432 3699 meis.
652 3665 810 3711 perpaucorum
828 3651 900 3697 turbo.
934 3649 1159 3701 Nouabsurtlemo.

148 3721 171 3754 ὓ
187 3719 273 3768 Ponere
299 3715 380 3778 huus]
417 3716 526 3776 lotelligit
556 3716 622 3777 Sigo-
653 3715 756 3764 uethc.
773 3713 901 3764 Gronovius
917 3717 986 3764 recidi
1003 3733 1069 3778 posse
1087 3720 1159 3780 parti·

118 3785 179 3844 uius,
195 3785 306 3833 reclinare
322 3797 346 3829 sc
358 3781 575 3840 remitteremus,
595 3793 622 3828 ut
654 3779 729 3828 culnrn
740 3788 770 3838 et,
787 3790 813 3827 ut
823 3789 898 3828 toturn
916 3779 960 3829 boc
978 3784 1107 3828 membrum
1121 3783 1160 3830 iu·

119 3852 193 3898 solent
220 3850 235 3896 ii
264 3849 303 3911 qui
326 3849 418 3895 boetem
443 3846 540 3893 invasuri
561 3857 622 3894 sunt.
653 3845 769 3906 telligotur
783 3859 824 3906 per
839 3847 1003 3909 appositionem
1021 3847 1158 3910 sdJ'unctutn

121 3915 189 3962 uest
205 3925 231 3962 ut
249 3927 329 3961 renem
346 3923 452 3975 putamus
462 3927 520 3968 esse,
534 3913 552 3959 si
571 3927 621 3960 rem
652 3911 841 3973 precedentibus.

121 3979 188 4042 ipsum
209 3991 351 4056 spectemus,
368 3977 501 4054 etPolybi'i
521 3991 623 4036 sensum,
685 3976 706 4013 ἲ]
722 3975 747 4022 Si
762 3976 950 4053 amplctpou'tis
966 3976 1043 4052 quoia]
1066 3975 1091 4024 Si
1108 3978 1159 4041 ipss

121 4044 337 4157 t‘ttffl
350 4043 619 4155 tltt‘tttttti
651 4041 1158 4161 Atttttt⁰'stl:sttt:,t?tttff

123 4171 202 4222 Ponere
216 4175 278 4222 euim
298 4173 370 4221 basta
386 4188 415 4220 ex
434 4173 456 4219 ri
475 4172 549 4220 Indoi
570 4187 619 4221 ser-
650 4187 704 4220 nem
721 4170 821 4234 tempori
838 4171 1012 4218 convenientem
1030 4169 1159 4221 ulciscur

124 4241 201 4297 monis,
219 4251 254 4288 est
275 4254 312 4287 eas
329 4240 444 4302 deponere
462 4249 486 4286 et
504 4237 618 4301 abjicere:
651 4237 753 4284 retinens
769 4248 846 4282 tamen
865 4247 889 4284 et
908 4237 952 4284 boc
977 4235 1026 4297 ipso
1047 4246 1159 4301 tempore,

124 4314 158 4363 ut,
176 4321 196 4351 r.
207 4321 229 4367 g.
245 4307 269 4352 in
287 4304 326 4352 illo
344 4303 396 4352 loco
413 4303 464 4350 libri
483 4315 583 4352 xxxrrr.
599 4319 620 4352 c.
652 4315 677 4350 et
688 4301 826 4364 aliquamdiu
837 4313 926 4364 postes,
937 4301 1070 4362 frequentes
1080 4304 1103 4350 in
1118 4317 1157 4350 ar-

24 4393 25 4396 =
122 4371 145 4417 8.
164 4370 202 4416 ubi
224 4371 302 4418 itidem
322 4367 398 4417 Livius
422 4383 501 4433 perum
521 4367 621 4415 feliciter
652 4365 803 4425 misAEtolos,
819 4367 859 4415 sed
874 4365 905 4416 ita
923 4377 949 4417 ut
966 4379 1055 4416 nemrot
1073 4370 1157 4434 injuria

124 4432 279 4498 interpretetus
302 4434 422 4498 Polybium
441 4445 493 4482 est:
517 4433 619 4480 blot-edo·
652 4433 725 4482 fieret.

124 4511 174 4547 nun
189 4500 327 4565 pbalangem,
347 4499 412 4549 bonis
425 4501 508 4562 positis,
526 4513 620 4563 quorum
