<?xml version="1.0" encoding="UTF-8"?>
<!DOCTYPE html PUBLIC "-//W3C//DTD XHTML 1.0 Transitional//EN"
    "http://www.w3.org/TR/xhtml1/DTD/xhtml1-transitional.dtd">
<html xmlns="http://www.w3.org/1999/xhtml" xml:lang="en" lang="en">
 <head>
  <title>
</title>
<meta http-equiv="Content-Type" content="text/html;charset=utf-8" />
  <meta name='ocr-system' content='tesseract 3.04.00' />
  <meta name='ocr-capabilities' content='ocr_page ocr_carea ocr_par ocr_line ocrx_word'/>
</head>
<body>
  <div class='ocr_page' id='page_1' title='image "./tliviipatavinih00grongoog_0378.png"; bbox 0 0 3068 5186; ppageno 0'>
   <div class='ocr_carea' id='block_1_1' title="bbox 289 307 984 426">
    <p class='ocr_par' dir='ltr' id='par_1_1' title="bbox 289 307 984 426">
     <span class='ocr_line' id='line_1_1' title="bbox 289 307 984 426; baseline 0.001 -15"><span class='ocrx_word' id='word_1_1' title='bbox 289 307 291 312; x_wconf 23' lang='grc' dir='ltr'>Ι</span> <span class='ocrx_word' id='word_1_2' title='bbox 319 307 328 331; x_wconf 75' lang='lat'><strong>.</strong></span> <span class='ocrx_word' id='word_1_3' title='bbox 364 369 424 426; x_wconf 67' lang='lat'>303</span> <span class='ocrx_word' id='word_1_4' title='bbox 780 349 864 414; x_wconf 83' lang='lat' dir='ltr'>Tl&#39;ll</span> <span class='ocrx_word' id='word_1_5' title='bbox 883 351 984 413; x_wconf 76' lang='lat' dir='ltr'>mvn</span> 
     </span>
    </p>
   </div>
   <div class='ocr_carea' id='block_1_2' title="bbox 197 503 1411 3707">
    <p class='ocr_par' dir='ltr' id='par_1_2' title="bbox 197 503 1411 2498">
     <span class='ocr_line' id='line_1_2' title="bbox 197 503 1410 590; baseline -0.016 -5"><span class='ocrx_word' id='word_1_6' title='bbox 197 517 340 589; x_wconf 54' lang='lat' dir='ltr'>(nesus.</span> <span class='ocrx_word' id='word_1_7' title='bbox 364 515 518 580; x_wconf 83' lang='lat' dir='ltr'>Laconica</span> <span class='ocrx_word' id='word_1_8' title='bbox 540 514 739 578; x_wconf 82' lang='lat' dir='ltr'>excederent:</span> <span class='ocrx_word' id='word_1_9' title='bbox 769 521 847 590; x_wconf 92' lang='lat' dir='ltr'>tum,</span> <span class='ocrx_word' id='word_1_10' title='bbox 870 510 926 590; x_wconf 90' lang='lat' dir='ltr'>uti,</span> <span class='ocrx_word' id='word_1_11' title='bbox 951 529 1015 590; x_wconf 83' lang='lat' dir='ltr'>quae</span> <span class='ocrx_word' id='word_1_12' title='bbox 1039 507 1159 570; x_wconf 83' lang='lat' dir='ltr'>servitia</span> <span class='ocrx_word' id='word_1_13' title='bbox 1184 504 1307 590; x_wconf 78' lang='lat' dir='ltr'><strong>tyranni</strong></span> <span class='ocrx_word' id='word_1_14' title='bbox 1331 503 1410 566; x_wconf 80' lang='lat' dir='ltr'>libe·</span> 
     </span>
     <span class='ocr_line' id='line_1_3' title="bbox 199 591 1410 682; baseline -0.013 -15"><span class='ocrx_word' id='word_1_15' title='bbox 199 600 272 652; x_wconf 63' lang='grc' dir='ltr'>Μ·</span> <span class='ocrx_word' id='word_1_16' title='bbox 286 607 340 656; x_wconf 80' lang='grc'><strong>189·</strong></span> <span class='ocrx_word' id='word_1_17' title='bbox 366 615 492 682; x_wconf 90' lang='lat' dir='ltr'>rasseut‚</span> <span class='ocrx_word' id='word_1_18' title='bbox 522 601 571 680; x_wconf 87' lang='lat' dir='ltr'>(ca</span> <span class='ocrx_word' id='word_1_19' title='bbox 596 619 708 680; x_wconf 86' lang='lat' dir='ltr'>magna</span> <span class='ocrx_word' id='word_1_20' title='bbox 731 592 895 660; x_wconf 90' lang='lat' dir='ltr'>multitudo</span> <span class='ocrx_word' id='word_1_21' title='bbox 919 595 996 676; x_wconf 87' lang='lat' dir='ltr'>erat)</span> <span class='ocrx_word' id='word_1_22' title='bbox 1014 607 1085 656; x_wconf 89' lang='lat' dir='ltr'>ante</span> <span class='ocrx_word' id='word_1_23' title='bbox 1109 593 1189 655; x_wconf 89' lang='lat' dir='ltr'>diem</span> <span class='ocrx_word' id='word_1_24' title='bbox 1205 604 1324 654; x_wconf 91' lang='lat' dir='ltr'>certam</span> <span class='ocrx_word' id='word_1_25' title='bbox 1343 591 1410 652; x_wconf 83' lang='lat' dir='ltr'>sbi-</span> 
     </span>
     <span class='ocr_line' id='line_1_4' title="bbox 253 673 1411 770; baseline -0.015 -16"><span class='ocrx_word' id='word_1_26' title='bbox 253 673 258 683; x_wconf 53' lang='grc'><strong>’</strong></span> <span class='ocrx_word' id='word_1_27' title='bbox 366 701 455 768; x_wconf 89' lang='lat' dir='ltr'>rent;</span> <span class='ocrx_word' id='word_1_28' title='bbox 480 689 531 770; x_wconf 92' lang='lat' dir='ltr'>qui</span> <span class='ocrx_word' id='word_1_29' title='bbox 546 687 588 749; x_wconf 93' lang='lat' dir='ltr'>ibi</span> <span class='ocrx_word' id='word_1_30' title='bbox 611 685 803 763; x_wconf 82' lang='lat' dir='ltr'><strong>mansissent,</strong></span> <span class='ocrx_word' id='word_1_31' title='bbox 818 705 869 745; x_wconf 88' lang='lat' dir='ltr'>eos</span> <span class='ocrx_word' id='word_1_32' title='bbox 892 681 1113 765; x_wconf 90' lang='lat' dir='ltr'>prehendendi,</span> <span class='ocrx_word' id='word_1_33' title='bbox 1126 678 1290 756; x_wconf 82' lang='lat' dir='ltr'>vendendi,</span> <span class='ocrx_word' id='word_1_34' title='bbox 1312 677 1411 738; x_wconf 88' lang='lat' dir='ltr'>abdu-</span> 
     </span>
     <span class='ocr_line' id='line_1_5' title="bbox 367 765 1411 853; baseline -0.014 -14"><span class='ocrx_word' id='word_1_35' title='bbox 367 776 457 840; x_wconf 82' lang='lat' dir='ltr'><strong>cendi</strong></span> <span class='ocrx_word' id='word_1_36' title='bbox 483 773 603 836; x_wconf 84' lang='lat' dir='ltr'>Achaeis</span> <span class='ocrx_word' id='word_1_37' title='bbox 622 770 673 852; x_wconf 87' lang='lat' dir='ltr'>jus</span> <span class='ocrx_word' id='word_1_38' title='bbox 701 780 790 833; x_wconf 87' lang='lat' dir='ltr'>esset.</span> <span class='ocrx_word' id='word_1_39' title='bbox 834 767 963 853; x_wconf 77' lang='lat' dir='ltr'><strong>Lycurgi</strong></span> <span class='ocrx_word' id='word_1_40' title='bbox 986 768 1069 850; x_wconf 89' lang='lat' dir='ltr'>leges</span> <span class='ocrx_word' id='word_1_41' title='bbox 1092 785 1251 848; x_wconf 89' lang='lat' dir='ltr'>moresque</span> <span class='ocrx_word' id='word_1_42' title='bbox 1278 765 1411 845; x_wconf 73' lang='lat' dir='ltr'>abroga-</span> 
     </span>
     <span class='ocr_line' id='line_1_6' title="bbox 367 851 1411 936; baseline -0.015 -10"><span class='ocrx_word' id='word_1_43' title='bbox 367 875 446 926; x_wconf 82' lang='lat' dir='ltr'><strong>rent.</strong></span> <span class='ocrx_word' id='word_1_44' title='bbox 504 860 685 922; x_wconf 75' lang='lat' dir='ltr'>Achaeorum</span> <span class='ocrx_word' id='word_1_45' title='bbox 722 857 934 918; x_wconf 82' lang='lat' dir='ltr'>adsuescerent</span> <span class='ocrx_word' id='word_1_46' title='bbox 962 854 1078 936; x_wconf 86' lang='lat' dir='ltr'>legibus</span> <span class='ocrx_word' id='word_1_47' title='bbox 1113 853 1331 933; x_wconf 85' lang='lat' dir='ltr'><strong>institutisque.</strong></span> <span class='ocrx_word' id='word_1_48' title='bbox 1367 851 1411 911; x_wconf 87' lang='lat' dir='ltr'>ita</span> 
     </span>
     <span class='ocr_line' id='line_1_7' title="bbox 365 938 1410 1027; baseline -0.012 -17"><span class='ocrx_word' id='word_1_49' title='bbox 365 947 455 1010; x_wconf 88' lang='lat' dir='ltr'>unius</span> <span class='ocrx_word' id='word_1_50' title='bbox 478 943 530 1008; x_wconf 81' lang='lat' dir='ltr'>eos</span> <span class='ocrx_word' id='word_1_51' title='bbox 545 945 677 1027; x_wconf 89' lang='lat' dir='ltr'>corporis</span> <span class='ocrx_word' id='word_1_52' title='bbox 701 943 775 1021; x_wconf 86' lang='lat' dir='ltr'>fore,</span> <span class='ocrx_word' id='word_1_53' title='bbox 802 947 886 1004; x_wconf 89' lang='lat' dir='ltr'>etde</span> <span class='ocrx_word' id='word_1_54' title='bbox 909 942 1049 1003; x_wconf 86' lang='lat' dir='ltr'>omnibus</span> <span class='ocrx_word' id='word_1_55' title='bbox 1075 939 1163 1003; x_wconf 86' lang='lat' dir='ltr'>rebus</span> <span class='ocrx_word' id='word_1_56' title='bbox 1187 938 1307 1001; x_wconf 80' lang='lat' dir='ltr'>facilius</span> <span class='ocrx_word' id='word_1_57' title='bbox 1334 957 1410 998; x_wconf 92' lang='lat' dir='ltr'>con·</span> 
     </span>
     <span class='ocr_line' id='line_1_8' title="bbox 366 1027 1409 1108; baseline -0.013 -11"><span class='ocrx_word' id='word_1_58' title='bbox 366 1054 518 1098; x_wconf 88' lang='lat' dir='ltr'>sensuros.</span> <span class='ocrx_word' id='word_1_59' title='bbox 573 1027 694 1092; x_wconf 79' lang='lat' dir='ltr'>¹⁸Nihtt</span> <span class='ocrx_word' id='word_1_60' title='bbox 725 1029 915 1092; x_wconf 86' lang='lat' dir='ltr'>obedientius</span> <span class='ocrx_word' id='word_1_61' title='bbox 940 1027 1089 1104; x_wconf 87' lang='lat' dir='ltr'>lecerunt,</span> <span class='ocrx_word' id='word_1_62' title='bbox 1117 1047 1207 1108; x_wconf 90' lang='lat' dir='ltr'>quam</span> <span class='ocrx_word' id='word_1_63' title='bbox 1237 1039 1276 1086; x_wconf 90' lang='lat' dir='ltr'>ut</span> <span class='ocrx_word' id='word_1_64' title='bbox 1305 1044 1409 1085; x_wconf 89' lang='lat' dir='ltr'>muros</span> 
     </span>
     <span class='ocr_line' id='line_1_9' title="bbox 367 1111 1411 1199; baseline -0.012 -15"><span class='ocrx_word' id='word_1_65' title='bbox 367 1122 539 1184; x_wconf 83' lang='lat' dir='ltr'>diruerent:</span> <span class='ocrx_word' id='word_1_66' title='bbox 586 1138 643 1179; x_wconf 88' lang='lat' dir='ltr'>nec</span> <span class='ocrx_word' id='word_1_67' title='bbox 673 1117 780 1199; x_wconf 76' lang='lat' dir='ltr'>egrius</span> <span class='ocrx_word' id='word_1_68' title='bbox 808 1115 888 1198; x_wconf 90' lang='lat' dir='ltr'>passi</span> <span class='ocrx_word' id='word_1_69' title='bbox 918 1125 997 1192; x_wconf 88' lang='lat' dir='ltr'>sunt,</span> <span class='ocrx_word' id='word_1_70' title='bbox 1028 1133 1118 1196; x_wconf 86' lang='lat' dir='ltr'>quarn</span> <span class='ocrx_word' id='word_1_71' title='bbox 1147 1113 1265 1174; x_wconf 84' lang='lat' dir='ltr'>exsules</span> <span class='ocrx_word' id='word_1_72' title='bbox 1295 1111 1411 1172; x_wconf 89' lang='lat' dir='ltr'>reduci.</span> 
     </span>
     <span class='ocr_line' id='line_1_10' title="bbox 366 1197 1408 1285; baseline -0.011 -16"><span class='ocrx_word' id='word_1_73' title='bbox 366 1207 532 1270; x_wconf 86' lang='lat' dir='ltr'>Decretum</span> <span class='ocrx_word' id='word_1_74' title='bbox 546 1201 656 1285; x_wconf 76' lang='lat' dir='ltr'>&#39;l&#39;egeae</span> <span class='ocrx_word' id='word_1_75' title='bbox 679 1204 711 1264; x_wconf 92' lang='lat' dir='ltr'>in</span> <span class='ocrx_word' id='word_1_76' title='bbox 726 1202 856 1272; x_wconf 89' lang='lat' dir='ltr'>concilio</span> <span class='ocrx_word' id='word_1_77' title='bbox 881 1201 1033 1263; x_wconf 93' lang='lat' dir='ltr'>communi</span> <span class='ocrx_word' id='word_1_78' title='bbox 1057 1199 1238 1262; x_wconf 83' lang='lat' dir='ltr'>Achaeorurn</span> <span class='ocrx_word' id='word_1_79' title='bbox 1255 1197 1295 1260; x_wconf 88' lang='lat' dir='ltr'>de</span> <span class='ocrx_word' id='word_1_80' title='bbox 1320 1198 1408 1259; x_wconf 85' lang='lat' dir='ltr'>resti-</span> 
     </span>
     <span class='ocr_line' id='line_1_11' title="bbox 368 1284 1408 1367; baseline -0.013 -10"><span class='ocrx_word' id='word_1_81' title='bbox 368 1292 488 1357; x_wconf 89' lang='lat' dir='ltr'>tuendis</span> <span class='ocrx_word' id='word_1_82' title='bbox 503 1293 541 1353; x_wconf 90' lang='lat' dir='ltr'>iis</span> <span class='ocrx_word' id='word_1_83' title='bbox 563 1290 679 1352; x_wconf 80' lang='lat' dir='ltr'>factum</span> <span class='ocrx_word' id='word_1_84' title='bbox 695 1301 752 1352; x_wconf 91' lang='lat' dir='ltr'>est.</span> <span class='ocrx_word' id='word_1_85' title='bbox 767 1301 807 1367; x_wconf 93' lang='lat' dir='ltr'>et,</span> <span class='ocrx_word' id='word_1_86' title='bbox 823 1289 977 1349; x_wconf 88' lang='lat' dir='ltr'>mentione</span> <span class='ocrx_word' id='word_1_87' title='bbox 1001 1287 1108 1365; x_wconf 85' lang='lat' dir='ltr'>inlate,</span> <span class='ocrx_word' id='word_1_88' title='bbox 1123 1298 1264 1349; x_wconf 84' lang='lat' dir='ltr'>externos</span> <span class='ocrx_word' id='word_1_89' title='bbox 1280 1284 1408 1346; x_wconf 84' lang='lat' dir='ltr'>auxilia-</span> 
     </span>
     <span class='ocr_line' id='line_1_12' title="bbox 368 1371 1408 1456; baseline -0.011 -14"><span class='ocrx_word' id='word_1_90' title='bbox 368 1401 416 1442; x_wconf 89' lang='lat' dir='ltr'>res</span> <span class='ocrx_word' id='word_1_91' title='bbox 444 1379 594 1455; x_wconf 90' lang='lat' dir='ltr'>dimissos,</span> <span class='ocrx_word' id='word_1_92' title='bbox 619 1389 651 1438; x_wconf 91' lang='lat' dir='ltr'>et</span> <span class='ocrx_word' id='word_1_93' title='bbox 676 1371 914 1438; x_wconf 82' lang='lat' dir='ltr'>Lacedaemoniis</span> <span class='ocrx_word' id='word_1_94' title='bbox 935 1373 1104 1456; x_wconf 87' lang='lat' dir='ltr'>adscriptos</span> <span class='ocrx_word' id='word_1_95' title='bbox 1131 1373 1189 1451; x_wconf 88' lang='lat' dir='ltr'>(ita</span> <span class='ocrx_word' id='word_1_96' title='bbox 1210 1373 1294 1433; x_wconf 89' lang='lat' dir='ltr'>enim</span> <span class='ocrx_word' id='word_1_97' title='bbox 1317 1391 1408 1432; x_wconf 81' lang='lat' dir='ltr'>voce·</span> 
     </span>
     <span class='ocr_line' id='line_1_13' title="bbox 330 1457 1408 1546; baseline -0.012 -16"><span class='ocrx_word' id='word_1_98' title='bbox 330 1535 332 1538; x_wconf 65' lang='grc'><strong>,</strong></span> <span class='ocrx_word' id='word_1_99' title='bbox 367 1467 453 1544; x_wconf 87' lang='lat' dir='ltr'>baut,</span> <span class='ocrx_word' id='word_1_100' title='bbox 487 1463 574 1545; x_wconf 86' lang='lat' dir='ltr'>¹⁷qlri</span> <span class='ocrx_word' id='word_1_101' title='bbox 600 1484 619 1524; x_wconf 88' lang='lat' dir='ltr'>a</span> <span class='ocrx_word' id='word_1_102' title='bbox 643 1463 779 1546; x_wconf 78' lang='lat' dir='ltr'>tyrannis</span> <span class='ocrx_word' id='word_1_103' title='bbox 803 1461 921 1522; x_wconf 87' lang='lat' dir='ltr'>liberati</span> <span class='ocrx_word' id='word_1_104' title='bbox 947 1461 1046 1540; x_wconf 88' lang='lat' dir='ltr'>eraut)</span> <span class='ocrx_word' id='word_1_105' title='bbox 1074 1461 1147 1542; x_wconf 71' lang='lat' dir='ltr'>urbe</span> <span class='ocrx_word' id='word_1_106' title='bbox 1173 1458 1352 1535; x_wconf 83' lang='lat' dir='ltr'>excessisse,</span> <span class='ocrx_word' id='word_1_107' title='bbox 1376 1457 1408 1518; x_wconf 91' lang='lat' dir='ltr'>in</span> 
     </span>
     <span class='ocr_line' id='line_1_14' title="bbox 367 1546 1409 1634; baseline -0.01 -20"><span class='ocrx_word' id='word_1_108' title='bbox 367 1573 457 1634; x_wconf 86' lang='lat' dir='ltr'>agros</span> <span class='ocrx_word' id='word_1_109' title='bbox 481 1550 633 1634; x_wconf 82' lang='lat' dir='ltr'>dilapsos3</span> <span class='ocrx_word' id='word_1_110' title='bbox 657 1549 831 1631; x_wconf 86' lang='lat' dir='ltr'>priusquam</span> <span class='ocrx_word' id='word_1_111' title='bbox 854 1547 1056 1608; x_wconf 84' lang='lat' dir='ltr'>dimitteretur</span> <span class='ocrx_word' id='word_1_112' title='bbox 1078 1546 1239 1624; x_wconf 87' lang='lat' dir='ltr'>exereitus,</span> <span class='ocrx_word' id='word_1_113' title='bbox 1263 1546 1308 1606; x_wconf 88' lang='lat' dir='ltr'>ire</span> <span class='ocrx_word' id='word_1_114' title='bbox 1335 1565 1409 1627; x_wconf 81' lang='lat' dir='ltr'>prae-</span> 
     </span>
     <span class='ocr_line' id='line_1_15' title="bbox 232 1632 1408 1718; baseline -0.009 -17"><span class='ocrx_word' id='word_1_115' title='bbox 232 1649 234 1656; x_wconf 83' lang='grc'>’</span> <span class='ocrx_word' id='word_1_116' title='bbox 268 1689 272 1697; x_wconf 94' lang='grc'>.</span> <span class='ocrx_word' id='word_1_117' title='bbox 301 1683 303 1688; x_wconf 89' lang='grc'>-</span> <span class='ocrx_word' id='word_1_118' title='bbox 367 1649 466 1700; x_wconf 89' lang='lat' dir='ltr'>torem</span> <span class='ocrx_word' id='word_1_119' title='bbox 485 1644 554 1698; x_wconf 83' lang='lat' dir='ltr'>cum</span> <span class='ocrx_word' id='word_1_120' title='bbox 570 1637 729 1718; x_wconf 82' lang='lat' dir='ltr'>expeditis,</span> <span class='ocrx_word' id='word_1_121' title='bbox 752 1645 784 1696; x_wconf 89' lang='lat' dir='ltr'>et</span> <span class='ocrx_word' id='word_1_122' title='bbox 798 1633 1053 1717; x_wconf 87' lang='lat' dir='ltr'>comprehendere</span> <span class='ocrx_word' id='word_1_123' title='bbox 1071 1634 1106 1695; x_wconf 95' lang='lat' dir='ltr'>ld</span> <span class='ocrx_word' id='word_1_124' title='bbox 1119 1653 1214 1714; x_wconf 82' lang='lat' dir='ltr'>genus</span> <span class='ocrx_word' id='word_1_125' title='bbox 1237 1632 1408 1707; x_wconf 89' lang='lat' dir='ltr'>hominum,</span> 
     </span>
     <span class='ocr_line' id='line_1_16' title="bbox 368 1717 1408 1805; baseline -0.008 -19"><span class='ocrx_word' id='word_1_126' title='bbox 368 1735 401 1786; x_wconf 93' lang='lat' dir='ltr'>ct</span> <span class='ocrx_word' id='word_1_127' title='bbox 424 1723 555 1786; x_wconf 88' lang='lat' dir='ltr'>vendere</span> <span class='ocrx_word' id='word_1_128' title='bbox 575 1721 643 1805; x_wconf 90' lang='lat' dir='ltr'>jure</span> <span class='ocrx_word' id='word_1_129' title='bbox 666 1722 772 1804; x_wconf 82' lang='lat' dir='ltr'>praedae</span> <span class='ocrx_word' id='word_1_130' title='bbox 795 1720 919 1804; x_wconf 88' lang='lat' dir='ltr'>placuit.</span> <span class='ocrx_word' id='word_1_131' title='bbox 972 1717 1065 1782; x_wconf 87' lang='lat' dir='ltr'>Multi</span> <span class='ocrx_word' id='word_1_132' title='bbox 1090 1719 1301 1802; x_wconf 86' lang='lat' dir='ltr'>comprehensi</span> <span class='ocrx_word' id='word_1_133' title='bbox 1324 1717 1408 1780; x_wconf 81' lang='lat' dir='ltr'>veni-</span> 
     </span>
     <span class='ocr_line' id='line_1_17' title="bbox 368 1804 1408 1892; baseline -0.009 -18"><span class='ocrx_word' id='word_1_134' title='bbox 368 1823 467 1874; x_wconf 88' lang='lat' dir='ltr'>erunt.</span> <span class='ocrx_word' id='word_1_135' title='bbox 481 1808 615 1892; x_wconf 86' lang='lat' dir='ltr'>porticus</span> <span class='ocrx_word' id='word_1_136' title='bbox 640 1829 679 1870; x_wconf 86' lang='lat' dir='ltr'>ex</span> <span class='ocrx_word' id='word_1_137' title='bbox 692 1829 730 1870; x_wconf 88' lang='lat' dir='ltr'>ea</span> <span class='ocrx_word' id='word_1_138' title='bbox 751 1808 881 1890; x_wconf 88' lang='lat' dir='ltr'>pecunia</span> <span class='ocrx_word' id='word_1_139' title='bbox 896 1804 1084 1888; x_wconf 75' lang='lat' dir='ltr'>Megalopoli</span> <span class='ocrx_word' id='word_1_140' title='bbox 1108 1806 1255 1888; x_wconf 90' lang='lat' dir='ltr'>permissu</span> <span class='ocrx_word' id='word_1_141' title='bbox 1277 1804 1408 1867; x_wconf 73' lang='lat' dir='ltr'>Achaeo-</span> 
     </span>
     <span class='ocr_line' id='line_1_18' title="bbox 367 1889 1408 1976; baseline -0.006 -18"><span class='ocrx_word' id='word_1_142' title='bbox 367 1896 575 1959; x_wconf 78' lang='lat' dir='ltr'>rum=relecta</span> <span class='ocrx_word' id='word_1_143' title='bbox 597 1908 655 1974; x_wconf 89' lang='lat' dir='ltr'>est,</span> <span class='ocrx_word' id='word_1_144' title='bbox 681 1915 771 1976; x_wconf 88' lang='lat' dir='ltr'>quam</span> <span class='ocrx_word' id='word_1_145' title='bbox 797 1891 1017 1956; x_wconf 82' lang='lat' dir='ltr'>Laeedaemonii</span> <span class='ocrx_word' id='word_1_146' title='bbox 1046 1893 1210 1954; x_wconf 89' lang='lat' dir='ltr'>diruerant.</span> <span class='ocrx_word' id='word_1_147' title='bbox 1264 1889 1306 1954; x_wconf 88' lang='lat' dir='ltr'>Et</span> <span class='ocrx_word' id='word_1_148' title='bbox 1338 1911 1408 1974; x_wconf 83' lang='lat' dir='ltr'>ager</span> 
     </span>
     <span class='ocr_line' id='line_1_19' title="bbox 367 1977 1407 2064; baseline -0.007 -19"><span class='ocrx_word' id='word_1_149' title='bbox 367 1981 542 2046; x_wconf 79' lang='lat' dir='ltr'>Belbinates</span> <span class='ocrx_word' id='word_1_150' title='bbox 553 1981 580 2058; x_wconf 81' lang='lat'>¹¹,</span> <span class='ocrx_word' id='word_1_151' title='bbox 606 2001 695 2062; x_wconf 88' lang='lat' dir='ltr'>quern</span> <span class='ocrx_word' id='word_1_152' title='bbox 718 1980 829 2062; x_wconf 88' lang='lat' dir='ltr'>injuria</span> <span class='ocrx_word' id='word_1_153' title='bbox 851 1980 970 2064; x_wconf 79' lang='lat' dir='ltr'><strong>tyranni</strong></span> <span class='ocrx_word' id='word_1_154' title='bbox 985 1977 1288 2040; x_wconf 68' lang='lat' dir='ltr'>Lacedaemoniorum</span> <span class='ocrx_word' id='word_1_155' title='bbox 1303 2000 1407 2062; x_wconf 78' lang='lat' dir='ltr'>posse·</span> 
     </span>
     <span class='ocr_line' id='line_1_20' title="bbox 340 2064 1406 2148; baseline -0.005 -16"><span class='ocrx_word' id='word_1_156' title='bbox 340 2077 344 2090; x_wconf 91' lang='grc'>’</span> <span class='ocrx_word' id='word_1_157' title='bbox 369 2070 487 2148; x_wconf 80' lang='lat' dir='ltr'>derunt,</span> <span class='ocrx_word' id='word_1_158' title='bbox 511 2069 667 2130; x_wconf 85' lang='lat' dir='ltr'>restitutus</span> <span class='ocrx_word' id='word_1_159' title='bbox 690 2068 789 2130; x_wconf 89' lang='lat' dir='ltr'>eidem</span> <span class='ocrx_word' id='word_1_160' title='bbox 814 2066 941 2144; x_wconf 81' lang='lat' dir='ltr'>civitati,</span> <span class='ocrx_word' id='word_1_161' title='bbox 955 2087 993 2128; x_wconf 88' lang='lat' dir='ltr'>ex</span> <span class='ocrx_word' id='word_1_162' title='bbox 1018 2065 1141 2128; x_wconf 88' lang='lat' dir='ltr'>decreto</span> <span class='ocrx_word' id='word_1_163' title='bbox 1155 2077 1257 2148; x_wconf 79' lang='lat' dir='ltr'>vetere</span> <span class='ocrx_word' id='word_1_164' title='bbox 1277 2064 1406 2127; x_wconf 77' lang='lat' dir='ltr'>Achaeo-</span> 
     </span>
     <span class='ocr_line' id='line_1_21' title="bbox 365 2145 1405 2238; baseline -0.004 -20"><span class='ocrx_word' id='word_1_165' title='bbox 365 2167 446 2234; x_wconf 83' lang='lat' dir='ltr'>tum,</span> <span class='ocrx_word' id='word_1_166' title='bbox 469 2154 552 2237; x_wconf 91' lang='lat' dir='ltr'>quod</span> <span class='ocrx_word' id='word_1_167' title='bbox 577 2153 691 2217; x_wconf 88' lang='lat' dir='ltr'>factum</span> <span class='ocrx_word' id='word_1_168' title='bbox 716 2166 792 2232; x_wconf 87' lang='lat' dir='ltr'>erat,</span> <span class='ocrx_word' id='word_1_169' title='bbox 821 2152 961 2238; x_wconf 92' lang='lat' dir='ltr'>Philippo</span> <span class='ocrx_word' id='word_1_170' title='bbox 991 2145 1130 2236; x_wconf 78' lang='lat' dir='ltr'><strong>Alnyntae</strong></span> <span class='ocrx_word' id='word_1_171' title='bbox 1155 2151 1220 2214; x_wconf 91' lang='lat' dir='ltr'>filio</span> <span class='ocrx_word' id='word_1_172' title='bbox 1250 2165 1405 2234; x_wconf 78' lang='lat' dir='ltr'>regnante.</span> 
     </span>
     <span class='ocr_line' id='line_1_22' title="bbox 369 2237 1406 2304; baseline -0.004 0"><span class='ocrx_word' id='word_1_173' title='bbox 369 2241 426 2304; x_wconf 89' lang='lat' dir='ltr'>Per</span> <span class='ocrx_word' id='word_1_174' title='bbox 440 2243 504 2304; x_wconf 83' lang='lat' dir='ltr'>haec</span> <span class='ocrx_word' id='word_1_175' title='bbox 518 2240 600 2304; x_wconf 88' lang='lat' dir='ltr'>velut</span> <span class='ocrx_word' id='word_1_176' title='bbox 620 2253 762 2303; x_wconf 88' lang='lat' dir='ltr'>enervata</span> <span class='ocrx_word' id='word_1_177' title='bbox 773 2240 878 2302; x_wconf 84' lang='lat' dir='ltr'>civitas</span> <span class='ocrx_word' id='word_1_178' title='bbox 900 2237 1200 2301; x_wconf 69' lang='lat' dir='ltr'>lacedemoniorum</span> <span class='ocrx_word' id='word_1_179' title='bbox 1215 2239 1268 2300; x_wconf 92' lang='lat' dir='ltr'>diu</span> <span class='ocrx_word' id='word_1_180' title='bbox 1288 2237 1406 2300; x_wconf 78' lang='lat' dir='ltr'>Achaeis</span> 
     </span>
     <span class='ocr_line' id='line_1_23' title="bbox 368 2325 1406 2407; baseline -0.005 -17"><span class='ocrx_word' id='word_1_181' title='bbox 368 2329 503 2392; x_wconf 82' lang='lat' dir='ltr'>obnoxia</span> <span class='ocrx_word' id='word_1_182' title='bbox 516 2327 680 2390; x_wconf 84' lang='lat' dir='ltr'>luitnulla</span> <span class='ocrx_word' id='word_1_183' title='bbox 694 2340 797 2390; x_wconf 89' lang='lat' dir='ltr'>tamen</span> <span class='ocrx_word' id='word_1_184' title='bbox 812 2347 859 2388; x_wconf 90' lang='lat' dir='ltr'>res</span> <span class='ocrx_word' id='word_1_185' title='bbox 874 2337 962 2387; x_wconf 90' lang='lat' dir='ltr'>tanto</span> <span class='ocrx_word' id='word_1_186' title='bbox 978 2336 1044 2387; x_wconf 89' lang='lat' dir='ltr'>erat</span> <span class='ocrx_word' id='word_1_187' title='bbox 1067 2326 1192 2402; x_wconf 84' lang='lat' dir='ltr'>damno,</span> <span class='ocrx_word' id='word_1_188' title='bbox 1208 2346 1300 2407; x_wconf 87' lang='lat' dir='ltr'>quarn</span> <span class='ocrx_word' id='word_1_189' title='bbox 1317 2325 1406 2386; x_wconf 91' lang='lat' dir='ltr'>disci-</span> 
     </span>
     <span class='ocr_line' id='line_1_24' title="bbox 369 2411 1405 2498; baseline -0.005 -20"><span class='ocrx_word' id='word_1_190' title='bbox 369 2416 454 2498; x_wconf 88' lang='lat' dir='ltr'>plina</span> <span class='ocrx_word' id='word_1_191' title='bbox 467 2413 606 2498; x_wconf 87' lang='lat' dir='ltr'>Lycurgi,</span> <span class='ocrx_word' id='word_1_192' title='bbox 622 2415 669 2476; x_wconf 93' lang='lat' dir='ltr'>cui</span> <span class='ocrx_word' id='word_1_193' title='bbox 694 2413 972 2498; x_wconf 87' lang='lat' dir='ltr'>per.septingehtos</span> <span class='ocrx_word' id='word_1_194' title='bbox 997 2433 1093 2474; x_wconf 85' lang='lat' dir='ltr'>annos</span> <span class='ocrx_word' id='word_1_195' title='bbox 1108 2411 1320 2492; x_wconf 86' lang='lat' dir='ltr'>adsueverant,</span> <span class='ocrx_word' id='word_1_196' title='bbox 1334 2412 1405 2474; x_wconf 88' lang='lat' dir='ltr'>sub·</span> 
     </span>
    </p>

    <p class='ocr_par' dir='ltr' id='par_1_3' title="bbox 293 2501 1408 3707">
     <span class='ocr_line' id='line_1_25' title="bbox 293 2501 443 2564; baseline 0 0"><span class='ocrx_word' id='word_1_197' title='bbox 293 2508 301 2523; x_wconf 82' lang='lat'><em>⁰</em></span> <span class='ocrx_word' id='word_1_198' title='bbox 371 2501 443 2564; x_wconf 88' lang='lat' dir='ltr'>lata.</span> 
     </span>
     <span class='ocr_line' id='line_1_26' title="bbox 412 2580 1408 2669; baseline -0.004 -19"><span class='ocrx_word' id='word_1_199' title='bbox 412 2580 545 2650; x_wconf 86' lang='lat' dir='ltr'><strong>XXXV.</strong></span> <span class='ocrx_word' id='word_1_200' title='bbox 579 2588 607 2650; x_wconf 91' lang='lat' dir='ltr'>A</span> <span class='ocrx_word' id='word_1_201' title='bbox 635 2587 776 2665; x_wconf 88' lang='lat' dir='ltr'>concilio,</span> <span class='ocrx_word' id='word_1_202' title='bbox 802 2586 854 2650; x_wconf 93' lang='lat' dir='ltr'>ubi</span> <span class='ocrx_word' id='word_1_203' title='bbox 885 2586 967 2669; x_wconf 90' lang='lat' dir='ltr'>apud</span> <span class='ocrx_word' id='word_1_204' title='bbox 993 2585 1149 2648; x_wconf 88' lang='lat' dir='ltr'>consulem</span> <span class='ocrx_word' id='word_1_205' title='bbox 1174 2586 1252 2648; x_wconf 91' lang='lat' dir='ltr'>inter</span> <span class='ocrx_word' id='word_1_206' title='bbox 1275 2585 1408 2648; x_wconf 85' lang='lat' dir='ltr'>Achaeos</span> 
     </span>
     <span class='ocr_line' id='line_1_27' title="bbox 305 2669 1404 2756; baseline -0.005 -19"><span class='ocrx_word' id='word_1_207' title='bbox 305 2710 308 2718; x_wconf 41' lang='grc' dir='ltr'>ν</span> <span class='ocrx_word' id='word_1_208' title='bbox 370 2672 674 2756; x_wconf 81' lang='lat' dir='ltr'>Lacedaemoniosquc</span> <span class='ocrx_word' id='word_1_209' title='bbox 700 2672 902 2756; x_wconf 83' lang='lat' dir='ltr'>disceptatum</span> <span class='ocrx_word' id='word_1_210' title='bbox 931 2683 989 2751; x_wconf 87' lang='lat' dir='ltr'>est,</span> <span class='ocrx_word' id='word_1_211' title='bbox 1015 2670 1062 2735; x_wconf 89' lang='lat' dir='ltr'>M.</span> <span class='ocrx_word' id='word_1_212' title='bbox 1089 2670 1217 2750; x_wconf 88' lang='lat' dir='ltr'>Fulvius,</span> <span class='ocrx_word' id='word_1_213' title='bbox 1241 2673 1313 2752; x_wconf 85' lang='lat' dir='ltr'>quia</span> <span class='ocrx_word' id='word_1_214' title='bbox 1335 2669 1404 2753; x_wconf 87' lang='lat' dir='ltr'>jam</span> 
     </span>
     <span class='ocr_line' id='line_1_28' title="bbox 370 2756 1403 2842; baseline -0.003 -20"><span class='ocrx_word' id='word_1_215' title='bbox 370 2761 402 2823; x_wconf 92' lang='lat' dir='ltr'><strong>in</strong></span> <span class='ocrx_word' id='word_1_216' title='bbox 413 2761 497 2822; x_wconf 82' lang='lat' dir='ltr'>exitu</span> <span class='ocrx_word' id='word_1_217' title='bbox 519 2779 614 2821; x_wconf 90' lang='lat' dir='ltr'>annus</span> <span class='ocrx_word' id='word_1_218' title='bbox 640 2772 716 2839; x_wconf 89' lang='lat' dir='ltr'>erat,</span> <span class='ocrx_word' id='word_1_219' title='bbox 741 2759 934 2822; x_wconf 88' lang='lat' dir='ltr'>comitiorum</span> <span class='ocrx_word' id='word_1_220' title='bbox 960 2779 1067 2820; x_wconf 88' lang='lat' dir='ltr'>caussa</span> <span class='ocrx_word' id='word_1_221' title='bbox 1086 2758 1233 2842; x_wconf 83' lang='lat' dir='ltr'>profectus</span> <span class='ocrx_word' id='word_1_222' title='bbox 1258 2756 1403 2835; x_wconf 86' lang='lat' dir='ltr'>Romam,</span> 
     </span>
     <span class='ocr_line' id='line_1_29' title="bbox 370 2841 1402 2910; baseline -0.005 0"><span class='ocrx_word' id='word_1_223' title='bbox 370 2847 483 2910; x_wconf 73' lang='lat' dir='ltr'>creavit</span> <span class='ocrx_word' id='word_1_224' title='bbox 507 2847 643 2909; x_wconf 80' lang='lat' dir='ltr'>consules</span> <span class='ocrx_word' id='word_1_225' title='bbox 658 2845 705 2909; x_wconf 92' lang='lat' dir='ltr'>M.</span> <span class='ocrx_word' id='word_1_226' title='bbox 718 2844 874 2908; x_wconf 89' lang='lat' dir='ltr'>Valerium</span> <span class='ocrx_word' id='word_1_227' title='bbox 894 2843 1071 2907; x_wconf 88' lang='lat' dir='ltr'>Messallam</span> <span class='ocrx_word' id='word_1_228' title='bbox 1094 2857 1127 2907; x_wconf 89' lang='lat' dir='ltr'>et</span> <span class='ocrx_word' id='word_1_229' title='bbox 1142 2843 1176 2906; x_wconf 89' lang='lat' dir='ltr'>C.</span> <span class='ocrx_word' id='word_1_230' title='bbox 1189 2843 1303 2907; x_wconf 73' lang='lat' dir='ltr'>litium</span> <span class='ocrx_word' id='word_1_231' title='bbox 1318 2841 1402 2906; x_wconf 82' lang='lat' dir='ltr'>Sali-</span> 
     </span>
     <span class='ocr_line' id='line_1_30' title="bbox 369 2929 1407 3015; baseline -0.004 -20"><span class='ocrx_word' id='word_1_232' title='bbox 369 2944 519 3010; x_wconf 87' lang='lat' dir='ltr'>natorem,</span> <span class='ocrx_word' id='word_1_233' title='bbox 541 2930 705 3014; x_wconf 85' lang='lat' dir='ltr'>quum-M.</span> <span class='ocrx_word' id='word_1_234' title='bbox 719 2929 878 2994; x_wconf 86' lang='lat' dir='ltr'>AEmilium</span> <span class='ocrx_word' id='word_1_235' title='bbox 902 2931 1050 3015; x_wconf 83' lang='lat' dir='ltr'>Lepidum</span> <span class='ocrx_word' id='word_1_236' title='bbox 1076 2932 1240 3010; x_wconf 90' lang='lat' dir='ltr'>inimicum,</span> <span class='ocrx_word' id='word_1_237' title='bbox 1264 2953 1302 2992; x_wconf 92' lang='lat' dir='ltr'>eo</span> <span class='ocrx_word' id='word_1_238' title='bbox 1328 2951 1407 3011; x_wconf 91' lang='lat' dir='ltr'>quo-</span> 
     </span>
     <span class='ocr_line' id='line_1_31' title="bbox 370 3016 1407 3103; baseline -0.003 -23"><span class='ocrx_word' id='word_1_239' title='bbox 370 3039 429 3100; x_wconf 91' lang='lat' dir='ltr'>que</span> <span class='ocrx_word' id='word_1_240' title='bbox 459 3040 538 3080; x_wconf 90' lang='lat' dir='ltr'>anuo</span> <span class='ocrx_word' id='word_1_241' title='bbox 569 3030 734 3103; x_wconf 92' lang='lat' dir='ltr'>petentem,</span> <span class='ocrx_word' id='word_1_242' title='bbox 760 3017 929 3100; x_wconf 89' lang='lat' dir='ltr'>dejecisset.</span> <span class='ocrx_word' id='word_1_243' title='bbox 984 3017 1126 3081; x_wconf 81' lang='lat' dir='ltr'>Praetores</span> <span class='ocrx_word' id='word_1_244' title='bbox 1153 3019 1224 3080; x_wconf 89' lang='lat' dir='ltr'>inde</span> <span class='ocrx_word' id='word_1_245' title='bbox 1248 3019 1343 3079; x_wconf 90' lang='lat' dir='ltr'>creati</span> <span class='ocrx_word' id='word_1_246' title='bbox 1366 3016 1407 3088; x_wconf 87' lang='lat' dir='ltr'>Q.</span> 
     </span>
     <span class='ocr_line' id='line_1_32' title="bbox 370 3101 1408 3189; baseline -0.002 -23"><span class='ocrx_word' id='word_1_247' title='bbox 370 3103 505 3168; x_wconf 87' lang='lat' dir='ltr'>Marcius</span> <span class='ocrx_word' id='word_1_248' title='bbox 535 3103 701 3189; x_wconf 90' lang='lat' dir='ltr'>Philippus,</span> <span class='ocrx_word' id='word_1_249' title='bbox 730 3104 777 3167; x_wconf 92' lang='lat' dir='ltr'>M.</span> <span class='ocrx_word' id='word_1_250' title='bbox 801 3103 944 3167; x_wconf 88' lang='lat' dir='ltr'>Claudius</span> <span class='ocrx_word' id='word_1_251' title='bbox 970 3103 1145 3182; x_wconf 88' lang='lat' dir='ltr'>Marcellus,</span> <span class='ocrx_word' id='word_1_252' title='bbox 1175 3104 1211 3167; x_wconf 92' lang='lat' dir='ltr'>C.</span> <span class='ocrx_word' id='word_1_253' title='bbox 1235 3101 1408 3181; x_wconf 86' lang='lat' dir='ltr'>Stertinius,</span> 
     </span>
     <span class='ocr_line' id='line_1_33' title="bbox 369 3189 1408 3270; baseline -0.002 -17"><span class='ocrx_word' id='word_1_254' title='bbox 369 3190 407 3253; x_wconf 88' lang='lat' dir='ltr'>C.</span> <span class='ocrx_word' id='word_1_255' title='bbox 437 3191 569 3270; x_wconf 84' lang='lat' dir='ltr'>Atinius,</span> <span class='ocrx_word' id='word_1_256' title='bbox 607 3191 639 3254; x_wconf 90' lang='lat' dir='ltr'>P.</span> <span class='ocrx_word' id='word_1_257' title='bbox 668 3190 811 3255; x_wconf 89' lang='lat' dir='ltr'>Claudius</span> <span class='ocrx_word' id='word_1_258' title='bbox 845 3190 983 3269; x_wconf 88' lang='lat' dir='ltr'>Pulcher,</span> <span class='ocrx_word' id='word_1_259' title='bbox 1015 3190 1050 3253; x_wconf 90' lang='lat' dir='ltr'>L.</span> <span class='ocrx_word' id='word_1_260' title='bbox 1080 3190 1217 3254; x_wconf 88' lang='lat' dir='ltr'>Manlius</span> <span class='ocrx_word' id='word_1_261' title='bbox 1251 3189 1408 3254; x_wconf 85' lang='lat' dir='ltr'>Acidinus.</span> 
     </span>
     <span class='ocr_line' id='line_1_34' title="bbox 369 3275 1406 3361; baseline 0 -23"><span class='ocrx_word' id='word_1_262' title='bbox 369 3277 509 3340; x_wconf 86' lang='lat' dir='ltr'>Comitiis</span> <span class='ocrx_word' id='word_1_263' title='bbox 535 3278 677 3360; x_wconf 85' lang='lat' dir='ltr'>perfectis</span> <span class='ocrx_word' id='word_1_264' title='bbox 702 3275 859 3340; x_wconf 87' lang='lat' dir='ltr'>consulcm&#39;</span> <span class='ocrx_word' id='word_1_265' title='bbox 880 3275 927 3340; x_wconf 92' lang='lat' dir='ltr'>M.</span> <span class='ocrx_word' id='word_1_266' title='bbox 941 3277 1077 3340; x_wconf 85' lang='lat' dir='ltr'>Fulvium</span> <span class='ocrx_word' id='word_1_267' title='bbox 1100 3279 1132 3339; x_wconf 93' lang='lat' dir='ltr'><strong>in</strong></span> <span class='ocrx_word' id='word_1_268' title='bbox 1157 3277 1345 3361; x_wconf 87' lang='lat' dir='ltr'>provinciam</span> <span class='ocrx_word' id='word_1_269' title='bbox 1367 3277 1406 3338; x_wconf 88' lang='lat' dir='ltr'>ad</span> 
     </span>
     <span class='ocr_line' id='line_1_35' title="bbox 370 3361 1404 3446; baseline -0.004 -20"><span class='ocrx_word' id='word_1_270' title='bbox 370 3366 538 3426; x_wconf 83' lang='lat' dir='ltr'>exercitum</span> <span class='ocrx_word' id='word_1_271' title='bbox 567 3365 663 3444; x_wconf 89' lang='lat' dir='ltr'>redire</span> <span class='ocrx_word' id='word_1_272' title='bbox 693 3365 827 3446; x_wconf 83' lang='lat' dir='ltr'>placuit3</span> <span class='ocrx_word' id='word_1_273' title='bbox 865 3365 951 3445; x_wconf 88' lang='lat' dir='ltr'>eique</span> <span class='ocrx_word' id='word_1_274' title='bbox 982 3376 1014 3426; x_wconf 91' lang='lat' dir='ltr'>et</span> <span class='ocrx_word' id='word_1_275' title='bbox 1042 3364 1167 3446; x_wconf 82' lang='lat' dir='ltr'>collegae</span> <span class='ocrx_word' id='word_1_276' title='bbox 1197 3362 1257 3427; x_wconf 91' lang='lat' dir='ltr'><strong>Cn.</strong></span> <span class='ocrx_word' id='word_1_277' title='bbox 1287 3361 1404 3424; x_wconf 90' lang='lat' dir='ltr'>Manlio</span> 
     </span>
     <span class='ocr_line' id='line_1_36' title="bbox 369 3449 1404 3534; baseline -0.001 -23"><span class='ocrx_word' id='word_1_278' title='bbox 369 3449 529 3532; x_wconf 89' lang='lat' dir='ltr'>imperium</span> <span class='ocrx_word' id='word_1_279' title='bbox 553 3453 584 3512; x_wconf 92' lang='lat' dir='ltr'>in</span> <span class='ocrx_word' id='word_1_280' title='bbox 608 3461 722 3513; x_wconf 89' lang='lat' dir='ltr'>annum</span> <span class='ocrx_word' id='word_1_281' title='bbox 744 3462 938 3534; x_wconf 79' lang='lat' dir='ltr'>prorogatum</span> <span class='ocrx_word' id='word_1_282' title='bbox 963 3463 1019 3514; x_wconf 92' lang='lat' dir='ltr'>est.</span> <span class='ocrx_word' id='word_1_283' title='bbox 1073 3449 1120 3512; x_wconf 86' lang='lat' dir='ltr'>Eo</span> <span class='ocrx_word' id='word_1_284' title='bbox 1147 3471 1229 3513; x_wconf 85' lang='lat' dir='ltr'>nuno</span> <span class='ocrx_word' id='word_1_285' title='bbox 1255 3453 1288 3512; x_wconf 93' lang='lat' dir='ltr'>in</span> <span class='ocrx_word' id='word_1_286' title='bbox 1312 3449 1404 3510; x_wconf 84' lang='lat' dir='ltr'>aedem</span> 
     </span>
     <span class='ocr_line' id='line_1_37' title="bbox 370 3534 1405 3621; baseline 0 -23"><span class='ocrx_word' id='word_1_287' title='bbox 370 3534 514 3598; x_wconf 88' lang='lat' dir='ltr'>Herculis</span> <span class='ocrx_word' id='word_1_288' title='bbox 535 3538 658 3618; x_wconf 64' lang='lat' dir='ltr'>‘signum</span> <span class='ocrx_word' id='word_1_289' title='bbox 683 3536 741 3599; x_wconf 90' lang='lat' dir='ltr'>Dei</span> <span class='ocrx_word' id='word_1_290' title='bbox 764 3539 855 3621; x_wconf 86' lang='lat' dir='ltr'>ipsius</span> <span class='ocrx_word' id='word_1_291' title='bbox 878 3559 917 3600; x_wconf 82' lang='lat' dir='ltr'>ex</span> <span class='ocrx_word' id='word_1_292' title='bbox 933 3537 1170 3600; x_wconf 87' lang='lat' dir='ltr'>decemvirorum</span> <span class='ocrx_word' id='word_1_293' title='bbox 1197 3557 1353 3620; x_wconf 86' lang='lat' dir='ltr'>responso,</span> <span class='ocrx_word' id='word_1_294' title='bbox 1374 3547 1405 3598; x_wconf 91' lang='lat' dir='ltr'>et</span> 
     </span>
     <span class='ocr_line' id='line_1_38' title="bbox 369 3621 1407 3707; baseline 0 -23"><span class='ocrx_word' id='word_1_295' title='bbox 369 3621 488 3706; x_wconf 80' lang='lat' dir='ltr'>sejugas</span> <span class='ocrx_word' id='word_1_296' title='bbox 504 3623 534 3685; x_wconf 95' lang='lat' dir='ltr'>in</span> <span class='ocrx_word' id='word_1_297' title='bbox 555 3622 707 3707; x_wconf 86' lang='lat' dir='ltr'>Capitolio</span> <span class='ocrx_word' id='word_1_298' title='bbox 722 3624 819 3687; x_wconf 88' lang='lat' dir='ltr'>aurati</span> <span class='ocrx_word' id='word_1_299' title='bbox 839 3646 858 3686; x_wconf 89' lang='lat' dir='ltr'>a</span> <span class='ocrx_word' id='word_1_300' title='bbox 879 3623 911 3686; x_wconf 91' lang='lat' dir='ltr'>P.</span> <span class='ocrx_word' id='word_1_301' title='bbox 927 3623 1069 3686; x_wconf 84' lang='lat' dir='ltr'>Cornelio</span> <span class='ocrx_word' id='word_1_302' title='bbox 1084 3623 1188 3707; x_wconf 90' lang='lat' dir='ltr'>positi.</span> <span class='ocrx_word' id='word_1_303' title='bbox 1221 3623 1407 3686; x_wconf 80' lang='lat' dir='ltr'>¹⁸consulem</span> 
     </span>
    </p>
   </div>
   <div class='ocr_carea' id='block_1_3' title="bbox 731 3725 1044 3790">
    <p class='ocr_par' dir='ltr' id='par_1_4' title="bbox 731 3725 1044 3790">
     <span class='ocr_line' id='line_1_39' title="bbox 731 3725 1044 3790; baseline 0.013 -4"><span class='ocrx_word' id='word_1_304' title='bbox 731 3738 743 3773; x_wconf 82' lang='lat'>¹¹</span> <span class='ocrx_word' id='word_1_305' title='bbox 758 3725 875 3788; x_wconf 77' lang='lat' dir='ltr'>Belbinitcs</span> <span class='ocrx_word' id='word_1_306' title='bbox 886 3737 958 3788; x_wconf 87' lang='lat' dir='ltr'>Gron.</span> <span class='ocrx_word' id='word_1_307' title='bbox 976 3741 1044 3790; x_wconf 78' lang='lat' dir='ltr'>Creu.</span> 
     </span>
    </p>
   </div>
   <div class='ocr_carea' id='block_1_4' title="bbox 367 3825 1529 4548">
    <p class='ocr_par' dir='ltr' id='par_1_5' title="bbox 367 3825 1529 4548">
     <span class='ocr_line' id='line_1_40' title="bbox 381 3825 1413 3894; baseline 0 -18"><span class='ocrx_word' id='word_1_308' title='bbox 381 3825 424 3880; x_wconf 65' lang='lat'>,¹⁶</span> <span class='ocrx_word' id='word_1_309' title='bbox 451 3827 516 3877; x_wconf 80' lang='lat' dir='ltr'>Nihil</span> <span class='ocrx_word' id='word_1_310' title='bbox 535 3830 665 3878; x_wconf 83' lang='lat' dir='ltr'>obedientius</span> <span class='ocrx_word' id='word_1_311' title='bbox 675 3828 789 3894; x_wconf 69' lang='lat' dir='ltr'>fecererat,</span> <span class='ocrx_word' id='word_1_312' title='bbox 809 3847 890 3892; x_wconf 20' lang='lat' dir='ltr'>quam,</span> <span class='ocrx_word' id='word_1_313' title='bbox 906 3831 992 3886; x_wconf 79' lang='lat' dir='ltr'>caudis,</span> <span class='ocrx_word' id='word_1_314' title='bbox 1027 3833 1208 3884; x_wconf 82' lang='lat' dir='ltr'>monumentisse</span> <span class='ocrx_word' id='word_1_315' title='bbox 1246 3831 1413 3886; x_wconf 71' lang='lat' dir='ltr'>consecrantis,</span> 
     </span>
     <span class='ocr_line' id='line_1_41' title="bbox 368 3893 1411 3961; baseline 0 -17"><span class='ocrx_word' id='word_1_316' title='bbox 368 3903 397 3944; x_wconf 82' lang='lat' dir='ltr'>ut</span> <span class='ocrx_word' id='word_1_317' title='bbox 410 3909 481 3942; x_wconf 80' lang='lat' dir='ltr'>murus</span> <span class='ocrx_word' id='word_1_318' title='bbox 495 3895 618 3958; x_wconf 78' lang='lat' dir='ltr'>diruerent]</span> <span class='ocrx_word' id='word_1_319' title='bbox 635 3893 697 3943; x_wconf 74' lang='lat' dir='ltr'>ouis</span> <span class='ocrx_word' id='word_1_320' title='bbox 714 3911 797 3961; x_wconf 88' lang='lat' dir='ltr'>nempe</span> <span class='ocrx_word' id='word_1_321' title='bbox 814 3895 875 3942; x_wconf 88' lang='lat' dir='ltr'>muri</span> <span class='ocrx_word' id='word_1_322' title='bbox 905 3894 1016 3944; x_wconf 87' lang='lat' dir='ltr'>honorum</span> <span class='ocrx_word' id='word_1_323' title='bbox 1037 3913 1092 3960; x_wconf 88' lang='lat' dir='ltr'>quos</span> <span class='ocrx_word' id='word_1_324' title='bbox 1102 3899 1230 3958; x_wconf 77' lang='lat' dir='ltr'>gessissent,</span> <span class='ocrx_word' id='word_1_325' title='bbox 1242 3914 1269 3944; x_wconf 82' lang='lat' dir='ltr'>se</span> <span class='ocrx_word' id='word_1_326' title='bbox 1285 3895 1411 3961; x_wconf 69' lang='lat' dir='ltr'>pmsettim</span> 
     </span>
     <span class='ocr_line' id='line_1_42' title="bbox 368 3960 1413 4026; baseline 0.002 -19"><span class='ocrx_word' id='word_1_327' title='bbox 368 3976 381 4007; x_wconf 81' lang='lat' dir='ltr'>s</span> <span class='ocrx_word' id='word_1_328' title='bbox 413 3960 515 4023; x_wconf 83' lang='lat' dir='ltr'>tyrannis</span> <span class='ocrx_word' id='word_1_329' title='bbox 542 3962 660 4017; x_wconf 85' lang='lat' dir='ltr'>exstructi,</span> <span class='ocrx_word' id='word_1_330' title='bbox 686 3961 789 4026; x_wconf 82' lang='lat' dir='ltr'>deformes</span> <span class='ocrx_word' id='word_1_331' title='bbox 814 3962 875 4009; x_wconf 75' lang='lat' dir='ltr'>veltet</span> <span class='ocrx_word' id='word_1_332' title='bbox 905 3961 1034 4010; x_wconf 78' lang='lat' dir='ltr'>cumulatus</span> <span class='ocrx_word' id='word_1_333' title='bbox 1058 3963 1199 4012; x_wconf 85' lang='lat' dir='ltr'>mentionem</span> <span class='ocrx_word' id='word_1_334' title='bbox 1217 3963 1329 4019; x_wconf 70' lang='lat' dir='ltr'>lenaeus,</span> <span class='ocrx_word' id='word_1_335' title='bbox 1349 3975 1413 4009; x_wconf 77' lang='lat' dir='ltr'>sese·</span> 
     </span>
     <span class='ocr_line' id='line_1_43' title="bbox 369 4026 1414 4089; baseline 0.004 -17"><span class='ocrx_word' id='word_1_336' title='bbox 369 4026 478 4072; x_wconf 74' lang='lat' dir='ltr'>cicatrices</span> <span class='ocrx_word' id='word_1_337' title='bbox 502 4026 596 4086; x_wconf 79' lang='lat' dir='ltr'>ipsumm</span> <span class='ocrx_word' id='word_1_338' title='bbox 619 4026 729 4074; x_wconf 81' lang='lat' dir='ltr'>seruitutis</span> <span class='ocrx_word' id='word_1_339' title='bbox 751 4035 823 4082; x_wconf 79' lang='lat' dir='ltr'>eruut,</span> <span class='ocrx_word' id='word_1_340' title='bbox 846 4037 874 4074; x_wconf 92' lang='lat' dir='ltr'>ut</span> <span class='ocrx_word' id='word_1_341' title='bbox 906 4041 951 4089; x_wconf 89' lang='lat' dir='ltr'>que</span> <span class='ocrx_word' id='word_1_342' title='bbox 968 4027 1141 4088; x_wconf 64' lang='lat' dir='ltr'>consulesne.</span> <span class='ocrx_word' id='word_1_343' title='bbox 1157 4029 1315 4085; x_wconf 82' lang='lat' dir='ltr'>inscriberent,</span> <span class='ocrx_word' id='word_1_344' title='bbox 1333 4043 1414 4089; x_wconf 65' lang='lat' dir='ltr'>qum</span> 
     </span>
     <span class='ocr_line' id='line_1_44' title="bbox 368 4088 1529 4158; baseline 0.003 -22"><span class='ocrx_word' id='word_1_345' title='bbox 368 4088 471 4150; x_wconf 88' lang='lat' dir='ltr'>loquitur</span> <span class='ocrx_word' id='word_1_346' title='bbox 482 4089 597 4153; x_wconf 69' lang='lat' dir='ltr'>Lycortas,</span> <span class='ocrx_word' id='word_1_347' title='bbox 607 4091 666 4139; x_wconf 84' lang='lat' dir='ltr'>insrs</span> <span class='ocrx_word' id='word_1_348' title='bbox 675 4090 691 4136; x_wconf 94' lang='lat' dir='ltr'>l.</span> <span class='ocrx_word' id='word_1_349' title='bbox 703 4103 797 4140; x_wconf 74' lang='lat' dir='ltr'>xxxix.</span> <span class='ocrx_word' id='word_1_350' title='bbox 806 4108 828 4138; x_wconf 81' lang='lat' dir='ltr'>s.</span> <span class='ocrx_word' id='word_1_351' title='bbox 836 4093 875 4142; x_wconf 81' lang='lat'>37.</span> <span class='ocrx_word' id='word_1_352' title='bbox 907 4093 941 4140; x_wconf 85' lang='lat' dir='ltr'>ris</span> <span class='ocrx_word' id='word_1_353' title='bbox 968 4093 1097 4143; x_wconf 78' lang='lat' dir='ltr'>consulatus</span> <span class='ocrx_word' id='word_1_354' title='bbox 1122 4106 1213 4158; x_wconf 87' lang='lat' dir='ltr'>tempus</span> <span class='ocrx_word' id='word_1_355' title='bbox 1234 4105 1284 4142; x_wconf 89' lang='lat' dir='ltr'>turn</span> <span class='ocrx_word' id='word_1_356' title='bbox 1305 4106 1414 4140; x_wconf 74' lang='lat' dir='ltr'>emotum</span> <span class='ocrx_word' id='word_1_357' title='bbox 1528 4127 1529 4152; x_wconf 57' lang='lat'>,</span> 
     </span>
     <span class='ocr_line' id='line_1_45' title="bbox 368 4151 1417 4222; baseline 0.006 -24"><span class='ocrx_word' id='word_1_358' title='bbox 368 4151 422 4200; x_wconf 91' lang='lat' dir='ltr'>Vid.</span> <span class='ocrx_word' id='word_1_359' title='bbox 432 4153 463 4202; x_wconf 91' lang='lat' dir='ltr'>ibi</span> <span class='ocrx_word' id='word_1_360' title='bbox 474 4167 522 4204; x_wconf 85' lang='lat' dir='ltr'>not.</span> <span class='ocrx_word' id='word_1_361' title='bbox 533 4166 557 4202; x_wconf 91' lang='lat' dir='ltr'>et</span> <span class='ocrx_word' id='word_1_362' title='bbox 575 4157 675 4204; x_wconf 80' lang='lat' dir='ltr'>not.31.</span> <span class='ocrx_word' id='word_1_363' title='bbox 687 4157 715 4202; x_wconf 84' lang='lat' dir='ltr'>sd</span> <span class='ocrx_word' id='word_1_364' title='bbox 729 4168 823 4206; x_wconf 79' lang='lat' dir='ltr'>xxxiv,</span> <span class='ocrx_word' id='word_1_365' title='bbox 834 4159 874 4206; x_wconf 82' lang='grc'>38.</span> <span class='ocrx_word' id='word_1_366' title='bbox 907 4169 978 4214; x_wconf 85' lang='lat' dir='ltr'>esset,</span> <span class='ocrx_word' id='word_1_367' title='bbox 996 4174 1066 4222; x_wconf 89' lang='lat' dir='ltr'>quum</span> <span class='ocrx_word' id='word_1_368' title='bbox 1087 4157 1126 4206; x_wconf 89' lang='lat' dir='ltr'>ille</span> <span class='ocrx_word' id='word_1_369' title='bbox 1144 4162 1225 4208; x_wconf 84' lang='lat' dir='ltr'>riuilus</span> <span class='ocrx_word' id='word_1_370' title='bbox 1241 4159 1417 4207; x_wconf 81' lang='lat' dir='ltr'>inscriberetur.</span> 
     </span>
     <span class='ocr_line' id='line_1_46' title="bbox 368 4221 1417 4288; baseline 0.005 -21"><span class='ocrx_word' id='word_1_371' title='bbox 368 4231 443 4281; x_wconf 83' lang='lat' dir='ltr'>supra.</span> <span class='ocrx_word' id='word_1_372' title='bbox 906 4221 934 4270; x_wconf 91' lang='lat' dir='ltr'>ld</span> <span class='ocrx_word' id='word_1_373' title='bbox 945 4223 1028 4273; x_wconf 81' lang='lat' dir='ltr'>inuicte</span> <span class='ocrx_word' id='word_1_374' title='bbox 1038 4223 1119 4288; x_wconf 79' lang='lat' dir='ltr'>probet</span> <span class='ocrx_word' id='word_1_375' title='bbox 1132 4223 1275 4282; x_wconf 80' lang='lat' dir='ltr'>Perizonius,</span> <span class='ocrx_word' id='word_1_376' title='bbox 1291 4224 1417 4272; x_wconf 75' lang='lat' dir='ltr'>Animadv-</span> 
     </span>
     <span class='ocr_line' id='line_1_47' title="bbox 405 4281 1413 4351; baseline 0.004 -20"><span class='ocrx_word' id='word_1_377' title='bbox 405 4281 423 4318; x_wconf 82' lang='lat'>¹⁷</span> <span class='ocrx_word' id='word_1_378' title='bbox 440 4281 512 4337; x_wconf 72' lang='lat' dir='ltr'>‘Qus&#39;</span> <span class='ocrx_word' id='word_1_379' title='bbox 537 4303 552 4332; x_wconf 84' lang='lat' dir='ltr'>a</span> <span class='ocrx_word' id='word_1_380' title='bbox 573 4287 674 4349; x_wconf 70' lang='lat' dir='ltr'>tyrocinii</span> <span class='ocrx_word' id='word_1_381' title='bbox 693 4287 778 4334; x_wconf 74' lang='lat' dir='ltr'>literati</span> <span class='ocrx_word' id='word_1_382' title='bbox 798 4284 882 4351; x_wconf 64' lang='lat' dir='ltr'>eruut]</span> <span class='ocrx_word' id='word_1_383' title='bbox 908 4287 1038 4340; x_wconf 72' lang='lat' dir='ltr'>Histoi.</span> <span class='ocrx_word' id='word_1_384' title='bbox 1055 4290 1202 4350; x_wconf 64' lang='lat' dir='ltr'>tricastino</span> <span class='ocrx_word' id='word_1_385' title='bbox 1221 4292 1297 4338; x_wconf 76' lang='lat' dir='ltr'>liuius</span> <span class='ocrx_word' id='word_1_386' title='bbox 1314 4287 1353 4336; x_wconf 87' lang='lat' dir='ltr'>hic</span> <span class='ocrx_word' id='word_1_387' title='bbox 1370 4289 1413 4335; x_wconf 88' lang='lat' dir='ltr'>du-</span> 
     </span>
     <span class='ocr_line' id='line_1_48' title="bbox 370 4343 1420 4418; baseline 0.005 -23"><span class='ocrx_word' id='word_1_388' title='bbox 370 4343 451 4396; x_wconf 82' lang='lat' dir='ltr'>Servos</span> <span class='ocrx_word' id='word_1_389' title='bbox 461 4365 474 4395; x_wconf 88' lang='lat' dir='ltr'>a</span> <span class='ocrx_word' id='word_1_390' title='bbox 484 4349 587 4412; x_wconf 84' lang='lat' dir='ltr'>tyrannis</span> <span class='ocrx_word' id='word_1_391' title='bbox 595 4351 700 4399; x_wconf 76' lang='lat' dir='ltr'>libertate</span> <span class='ocrx_word' id='word_1_392' title='bbox 709 4353 811 4418; x_wconf 77' lang='lat' dir='ltr'>donatos.</span> <span class='ocrx_word' id='word_1_393' title='bbox 907 4353 980 4414; x_wconf 80' lang='lat' dir='ltr'>bitere</span> <span class='ocrx_word' id='word_1_394' title='bbox 990 4355 1109 4415; x_wconf 84' lang='lat' dir='ltr'>uideatur;</span> <span class='ocrx_word' id='word_1_395' title='bbox 1127 4355 1154 4405; x_wconf 85' lang='lat' dir='ltr'>P.</span> <span class='ocrx_word' id='word_1_396' title='bbox 1167 4356 1288 4404; x_wconf 86' lang='lat' dir='ltr'>Cornelius</span> <span class='ocrx_word' id='word_1_397' title='bbox 1305 4353 1363 4401; x_wconf 87' lang='lat' dir='ltr'>dum</span> <span class='ocrx_word' id='word_1_398' title='bbox 1379 4354 1420 4400; x_wconf 84' lang='lat' dir='ltr'><strong>in·.</strong></span> 
     </span>
     <span class='ocr_line' id='line_1_49' title="bbox 405 4409 1414 4484; baseline 0.01 -26"><span class='ocrx_word' id='word_1_399' title='bbox 405 4409 425 4444; x_wconf 76' lang='lat'>¹⁸</span> <span class='ocrx_word' id='word_1_400' title='bbox 449 4412 562 4470; x_wconf 73' lang='lat' dir='ltr'>Cmsnrlem</span> <span class='ocrx_word' id='word_1_401' title='bbox 583 4417 664 4463; x_wconf 79' lang='lat' dir='ltr'>dedisse</span> <span class='ocrx_word' id='word_1_402' title='bbox 682 4418 811 4478; x_wconf 77' lang='lat' dir='ltr'>inscriptum</span> <span class='ocrx_word' id='word_1_403' title='bbox 831 4415 872 4477; x_wconf 84' lang='lat' dir='ltr'>est]</span> <span class='ocrx_word' id='word_1_404' title='bbox 905 4419 992 4482; x_wconf 82' lang='lat' dir='ltr'>scripsit</span> <span class='ocrx_word' id='word_1_405' title='bbox 1013 4436 1038 4468; x_wconf 87' lang='lat' dir='ltr'>sc</span> <span class='ocrx_word' id='word_1_406' title='bbox 1059 4420 1174 4469; x_wconf 87' lang='lat' dir='ltr'>consulem</span> <span class='ocrx_word' id='word_1_407' title='bbox 1198 4419 1289 4484; x_wconf 79' lang='lat' dir='ltr'>seiuges</span> <span class='ocrx_word' id='word_1_408' title='bbox 1315 4419 1414 4479; x_wconf 77' lang='lat' dir='ltr'>dedisse,</span> 
     </span>
     <span class='ocr_line' id='line_1_50' title="bbox 367 4472 1415 4548; baseline 0.011 -24"><span class='ocrx_word' id='word_1_409' title='bbox 367 4472 425 4541; x_wconf 79' lang='lat' dir='ltr'>llius</span> <span class='ocrx_word' id='word_1_410' title='bbox 435 4473 637 4538; x_wconf 69' lang='lat' dir='ltr'>insisteremus</span> <span class='ocrx_word' id='word_1_411' title='bbox 658 4481 796 4532; x_wconf 85' lang='lat' dir='ltr'>indonsuiis</span> <span class='ocrx_word' id='word_1_412' title='bbox 811 4483 875 4534; x_wconf 85' lang='lat' dir='ltr'>dedi-</span> <span class='ocrx_word' id='word_1_413' title='bbox 904 4485 1027 4548; x_wconf 79' lang='lat' dir='ltr'>significare</span> <span class='ocrx_word' id='word_1_414' title='bbox 1056 4498 1147 4536; x_wconf 76' lang='lat' dir='ltr'>nutum</span> <span class='ocrx_word' id='word_1_415' title='bbox 1172 4485 1245 4536; x_wconf 84' lang='lat' dir='ltr'>soluit</span> <span class='ocrx_word' id='word_1_416' title='bbox 1271 4501 1298 4536; x_wconf 85' lang='lat' dir='ltr'>ss</span> <span class='ocrx_word' id='word_1_417' title='bbox 1324 4486 1415 4536; x_wconf 74' lang='lat' dir='ltr'>nonus</span> 
     </span>
    </p>
   </div>
   <div class='ocr_carea' id='block_1_5' title="bbox 0 0 1538 5186">
    <p class='ocr_par' dir='ltr' id='par_1_6' title="bbox 0 0 1538 5186">
     <span class='ocr_line' id='line_1_51' title="bbox 0 0 1538 5186; baseline 0 1"><span class='ocrx_word' id='word_1_418' title='bbox 0 0 1538 5186; x_wconf 95' lang='lat' dir='ltr'> </span> 
     </span>
    </p>
   </div>
  </div>
 </body>
</html>
