3080 5196
432 355 509 419 LlB.
527 351 665 418 XXXVI.
683 353 766 422 CAP·
780 355 846 416 XL.
1085 365 1143 422 269

114 555 116 562 ·
147 505 293 574 XXXIX.
317 509 342 552 ¹⁴
352 506 409 574 Per
433 514 554 576 eosdem
582 511 647 576 dies
669 509 716 574 M.
727 509 848 574 Fulvius
869 507 1069 574 Nobilior'ex
1095 513 1142 575 ul·
1156 497 1300 616 Ἄθω·

108 599 211 661 teriora
226 595 378 681 Hispania
403 621 495 662 ovans
517 601 623 662 urbem
650 611 697 661 cst
722 600 884 680 ingressus.
910 594 1027 680 argenti
1043 610 1143 660 trans·
1200 565 1230 616 θ’
1243 566 1298 617 ¹⁹¹⁰

107 686 172 748 tulit
196 684 356 746 duodecim
382 685 479 747 millia
500 686 625 769 pondo:
653 685 749 766 bigati
773 686 890 767 argenti
913 694 1061 746 centumy
1087 686 1142 747 tri-

106 770 206 852 ginta:
233 771 297 832 auri
324 782 446 833 centum
470 773 578 853 viginti
609 781 726 854 septem
752 770 885 853 pondo.¹
936 768 969 833 P.
986 769 1143 832 Cornelius

106 856 207 918 consul
223 857 333 938 primo,
347 857 503 920 obsidibus
518 879 538 919 a
550 855 695 919 Boiorum
712 868 805 938 gente
820 857 964 940 acceptis,
980 857 1043 938 agri
1058 869 1144 940 parte

105 942 164 1004 lere
180 942 307 1004 dimidia
329 965 381 1006 eos
403 944 561 1007 multavit:
587 963 658 1026 quo,
679 945 704 1004 si
720 943 821 1021 vellet,
844 943 972 1026 populus
987 941 1144 1030 Romanus

104 1029 236 1090 colonias
260 1030 380 1092 mittere
395 1042 509 1114 posset.
553 1027 641 1106 Inde,
665 1028 810 1108 Romam,
835 1041 870 1092 ut
893 1030 933 1090 ad
959 1029 1144 1112 triumphurn
1157 1029 1251 1081 Trium.
1277 1096 1284 1108 ¹

103 1113 183 1176 baud
198 1114 335 1194 dubium,
358 1117 519 1194 decedens,
544 1116 710 1178 exercitum
726 1116 852 1192 dimisit,
876 1125 908 1178 ct
923 1115 1028 1180 adesse
1040 1113 1146 1178 Rome
1157 1097 1229 1210 {2¹¹²
1239 1106 1296 1164 ‘⁸⁰‘

103 1199 142 1261 ad
155 1200 236 1262 diem
251 1201 397 1286 triumphi
408 1202 510 1284 jussit.
526 1204 601 1286 ipse,
616 1213 740 1286 postero
755 1203 816 1279 die,
829 1221 919 1282 qumn
934 1203 1028 1278 venit,
1038 1215 1147 1264 senatu
1207 1197 1215 1214 ⁸

102 1285 132 1346 in
147 1287 245 1348 edem
258 1285 392 1351 Bellonae
406 1301 526 1368 vocato,
554 1309 647 1371 quum
674 1288 711 1350 de
737 1289 826 1349 rebus
841 1289 880 1349 ab
896 1309 928 1348 se
943 1289 1036 1369 gestis
1051 1288 1147 1350 disse-

101 1373 220 1450 ruisset,
236 1375 409 1455 postulavit,
424 1375 531 1437 ut'sibi
543 1374 741 1456 triumphanti
757 1374 863 1435 liceret
876 1374 907 1434 in
918 1375 1025 1436 urbem
1035 1375 1147 1440 invehi.

102 1455 132 1518 Ρ.
145 1455 345 1542 Sempronius
361 1457 474 1522 Blaesus
489 1462 628 1523 tribunus
650 1459 759 1543 plebis,
782 1460 865 1521 ‘non
888 1461 1061 1541 negandum
1078 1461 1147 1524 Sci-

99 1544 110 1605 ‘,
147 1543 223 1622 ioni,
232 1547 286 1608 sed
302 1545 498 1609 differendum
511 1548 656 1609 honorem
668 1544 835 1628 triumphi,'
852 1547 1005 1616 censebat.
1037 1543 1150 1611 ‘Bella
1162 1543 1298 1624 ⁸¹²¹?st

100 1565 271 1712 ‘Ligurum
286 1630 410 1694 Gallicis
425 1652 544 1714 semper
563 1631 673 1714 juncta
686 1631 797 1700 fuisse:
821 1652 871 1693 eas
893 1631 972 1693 inter
993 1653 1026 1694 se
1040 1645 1148 1716 gentes
1160 1611 1314 1728 {xm

99 1717 111 1750 ‘
124 1728 234 1779 mutua
248 1737 286 1780 ex
301 1719 472 1802 propinquo
486 1719 563 1780 ferre
579 1719 701 1780 auxilie.
717 1715 759 1779 *Si
771 1715 805 1779 P.
817 1715 932 1800 Scipio,
945 1718 1073 1782 devictis
1082 1723 1149 1784 acie

100 1799 221 1879 ‘Boiis,
248 1814 301 1866 eut
326 1803 391 1886 ipse
414 1825 483 1866 cum
510 1805 626 1867 victore
651 1803 843 1866 exercituin
868 1825 975 1888 agrum
1002 1804 1148 1888 Ligurum

97 1888 293 1968 ‘uenisset
319 1901 372 1952 aut
395 1901 513 1973 partem
537 1890 694 1972 copiarum
714 1891 753 1961 Q.
764 1887 904 1952 Minucio
927 1892 1071 1970 misisset,
1097 1895 1148 1976 qui

98 1971 188 2056 ‘jam
213 1977 337 2038 tertium
353 1975 393 2037 ibi
421 1996 534 2038 annum
559 1977 654 2037 dubio
678 1975 863 2050 detineretur
884 1975 978 2054 bello,
1003 1977 1148 2044 debellari

98 2060 196 2122 ‘eum
212 2059 373 2143 Liguribus
388 2062 532 2144 potuisse.
575 2059 668 2122 Nunc
690 2061 730 2122 ad
752 2063 939 2144 triumphum
954 2063 1149 2144 frequentan-

98 2145 109 2178 ‘
124 2146 200 2208 dum
211 2147 359 2210 deductos
375 2169 439 2210 esse
453 2147 576 2224 milites,
590 2149 641 2231 qui
658 2147 812 2229 egregiam
827 2167 937 2210 navare
949 2169 1073 2231 operam
1089 2151 1149 2213 rei-

98 2232 114 2284 ‘·
124 2233 258 2314 publice
269 2235 459 2317 potuissent:
482 2243 607 2316 possent
620 2233 726 2310 etiarn,
741 2234 766 2294 si
779 2244 912 2314 senatus,
926 2235 1008 2318 quod
1023 2235 1154 2299 festina-

97 2318 212 2382 ‘tione
228 2319 375 2402 triumphi
397 2319 630 2402 pretermissum
646 2331 742 2397 esset,
762 2319 794 2380 id
809 2321 966 2384 restituere
980 2321 1154 2385 differendo

97 2403 108 2438 ‘
123 2405 288 2486 triumpho
302 2404 403 2468 'vellet
446 2405 605 2483 luberent,
617 2406 773 2467 consulem
783 2425 853 2466 cum
869 2405 1038 2488 legionibus
1051 2409 1154 2471 redire

96 2491 107 2524 ‘
124 2489 157 2552 in
174 2492 364 2574 provinciam
373 2513 383 2568 3
407 2491 479 2553 dare
500 2513 635 2574 operam,
650 2501 685 2554 ut
702 2489 828 2572 Ligures
839 2493 1038 2574 subigantur.
1081 2493 1153 2558 Nisi

96 2576 170 2638 ‘illi
192 2589 342 2658 cogantur
356 2582 381 2618 ¹⁵
395 2579 425 2639 in
436 2577 487 2660 jus
504 2577 713 2660 judiciumque
724 2578 828 2660 populi
843 2577 985 2656 Romani,
1001 2599 1039 2641 ne
1054 2577 1153 2642 Boios

96 2663 107 2696 ‘
122 2663 254 2745 quidem
271 2663 442 2745 quieturos:
464 2674 518 2727 aut
530 2685 649 2748 pacem,
664 2675 717 2725 aut
731 2663 841 2725 bellum
859 2665 1016 2748 utrobique
1031 2667 1151 2728 baben-

97 2749 107 2782 ‘
123 2748 175 2834 da.
222 2747 360 2812 Devictis
373 2749 544 2831 Liguribus,
569 2770 689 2832 paucos.
706 2761 777 2832 post
802 2769 921 2813 menses
935 2753 1149 2833 proconsulem

96 2836 107 2870 ‘
123 2835 157 2898 P.
170 2834 349 2898 Cornelium
363 2837 526 2899 multorum
549 2837 700 2920 exemplo,
728 2837 814 2918 ¹⁶qui
837 2839 870 2901 in
891 2839 1071 2920 magistratu
1085 2839 1149 2902 non

97 2922 110 2955 ‘
124 2921 404 3004 triumphaverunt,
419 2922 674 3006 triumphaturum
689 2920 775 2984 esse?

139 3005 212 3070 XL.
236 3007 286 3070 Ad
298 3029 335 3071 ea
345 3009 461 3086 consul,
476 3005 603 3092 ‘Neque
618 3029 650 3069 ee
663 3007 788 3090 Ligures
803 3009 991 3092 provinciam
1007 3013 1150 3075 sortitum
1164 3021 1323 3078 emmau

94 3094 105 3128 ‘
121 3093 214 3173 esse,'
225 3095 280 3172 ait,
290 3096 404 3176 ‘neque
414 3113 483 3156 curn
493 3091 654 3175 Liguribus
663 3095 776 3156 bellum
785 3097 924 3176 gessisse,
933 3116 1032 3178 neque
1042 3098 1150 3160 trium·
1162 3087 1311 3154 “ffirm-

93 3182 106 3215 ‘
120 3181 224 3264 pbum
237 3180 275 3241 de
285 3179 322 3241 iis
331 3179 495 3263 postulare.
519 3179 558 3249 Q.
566 3177 737 3244 Minucium
746 3181 899 3243 confidere
910 3183 1004 3260 brevi,
1016 3183 1149 3246 subactis
1161 3153 1203 3202 Μ’

93 3267 171 3347 ‘iis,
192 3265 338 3330 meritum
360 3265 547 3347 triumphum
569 3266 790 3347 postulaturum
809 3279 903 3350 atque
919 3267 1150 3349 impetraturum

95 3353 106 3386 ‘
120 3375 204 3416 esse.
217 3373 252 3413 se
262 3352 300 3414 de
310 3349 404 3413 Gallis
410 3348 494 3413 Boiis
505 3349 658 3434 postulare
668 3353 867 3435 triumphum,
874 3373 949 3434 quos
961 3355 1026 3415 acie
1034 3357 1154 3437 vicerit,

95 3439 106 3472 ‘
120 3439 240 3502 castris
249 3438 380 3499 exuerit:
393 3458 521 3519 quorum
530 3449 652 3518 gentem
661 3437 755 3500 biduo
764 3449 834 3520 post
843 3459 976 3522 pugnarn
986 3451 1084 3504 totam
1097 3465 1151 3506 ac-

95 3524 248 3609 ‘jceperit
260 3523 290 3585 in
303 3523 507 3586 deditionem:
525 3545 542 3586 n
558 3525 665 3606 quibus
679 3525 799 3588 obsides
815 3526 985 3606 abduxerit,
1000 3527 1149 3610 pacis'fu-

94 3613 105 3646 ‘
120 3625 200 3676 turae
214 3611 337 3693 pignus.
381 3607 495 3671 Verum
507 3611 658 3673 enimvero
670 3611 745 3672 illud
758 3613 855 3675 multo
867 3611 963 3696 majus
975 3635 1052 3691 csse,
1067 3619 1153 3698 quodi

95 3699 251 3762 ‘tanturn
272 3717 430 3761 munerum
446 3695 602 3760 Gallorum
618 3697 787 3760 occiderit·
802 3699 833 3761 in
856 3700 931 3777 scie,
947 3703 972 3746 ¹⁷
979 3701 1067 3782 quod
1078 3722 1153 3764 cnm

127 3853 324 3904 rinaetGron.
334 3855 404 3905 Cres.
470 3853 851 3918 ¹ssprmp0ndol.qnnqmflaed.
917 3857 1123 3905 *coeiderltEadz

129 3986 153 4021 ¹⁴
170 3985 221 4035 Per
235 3987 318 4034 eosdem
333 3983 378 4032 dier
395 3981 430 4032 Μ.
441 3979 542 4044 hirtius]
565 3977 610 4030 Ea·
661 3981 698 4016 *¹⁵
714 3980 1028 4046 lnjrnjndiciumquepopuli
1042 3983 1154 4052 Ima]

95 4053 149 4101 dem
162 4053 313 4101 testoridem
331 4051 379 4097 lere
389 4047 463 4096 verbis
480 4061 547 4112 supra
558 4063 611 4095 rne-
643 4047 681 4096 Sic
697 4059 721 4096 et
735 4048 750 4096 l.
763 4061 857 4096 xxxix.
869 4062 890 4096 c.
899 4051 939 4098 24.
958 4059 1026 4098 totam
1043 4055 1157 4104 rum.

96 4117 327 4174 mormannum·
359 4115 403 4174 de,
414 4112 504 4174 nequid
515 4111 611 4160 deritad
643 4115 703 4161 nium
718 4115 757 4160 sub
767 4112 810 4172 jus
816 4113 972 4176 jaun-tempo
986 4119 1156 4180 regnemirus:

96 4184 215 4243 integram
228 4181 411 4242 similitudinem,
429 4190 490 4226 notae
501 4191 612 4226 numero·
644 4189 668 4225 et
685 4179 767 4226 l.xt.r.
791 4179 864 4226 e-22.
883 4179 922 4225 rub
934 4181 978 4240 jin
997 4183 1155 4248 Judioimpee

95 4259 160 4305 rum,
170 4263 227 4310 quse
237 4247 279 4295 bic
297 4246 320 4292 in
335 4244 431 4306 vulgatis
440 4243 502 4292 libris
519 4244 612 4307 paulum
644 4257 708 4290 muns
720 4251 785 4290 totum
796 4241 866 4306 co'c'gr't
874 4251 974 4306 gentem,

96 4313 234 4377 dnerepmt
255 4311 285 4358 ab
305 4311 332 4358 iis
348 4325 402 4372 ques
424 4309 544 4373 superiore
563 4308 614 4356 loco
679 4305 700 4341 ¹⁶
717 4306 763 4359 Qut
778 4309 802 4354 s‘n
819 4313 1009 4370 mgistratum
1029 4313 1152 4374 triumplu·

94 4380 244 4442 reperimus,
263 4391 315 4424 cum
326 4373 353 4422 lis
363 4376 428 4438 plene
440 4375 463 4421 ln
476 4373 614 4434 Mogunrino
646 4371 735 4435 uermn]
755 4371 878 4420 lndirectse
897 4375 995 4421 orationi
1012 4377 1082 4438 magle
1095 4393 1150 4426 eon-

95 4443 179 4492 eodics
189 4441 352 4498 consentiunt,
363 4451 422 4488 terre
433 4438 526 4487 Mollior
557 4437 612 4487 Hu-
644 4437 723 4487 venire
734 4437 858 4495 rideretur,
868 4438 1056 4500 trtrsmplaverint.

91 4503 612 4572 luerepetitionisuullesmesllecsmrl.
679 4503 699 4540 ¹⁷
717 4502 780 4557 Quod
796 4517 846 4550 cutm
865 4511 895 4550 tot
912 4501 1022 4565 millibus}
1046 4505 1150 4554 Multum

95 4573 152 4624 teni
164 4585 258 4639 potest,
267 4586 335 4637 quarn
346 4569 460 4637 scriptorii
471 4568 561 4621 oblivio.
645 4567 729 4619 arridet
750 4567 849 4632 buboni}
876 4569 1015 4645 conjectum,
1032 4579 1083 4636 quor
1101 4587 1152 4621 curva
