3068 5186
445 358 522 420 un.
536 345 710 435 xxxuuu
725 358 806 418 car.
819 357 854 418 u.
948 311 950 316 ⁵
1107 358 1166 418 sss

117 511 275 576 ineunt?
292 533 362 576 uem
418 515 613 598 obpugnandi
627 525 724 577 erant.
745 543 749 550 ·
767 512 871 584 Quid?
888 511 928 575 ad
941 463 1163 598 'lhermopylss
1176 514 1249 572 uc.
1259 515 1318 568 56⁵.

120 600 273 682 (aequone
283 599 352 662 loco
401 599 543 664 ’.Acilius
552 622 623 664 cum
634 622 704 683 rege
716 600 871 664 Antiocho
879 599 1042 683 pugnavit?
1060 599 1160 672 Quidl
1174 583 1246 640 Μ·
1258 585 1314 640 ¹³⁷·

3 691 4 696 ’
118 685 134 719 ‘
148 684 321 770 Philippum
333 689 512 753 noneodem
524 688 615 750 modo
625 708 715 770 super
725 687 825 750 Aoum
838 707 959 750 amnem
969 685 1045 770 juga
1054 698 1164 750 tenen·

120 771 134 806 ‘
148 784 214 836 tem
222 773 373 836 montium
385 773 424 836 T.
434 773 593 845 Quinctius
608 771 742 854 dejecit?
758 773 907 856 Equidem
919 774 1030 852 adhuc,
1041 775 1164 855 qualem

121 858 135 893 ‘
150 872 205 923 aut
218 860 275 922 sibi
286 859 413 943 fingant,
425 873 479 923 aut
491 861 576 930 uobis
591 861 684 924 videri
695 861 789 923 velint
799 862 918 923 hostem
930 860 1032 939 lauisse,
1041 882 1104 924 non
1115 861 1164 924 in-

119 944 136 979 ‘
150 947 247 1010 venio.
267 944 300 1008 si
311 947 490 1030 degenerem
498 959 530 1011 et
540 948 707 1010 emollitum
718 947 894 1010 amoenitate
901 945 992 1026 Asia,
1001 947 1073 1030 quid
1082 949 1164 1032 peri·

119 1031 136 1066 ⁴
150 1034 211 1096 culi
222 1033 381 1115 veliniquo
396 1033 464 1096 loco
480 1035 675 1097 subeuntibus
684 1033 763 1097 luitl
781 1035 806 1096 si
821 1033 989 1098 timendum
1001 1047 1034 1098 et
1043 1035 1166 1098 feritate

119 1118 136 1152 ⁴
151 1121 332 1199 animorum,
349 1131 382 1184 et
393 1122 499 1184 robore
511 1141 681 1205 corporum,
696 1123 722 1168 ⁷⁸
731 1121 842 1183 huicne
858 1133 949 1184 tanta
965 1121 1098 1186 victoria
1110 1121 1166 1184 tri·

122 1203 298 1289 ‘umphum
317 1207 455 1288 neptis?
480 1208 570 1270 Caeca
584 1208 697 1272 invidia
716 1219 773 1284 est,
795 1206 898 1271 Patres
915 1209 1089 1291 conscripti,
1108 1229 1167 1270 nec

121 1291 139 1326 ⁴
152 1293 317 1375 quidquam
330 1294 488 1374 aliudscit,
497 1315 590 1377 quam
604 1299 630 1342 ⁷⁹
643 1297 813 1359 detrectare
822 1295 958 1373 virtutes,
968 1315 1168 1378 conrumpere

122 1378 138 1411 ⁴
152 1379 282 1442 honores
292 1401 328 1444 ac
340 1382 461 1463 premia
476 1401 588 1443 earum.
603 1382 690 1460 mihi,
700 1401 811 1464 quaeso,
827 1381 1053 1462 itaignoscatis,
1064 1380 1168 1443 Patres

126 1463 139 1498 ‘
152 1467 329 1550 conscripti,
343 1467 368 1528 si
377 1467 543 1549 longiorem
556 1469 726 1530 orationem
740 1489 802 1530 non
815 1467 965 1550 cupiditas
980 1470 1007 1506 ⁸⁰
1016 1466 1168 1549 gloriandi

126 1551 139 1585 ‘
154 1552 193 1614 de
203 1574 263 1631 me,
273 1554 327 1616 sed
335 1554 505 1615 necessaria
513 1553 672 1615 criminum
685 1553 821 1616 defensio
833 1553 914 1616 fecit
946 1551 998 1615 An
1010 1553 1103 1616 etiam
1114 1573 1169 1635 per

125 1637 139 1670 ‘
152 1637 317 1702 'lhraciam
341 1639 435 1702 saltus
448 1651 601 1723 patentes,
623 1640 674 1721 qui
685 1640 805 1720 angusti
817 1653 912 1718 erant,
924 1651 955 1702 et
966 1640 1057 1722 plana
1067 1660 1107 1701 ex
1119 1659 1169 1700 ar-

126 1724 139 1758 ‘
156 1726 233 1804 duis,
244 1721 276 1789 et
286 1727 415 1790 cultaex
432 1727 614 1788 silvestribus
629 1725 728 1788 facere
739 1727 834 1808 potui,
847 1737 879 1788 et
890 1737 1041 1808 prostare,
1059 1725 1170 1788 necubi

127 1811 141 1846 ⁴
157 1813 236 1884 notis
255 1813 311 1892 sibi
322 1814 444 1876 latebris
454 1813 666 1876 delitescerent
674 1812 807 1875 latrones
814 1809 962 1892 Thraces,
972 1833 1009 1874 ne
1021 1812 1094 1894 quid
1105 1833 1169 1874 sar·

126 1898 141 1932 ‘
155 1899 291 1964 cinarum
308 1913 472 1983 raperetur,
483 1901 526 1962 'ne
542 1899 624 1982 quod
637 1897 809 1980 jumentum
823 1919 862 1960 ex
875 1909 964 1959 tanto
979 1899 1099 1980 agmine
1115 1899 1170 1960 ab·

126 1984 346 2064 ‘shuheretun
362 2007 401 2048 ne
416 1988 483 2068 quis
499 1986 715 2064 vulneraretur,
730 2005 769 2046 ne
784 2006 823 2047 ex
835 1983 957 2045 vulnere
972 1983 1017 2045 vir
1032 1983 1118 2045 fortis
1134 2005 1171 2045 ac

126 2071 140 2104 ⁴
155 2084 292 2135 strenuus
308 2072 347 2143 Q.
359 2070 513 2136 Minucius
524 2070 709 2134 moreretur?
726 2067 794 2133 ειΙιι
805 2071 864 2132 hoc
875 2075 957 2148 essu,
969 2089 1030 2150 quo
1040 2068 1171 2131 infelici-

128 2157 141 2191 ‘
156 2170 203 2222 ter
212 2159 328 2239 incidit,
339 2170 374 2221 ut
383 2160 477 2223 telem
488 2161 583 2222 civem
595 2159 812 2234 amitteremus,
824 2157 947 2218 haerent.
991 2154 1083 2226 Quod
1092 2155 1172 2217 saltu

127 2245 141 2278 ⁴
157 2245 273 2327 iniquo,
283 2245 352 2310 loco
363 2246 473 2324 alieno,
486 2265 576 2327 quum
587 2245 711 2306 adortus
726 2243 822 2306 hostis
833 2265 888 2306 nos
904 2254 994 2320 esset,
1004 2241 1070 2304 duae
1081 2241 1172 2304 simul

127 2330 141 2364 ‘
152 2332 326 2415 aciesprimi
332 2333 524 2395 etnovissimi
532 2332 661 2414 agminis
667 2332 831 2394 herentem
839 2329 879 2393 ad
886 2328 1172 2414 iupedimentanos·

124 2416 377 2480 ‘traexercitum
389 2419 583 2482 barbarorum
603 2419 880 2482 circumvenerunt:
902 2415 984 2498 quod
994 2415 1091 2478 multa
1100 2415 1171 2476 mil·

121 2504 140 2538 ¹‘
154 2504 198 2566 lia
207 2505 273 2588 ipso
285 2505 344 2584 die,
355 2506 443 2589 plura
454 2506 550 2569 multo
562 2517 632 2589 post
642 2505 707 2567 dies
718 2525 831 2589 paucos
844 2503 1017 2566 ceciderunt
1034 2512 1067 2564 et
1080 2521 1173 2584 cepe-

14 2637 19 2648 „
121 2590 140 2622 ·‘
155 2602 227 2653 runt
236 2615 247 2670 3
264 2591 334 2671 hoc,
346 2593 371 2654 si
383 2593 439 2676 ipsi
450 2593 611 2670 tacuerint,
622 2613 674 2654 vos
683 2592 821 2668 scituros,
830 2611 921 2673 quum
931 2589 1017 2652 testis
1028 2587 1175 2651 orationis
1213 2613 1220 2625 ·

129 2677 142 2710 ‘
157 2698 232 2740 meae
243 2689 326 2740 totus
337 2681 485 2742 exercitus
496 2680 546 2757 sil,
556 2679 778 2752 non'credunt?
795 2675 828 2738 Si
838 2676 973 2760 gladium
984 2675 1015 2737 in
1027 2675 1173 2738 Asianon

121 2764 141 2798 ·‘
154 2765 356 2844 strinxissem,
368 2766 394 2828 si
405 2767 526 2830 hostem
540 2785 602 2827 non
619 2765 781 2842 vidissem3
797 2775 900 2827 tamen
915 2761 1099 2847 proconsul¹
1114 2762 1171 2825 tri-

122 2851 303 2936 ‘umphum
324 2854 355 2915 in
365 2851 498 2916 'lhracia
520 2852 637 2915 duobus
663 2853 777 2938 proeliis
798 2871 976 2914 merueram.
1021 2845 1083 2910 Sed
1105 2847 1173 2930 jam

122 2937 143 2972 ⁴
153 2937 274 3002 dictum
289 2940 363 3002 satis
377 2951 433 3004 est.
449 2941 521 3023 quin
536 2961 591 3022 pro
601 2959 649 3016 eo,
659 2939 741 3021 quod
755 2938 888 3020 pluribus
900 2936 995 2998 verbis
1006 2956 1070 3012 vos,
1081 2954 1174 3015 quam

125 3024 144 3057 ‘
158 3025 248 3104 uolui,
264 3026 400 3109 fatigavi,
408 3029 526 3090 veniam
542 3025 658 3088 euobis
669 3025 797 3111 petitam
808 3021 1173 3109 impetratamquevelim,

129 3110 142 3146 ‘
158 3109 261 3175 Patres
276 3113 460 3196 conscripti!
706 3121 708 3126 '
882 3105 893 3116 “

68 3249 75 3258 .
148 3224 150 3228 ’
173 3195 211 3260 L.
236 3198 448 3262 Pluscrimine
462 3223 500 3263 eo
514 3201 576 3280 die,
599 3222 689 3285 quam
711 3201 856 3282 defensio,
880 3201 1053 3282 valuissent,
1078 3200 1110 3265 ni
1126 3202 1171 3266 al·

128 3286 331 3348 tercatiouem
361 3287 393 3350 in
423 3308 521 3350 serum
551 3290 772 3372 perduxissent.
800 3290 971 3353 dimittitur·
991 3301 1113 3352 senatus
1138 3291 1170 3352 in

129 3391 170 3434 ea
183 3373 337 3456 opinione,
352 3385 387 3437 ut
408 3387 570 3457 negaturus
589 3376 773 3458 triumphum
785 3375 877 3438 hrisse
890 3377 1051 3440 videretur.
1095 3374 1170 3440 Pos-

128 3468 196 3520 tero
227 3460 276 3521 die
304 3471 337 3522 et
364 3463 486 3543 cognati
518 3463 666 3544 amicique
694 3461 751 3524 Cn.
769 3461 878 3524 Manlii
908 3465 1031 3525 summis
1061 3465 1169 3546 opibus
1180 3483 1323 3552 Triumphus
1416 3495 1418 3502 ν

129 3545 229 3606 adnisi
244 3558 325 3625 sunt,
339 3559 372 3610 et
387 3549 550 3612 auctoritas
568 3550 719 3612 seniorum
731 3549 834 3627 valuit,
855 3551 1043 3632 negantium,
1065 3571 1168 3614 exem·
1182 3553 1276 3604 Manlio
1285 3553 1331 3618 ἅθ’,

128 3631 215 3714 plum
231 3633 384 3714 proditum
399 3636 550 3698 memoriae
564 3658 641 3715 esse,
663 3647 698 3699 ut
719 3636 895 3720 imperator,
920 3638 982 3719 qui,
1005 3637 1169 3720 perduelli-
1181 3630 1268 3680 “im'‘
1415 3630 1420 3639 ’

107 3719 187 3780 ,bus
225 3719 361 3798 deuictis,
397 3721 538 3784 confecta
572 3723 736 3805 provincia,
773 3725 939 3785 exercitum
976 3735 1171 3806 reportasset,
1203 3777 1206 3786 .

129 3804 196 3868 siue
211 3825 299 3868 curru
323 3818 356 3870 et
380 3806 483 3872 laurea
502 3809 636 3900 privatus
659 3809 927 3892 inhonoratusque,
944 3811 1055 3882 urbem
1069 3812 1171 3877 iniret.

291 3915 293 3918 '
469 3915 480 3942 ²
491 3909 606 3971 proconsul
616 3907 662 3958 del.
674 3907 747 3957 Gran.
760 3909 830 3959 Creu.

160 3995 186 4033 π
201 3995 300 4062 norm]
319 3997 495 4049 unasuss.
507 3981 635 4047 emod-
667 3997 780 4048 emesa..
812 3999 857 4048 ua
876 3997 1037 4060 inmanes
1057 4001 1128 4051 aare:
1147 4011 1172 4051 a

126 4061 167 4110 nir
179 4072 203 4112 et
213 4077 291 4111 noster
303 4063 362 4113 Vite.
374 4063 492 4116 Huiccr'ne.
668 4079 751 4112 uuuse
763 4063 832 4112 MSS.
842 4065 948 4114 Heamii.
1230 4071 1232 4078 “

159 4125 455 4192 schoenemannus]
498 4129 638 4181 Obtrectars
702 4131 723 4164 ⁸¹
741 4129 827 4180 labec
846 4129 1055 4191 cosu....hereat]
1079 4130 1108 4178 lu
1129 4131 1174 4180 hoc

127 4190 265 4250 uirtutibus,
278 4195 378 4244 debitam
395 4195 439 4244 illis
455 4195 574 4246 detrahere
586 4197 636 4244 lau·
667 4195 801 4252 infortunio,
811 4195 878 4260 cujus
894 4195 983 4307 culpam
994 4211 1059 4244 enus
1069 4197 1176 4254 ruminet,

124 4259 200 4306 dem:
223 4262 413 4320 quemadmodum
435 4277 501 4326 supra
520 4263 637 4310 l.xxxrv.
669 4262 823 4324 exaggerando
841 4262 917 4310 uerbis
952 4275 1038 4314 erent:
1061 4261 1085 4309 in
1103 4277 1130 4310 ea
1147 4277 1175 4310 re

124 4325 199 4373 als.
225 4323 287 4382 Coto,
303 4327 364 4374 houd
376 4343 426 4375 runs
444 4329 572 4376 &temam
588 4327 639 4374 luu-
671 4328 813 4377 multisunt.
846 4329 879 4374 At
893 4326 978 4385 ¹sedulo
992 4338 1105 4375 tacentes
1123 4343 1176 4391 qun

131 4389 296 4439 demersurum.
669 4393 729 4442 mihi
739 4408 763 4441 m
774 4392 817 4442 hoc
836 4393 886 4457 ipsq
900 4391 978 4456 praelio
994 4391 1055 4440 laudi
1072 4393 1119 4441 dari
1133 4394 1176 4440 de-

111 4494 117 4512 „
133 4485 149 4494 ··
164 4451 189 4486 ⁸⁰
206 4451 323 4504 Gbriandt
344 4457 372 4504 de
391 4456 435 4520 me]
461 4455 528 4504 Duas
549 4455 641 4505 uhimu
671 4461 736 4509 beat.
763 4457 856 4506 Frustra
864 4471 1030 4525 ,canemquum
1041 4459 1107 4511 teari·
1115 4460 1175 4510 adsit

118 4513 298 4570 »scaurus
314 4521 435 4582 Gelenius,
449 4520 510 4572 haud
525 4535 580 4577 raas
597 4537 639 4572 ae·
672 4524 878 4577 omnhexercitus.
1036 4521 1046 4533 ⁸

177 4607 252 4654 vot.
268 4607 321 4656 111.
711 4613 730 4657 G
745 4613 762 4656 C
