<?xml version="1.0" encoding="UTF-8"?>
<!DOCTYPE html PUBLIC "-//W3C//DTD XHTML 1.0 Transitional//EN"
    "http://www.w3.org/TR/xhtml1/DTD/xhtml1-transitional.dtd">
<html xmlns="http://www.w3.org/1999/xhtml" xml:lang="en" lang="en">
 <head>
  <title>
</title>
<meta http-equiv="Content-Type" content="text/html;charset=utf-8" />
  <meta name='ocr-system' content='tesseract 3.04.00' />
  <meta name='ocr-capabilities' content='ocr_page ocr_carea ocr_par ocr_line ocrx_word'/>
</head>
<body>
  <div class='ocr_page' id='page_1' title='image "./tliviipatavinih00grongoog_0494.png"; bbox 0 0 3026 5164; ppageno 0'>
   <div class='ocr_carea' id='block_1_1' title="bbox 337 297 945 364">
    <p class='ocr_par' dir='ltr' id='par_1_1' title="bbox 337 297 945 364">
     <span class='ocr_line' id='line_1_1' title="bbox 337 297 945 364; baseline -0.003 -4"><span class='ocrx_word' id='word_1_1' title='bbox 337 303 396 364; x_wconf 75' lang='lat'><strong>484</strong></span> <span class='ocrx_word' id='word_1_2' title='bbox 741 300 825 361; x_wconf 76' lang='lat' dir='ltr'><strong>Tm</strong></span> <span class='ocrx_word' id='word_1_3' title='bbox 844 297 945 360; x_wconf 81' lang='lat' dir='ltr'>L1v11</span> 
     </span>
    </p>
   </div>
   <div class='ocr_carea' id='block_1_2' title="bbox 144 453 1426 3219">
    <p class='ocr_par' dir='ltr' id='par_1_2' title="bbox 177 453 1388 2240">
     <span class='ocr_line' id='line_1_2' title="bbox 177 453 1377 539; baseline 0.001 -21"><span class='ocrx_word' id='word_1_4' title='bbox 177 467 315 520; x_wconf 82' lang='lat' dir='ltr'><strong>11.c.571.</strong></span> <span class='ocrx_word' id='word_1_5' title='bbox 343 476 464 520; x_wconf 91' lang='lat' dir='ltr'><strong>omnem</strong></span> <span class='ocrx_word' id='word_1_6' title='bbox 476 457 507 518; x_wconf 90' lang='lat' dir='ltr'><strong>in</strong></span> <span class='ocrx_word' id='word_1_7' title='bbox 517 458 623 524; x_wconf 89' lang='lat' dir='ltr'><strong>urbem</strong></span> <span class='ocrx_word' id='word_1_8' title='bbox 637 455 816 518; x_wconf 82' lang='lat' dir='ltr'><strong>introduxit.</strong></span> <span class='ocrx_word' id='word_1_9' title='bbox 862 455 1019 535; x_wconf 85' lang='lat' dir='ltr'>Celtiberi,</span> <span class='ocrx_word' id='word_1_10' title='bbox 1034 456 1084 537; x_wconf 92' lang='lat' dir='ltr'><strong>qui</strong></span> <span class='ocrx_word' id='word_1_11' title='bbox 1097 461 1135 518; x_wconf 87' lang='lat' dir='ltr'><strong>a¹</strong></span> <span class='ocrx_word' id='word_1_12' title='bbox 1152 453 1248 518; x_wconf 89' lang='lat' dir='ltr'><strong>domo</strong></span> <span class='ocrx_word' id='word_1_13' title='bbox 1259 455 1377 539; x_wconf 85' lang='lat' dir='ltr'><strong>proiecti</strong></span> 
     </span>
     <span class='ocr_line' id='line_1_3' title="bbox 178 535 1379 626; baseline -0.001 -20"><span class='ocrx_word' id='word_1_14' title='bbox 178 535 320 590; x_wconf 46' lang='grc' dir='ltr'><strong>ΜΛΝ·</strong></span> <span class='ocrx_word' id='word_1_15' title='bbox 342 557 438 622; x_wconf 87' lang='lat' dir='ltr'><strong>erant,</strong></span> <span class='ocrx_word' id='word_1_16' title='bbox 461 543 624 604; x_wconf 81' lang='lat' dir='ltr'><strong>deditionis</strong></span> <span class='ocrx_word' id='word_1_17' title='bbox 651 542 758 623; x_wconf 87' lang='lat' dir='ltr'><strong>ignari,</strong></span> <span class='ocrx_word' id='word_1_18' title='bbox 785 543 878 624; x_wconf 88' lang='lat' dir='ltr'><strong>quum</strong></span> <span class='ocrx_word' id='word_1_19' title='bbox 902 543 1037 621; x_wconf 90' lang='lat' dir='ltr'><strong>tandem,</strong></span> <span class='ocrx_word' id='word_1_20' title='bbox 1063 543 1222 626; x_wconf 88' lang='lat' dir='ltr'><strong>superatis,</strong></span> <span class='ocrx_word' id='word_1_21' title='bbox 1246 543 1298 604; x_wconf 92' lang='lat' dir='ltr'><strong>ubi</strong></span> <span class='ocrx_word' id='word_1_22' title='bbox 1322 543 1379 624; x_wconf 86' lang='lat' dir='ltr'><strong>pri·</strong></span> 
     </span>
     <span class='ocr_line' id='line_1_4' title="bbox 342 627 1382 707; baseline -0.002 -15"><span class='ocrx_word' id='word_1_23' title='bbox 342 649 426 692; x_wconf 90' lang='lat' dir='ltr'><strong>mum</strong></span> <span class='ocrx_word' id='word_1_24' title='bbox 455 630 647 690; x_wconf 81' lang='lat' dir='ltr'><strong>remisserunt</strong></span> <span class='ocrx_word' id='word_1_25' title='bbox 673 630 794 706; x_wconf 79' lang='lat' dir='ltr'><strong>imbres,</strong></span> <span class='ocrx_word' id='word_1_26' title='bbox 818 629 966 707; x_wconf 86' lang='lat' dir='ltr'><strong>amnibus,</strong></span> <span class='ocrx_word' id='word_1_27' title='bbox 997 627 1195 692; x_wconf 87' lang='lat' dir='ltr'><strong>Contrebiam</strong></span> <span class='ocrx_word' id='word_1_28' title='bbox 1220 629 1382 707; x_wconf 80' lang='lat' dir='ltr'><strong>venisseut,</strong></span> 
     </span>
     <span class='ocr_line' id='line_1_5' title="bbox 342 714 1384 800; baseline 0 -23"><span class='ocrx_word' id='word_1_29' title='bbox 342 727 505 800; x_wconf 85' lang='lat' dir='ltr'><strong>postquam</strong></span> <span class='ocrx_word' id='word_1_30' title='bbox 520 726 619 776; x_wconf 89' lang='lat' dir='ltr'><strong>eastra</strong></span> <span class='ocrx_word' id='word_1_31' title='bbox 633 714 716 776; x_wconf 90' lang='lat' dir='ltr'><strong>nulla</strong></span> <span class='ocrx_word' id='word_1_32' title='bbox 736 727 822 776; x_wconf 86' lang='lat' dir='ltr'><strong>extra</strong></span> <span class='ocrx_word' id='word_1_33' title='bbox 845 715 959 776; x_wconf 87' lang='lat' dir='ltr'><strong>moenia</strong></span> <span class='ocrx_word' id='word_1_34' title='bbox 972 715 1121 794; x_wconf 83' lang='lat' dir='ltr'><strong>viderunt,</strong></span> <span class='ocrx_word' id='word_1_35' title='bbox 1143 716 1242 778; x_wconf 87' lang='lat' dir='ltr'><strong>autin</strong></span> <span class='ocrx_word' id='word_1_36' title='bbox 1259 715 1384 777; x_wconf 83' lang='lat' dir='ltr'><strong>alteram</strong></span> 
     </span>
     <span class='ocr_line' id='line_1_6' title="bbox 342 801 1385 885; baseline -0.003 -21"><span class='ocrx_word' id='word_1_37' title='bbox 342 814 462 885; x_wconf 89' lang='lat' dir='ltr'><strong>partem</strong></span> <span class='ocrx_word' id='word_1_38' title='bbox 485 801 632 862; x_wconf 88' lang='lat' dir='ltr'><strong>translata</strong></span> <span class='ocrx_word' id='word_1_39' title='bbox 657 801 725 878; x_wconf 87' lang='lat' dir='ltr'><strong>rati,</strong></span> <span class='ocrx_word' id='word_1_40' title='bbox 748 812 801 862; x_wconf 87' lang='lat' dir='ltr'><strong>aut</strong></span> <span class='ocrx_word' id='word_1_41' title='bbox 822 802 978 862; x_wconf 82' lang='lat' dir='ltr'><strong>recessisse</strong></span> <span class='ocrx_word' id='word_1_42' title='bbox 998 802 1112 879; x_wconf 89' lang='lat' dir='ltr'><strong>hostes,</strong></span> <span class='ocrx_word' id='word_1_43' title='bbox 1142 823 1196 884; x_wconf 89' lang='lat' dir='ltr'><strong>per</strong></span> <span class='ocrx_word' id='word_1_44' title='bbox 1217 802 1385 884; x_wconf 87' lang='lat' dir='ltr'><strong>neglegen-</strong></span> 
     </span>
     <span class='ocr_line' id='line_1_7' title="bbox 341 886 1386 969; baseline 0.001 -20"><span class='ocrx_word' id='word_1_45' title='bbox 341 888 418 950; x_wconf 83' lang='lat' dir='ltr'><strong>tiam</strong></span> <span class='ocrx_word' id='word_1_46' title='bbox 441 886 526 948; x_wconf 85' lang='lat' dir='ltr'><strong>effusi</strong></span> <span class='ocrx_word' id='word_1_47' title='bbox 550 886 590 948; x_wconf 89' lang='lat' dir='ltr'><strong>ad</strong></span> <span class='ocrx_word' id='word_1_48' title='bbox 614 887 760 969; x_wconf 92' lang='lat' dir='ltr'><strong>oppidum</strong></span> <span class='ocrx_word' id='word_1_49' title='bbox 786 896 987 949; x_wconf 84' lang='lat' dir='ltr'><strong>accesserunt.</strong></span> <span class='ocrx_word' id='word_1_50' title='bbox 1031 887 1066 949; x_wconf 90' lang='lat' dir='ltr'><strong>ln</strong></span> <span class='ocrx_word' id='word_1_51' title='bbox 1081 893 1133 950; x_wconf 80' lang='lat' dir='ltr'><strong>eo&#39;s</strong></span> <span class='ocrx_word' id='word_1_52' title='bbox 1157 888 1274 950; x_wconf 89' lang='lat' dir='ltr'><strong>duabus</strong></span> <span class='ocrx_word' id='word_1_53' title='bbox 1291 887 1386 968; x_wconf 80' lang='lat' dir='ltr'><strong>portis</strong></span> 
     </span>
     <span class='ocr_line' id='line_1_8' title="bbox 343 971 1388 1056; baseline -0.001 -21"><span class='ocrx_word' id='word_1_54' title='bbox 343 971 476 1035; x_wconf 86' lang='lat' dir='ltr'><strong>Romani</strong></span> <span class='ocrx_word' id='word_1_55' title='bbox 499 973 688 1055; x_wconf 86' lang='lat' dir='ltr'><strong>eruptionem</strong></span> <span class='ocrx_word' id='word_1_56' title='bbox 712 973 860 1051; x_wconf 85' lang='lat' dir='ltr'><strong>fecerunt,</strong></span> <span class='ocrx_word' id='word_1_57' title='bbox 884 985 915 1035; x_wconf 91' lang='lat' dir='ltr'><strong>et</strong></span> <span class='ocrx_word' id='word_1_58' title='bbox 938 975 1155 1056; x_wconf 90' lang='lat' dir='ltr'><strong>incompositos</strong></span> <span class='ocrx_word' id='word_1_59' title='bbox 1178 975 1280 1036; x_wconf 89' lang='lat' dir='ltr'><strong>adorti</strong></span> <span class='ocrx_word' id='word_1_60' title='bbox 1300 973 1388 1034; x_wconf 80' lang='lat' dir='ltr'><strong>furde-</strong></span> 
     </span>
     <span class='ocr_line' id='line_1_9' title="bbox 341 1058 1385 1143; baseline 0 -22"><span class='ocrx_word' id='word_1_61' title='bbox 341 1069 421 1121; x_wconf 88' lang='lat' dir='ltr'><strong>runt.</strong></span> <span class='ocrx_word' id='word_1_62' title='bbox 464 1058 561 1129; x_wconf 80' lang='lat' dir='ltr'><strong>⁸Quae</strong></span> <span class='ocrx_word' id='word_1_63' title='bbox 588 1079 633 1120; x_wconf 90' lang='lat' dir='ltr'><strong>res</strong></span> <span class='ocrx_word' id='word_1_64' title='bbox 664 1058 702 1120; x_wconf 91' lang='lat' dir='ltr'><strong>ad</strong></span> <span class='ocrx_word' id='word_1_65' title='bbox 728 1059 929 1121; x_wconf 88' lang='lat' dir='ltr'><strong>resistendum</strong></span> <span class='ocrx_word' id='word_1_66' title='bbox 959 1081 1011 1120; x_wconf 90' lang='lat' dir='ltr'><strong>eos</strong></span> <span class='ocrx_word' id='word_1_67' title='bbox 1041 1069 1073 1122; x_wconf 90' lang='lat' dir='ltr'><strong>et</strong></span> <span class='ocrx_word' id='word_1_68' title='bbox 1100 1060 1138 1123; x_wconf 93' lang='lat' dir='ltr'><strong>ad</strong></span> <span class='ocrx_word' id='word_1_69' title='bbox 1164 1060 1385 1143; x_wconf 88' lang='lat' dir='ltr'><strong>capessendam</strong></span> 
     </span>
     <span class='ocr_line' id='line_1_10' title="bbox 342 1144 1386 1228; baseline 0.002 -22"><span class='ocrx_word' id='word_1_70' title='bbox 342 1165 476 1228; x_wconf 88' lang='lat' dir='ltr'><strong>pugnam</strong></span> <span class='ocrx_word' id='word_1_71' title='bbox 506 1144 646 1227; x_wconf 87' lang='lat' dir='ltr'><strong>inpediit,</strong></span> <span class='ocrx_word' id='word_1_72' title='bbox 683 1144 765 1226; x_wconf 93' lang='lat' dir='ltr'><strong>quod</strong></span> <span class='ocrx_word' id='word_1_73' title='bbox 795 1166 857 1206; x_wconf 90' lang='lat' dir='ltr'><strong>non</strong></span> <span class='ocrx_word' id='word_1_74' title='bbox 885 1165 947 1207; x_wconf 93' lang='lat' dir='ltr'><strong>uno</strong></span> <span class='ocrx_word' id='word_1_75' title='bbox 977 1146 1109 1228; x_wconf 83' lang='lat' dir='ltr'><strong>agmine,</strong></span> <span class='ocrx_word' id='word_1_76' title='bbox 1141 1166 1199 1208; x_wconf 89' lang='lat' dir='ltr'><strong>nee</strong></span> <span class='ocrx_word' id='word_1_77' title='bbox 1230 1147 1271 1208; x_wconf 88' lang='lat' dir='ltr'><strong>ad</strong></span> <span class='ocrx_word' id='word_1_78' title='bbox 1298 1148 1386 1228; x_wconf 86' lang='lat' dir='ltr'><strong>sigua</strong></span> 
     </span>
     <span class='ocr_line' id='line_1_11' title="bbox 341 1231 1384 1315; baseline 0.002 -23"><span class='ocrx_word' id='word_1_79' title='bbox 341 1231 513 1311; x_wconf 85' lang='lat' dir='ltr'><strong>frequentes</strong></span> <span class='ocrx_word' id='word_1_80' title='bbox 528 1231 698 1309; x_wconf 88' lang='lat' dir='ltr'><strong>veniebant,</strong></span> <span class='ocrx_word' id='word_1_81' title='bbox 726 1231 832 1292; x_wconf 90' lang='lat' dir='ltr'><strong>eadem</strong></span> <span class='ocrx_word' id='word_1_82' title='bbox 857 1251 974 1312; x_wconf 83' lang='lat' dir='ltr'><strong>magnae</strong></span> <span class='ocrx_word' id='word_1_83' title='bbox 999 1233 1078 1315; x_wconf 88' lang='lat' dir='ltr'><strong>parti</strong></span> <span class='ocrx_word' id='word_1_84' title='bbox 1095 1233 1140 1314; x_wconf 46' lang='lat' dir='ltr'><strong>‚ad</strong></span> <span class='ocrx_word' id='word_1_85' title='bbox 1168 1233 1274 1314; x_wconf 82' lang='lat' dir='ltr'><strong>fugam</strong></span> <span class='ocrx_word' id='word_1_86' title='bbox 1295 1234 1384 1294; x_wconf 89' lang='lat' dir='ltr'><strong>saluti</strong></span> 
     </span>
     <span class='ocr_line' id='line_1_12' title="bbox 341 1313 1384 1401; baseline 0.003 -24"><span class='ocrx_word' id='word_1_87' title='bbox 341 1315 409 1378; x_wconf 82' lang='lat' dir='ltr'><strong>suit.</strong></span> <span class='ocrx_word' id='word_1_88' title='bbox 453 1313 555 1399; x_wconf 86' lang='lat' dir='ltr'><strong>Sparsi</strong></span> <span class='ocrx_word' id='word_1_89' title='bbox 577 1318 658 1378; x_wconf 90' lang='lat' dir='ltr'><strong>enim</strong></span> <span class='ocrx_word' id='word_1_90' title='bbox 680 1328 749 1378; x_wconf 92' lang='lat' dir='ltr'><strong>toto</strong></span> <span class='ocrx_word' id='word_1_91' title='bbox 772 1317 883 1399; x_wconf 86' lang='lat' dir='ltr'><strong>passim</strong></span> <span class='ocrx_word' id='word_1_92' title='bbox 908 1337 1017 1401; x_wconf 86' lang='lat' dir='ltr'><strong>eampo</strong></span> <span class='ocrx_word' id='word_1_93' title='bbox 1040 1318 1304 1381; x_wconf 80' lang='lat' dir='ltr'><strong>sediffuderunt:</strong></span> <span class='ocrx_word' id='word_1_94' title='bbox 1330 1339 1384 1380; x_wconf 91' lang='lat' dir='ltr'><strong>nec</strong></span> 
     </span>
     <span class='ocr_line' id='line_1_13' title="bbox 340 1402 1388 1482; baseline 0.003 -19"><span class='ocrx_word' id='word_1_95' title='bbox 340 1421 467 1482; x_wconf 86' lang='lat' dir='ltr'><strong>usquam</strong></span> <span class='ocrx_word' id='word_1_96' title='bbox 487 1402 639 1465; x_wconf 85' lang='lat' dir='ltr'><strong>confertos</strong></span> <span class='ocrx_word' id='word_1_97' title='bbox 662 1424 713 1464; x_wconf 91' lang='lat' dir='ltr'><strong>eos</strong></span> <span class='ocrx_word' id='word_1_98' title='bbox 739 1403 833 1464; x_wconf 89' lang='lat' dir='ltr'><strong>hostis</strong></span> <span class='ocrx_word' id='word_1_99' title='bbox 856 1403 1061 1466; x_wconf 87' lang='lat' dir='ltr'><strong>circumvenit.</strong></span> <span class='ocrx_word' id='word_1_100' title='bbox 1076 1416 1180 1466; x_wconf 86' lang='lat' dir='ltr'><strong>tamen</strong></span> <span class='ocrx_word' id='word_1_101' title='bbox 1206 1403 1248 1466; x_wconf 88' lang='lat' dir='ltr'><strong>ad</strong></span> <span class='ocrx_word' id='word_1_102' title='bbox 1270 1405 1388 1467; x_wconf 85' lang='lat' dir='ltr'><strong>duode-</strong></span> 
     </span>
     <span class='ocr_line' id='line_1_14' title="bbox 337 1487 1384 1572; baseline 0.006 -24"><span class='ocrx_word' id='word_1_103' title='bbox 337 1487 402 1550; x_wconf 89' lang='lat' dir='ltr'><strong>&#39;cim</strong></span> <span class='ocrx_word' id='word_1_104' title='bbox 418 1488 513 1549; x_wconf 88' lang='lat' dir='ltr'><strong>millia</strong></span> <span class='ocrx_word' id='word_1_105' title='bbox 527 1499 597 1550; x_wconf 90' lang='lat' dir='ltr'><strong>sunt</strong></span> <span class='ocrx_word' id='word_1_106' title='bbox 617 1509 713 1550; x_wconf 78' lang='lat' dir='ltr'><strong>casa:</strong></span> <span class='ocrx_word' id='word_1_107' title='bbox 737 1500 827 1570; x_wconf 89' lang='lat' dir='ltr'><strong>capta</strong></span> <span class='ocrx_word' id='word_1_108' title='bbox 852 1489 920 1571; x_wconf 89' lang='lat' dir='ltr'><strong>plus</strong></span> <span class='ocrx_word' id='word_1_109' title='bbox 939 1491 1072 1572; x_wconf 91' lang='lat' dir='ltr'><strong>quinque</strong></span> <span class='ocrx_word' id='word_1_110' title='bbox 1095 1491 1191 1552; x_wconf 90' lang='lat' dir='ltr'><strong>millia</strong></span> <span class='ocrx_word' id='word_1_111' title='bbox 1213 1491 1384 1570; x_wconf 88' lang='lat' dir='ltr'><strong>homiuum,</strong></span> 
     </span>
     <span class='ocr_line' id='line_1_15' title="bbox 301 1573 1384 1661; baseline 0.005 -27"><span class='ocrx_word' id='word_1_112' title='bbox 301 1637 305 1643; x_wconf 68' lang='grc'><strong><em>,</em></strong></span> <span class='ocrx_word' id='word_1_113' title='bbox 341 1574 411 1654; x_wconf 89' lang='lat' dir='ltr'><strong>equi</strong></span> <span class='ocrx_word' id='word_1_114' title='bbox 427 1573 649 1655; x_wconf 84' lang='lat' dir='ltr'><strong>quadringenti,</strong></span> <span class='ocrx_word' id='word_1_115' title='bbox 672 1574 759 1656; x_wconf 88' lang='lat' dir='ltr'><strong>signa</strong></span> <span class='ocrx_word' id='word_1_116' title='bbox 778 1575 922 1638; x_wconf 86' lang='lat' dir='ltr'><strong>militaria</strong></span> <span class='ocrx_word' id='word_1_117' title='bbox 946 1577 1105 1658; x_wconf 82' lang='lat' dir='ltr'><strong>sexaginta</strong></span> <span class='ocrx_word' id='word_1_118' title='bbox 1130 1577 1200 1638; x_wconf 90' lang='lat' dir='ltr'><strong>duo.</strong></span> <span class='ocrx_word' id='word_1_119' title='bbox 1244 1577 1305 1647; x_wconf 84' lang='lat' dir='ltr'><strong>Qui</strong></span> <span class='ocrx_word' id='word_1_120' title='bbox 1328 1599 1384 1661; x_wconf 90' lang='lat' dir='ltr'><strong>pa·</strong></span> 
     </span>
     <span class='ocr_line' id='line_1_16' title="bbox 341 1659 1382 1745; baseline 0.006 -25"><span class='ocrx_word' id='word_1_121' title='bbox 341 1659 395 1720; x_wconf 90' lang='lat' dir='ltr'><strong>lati</strong></span> <span class='ocrx_word' id='word_1_122' title='bbox 411 1681 428 1720; x_wconf 92' lang='lat' dir='ltr'><strong>e</strong></span> <span class='ocrx_word' id='word_1_123' title='bbox 442 1659 515 1741; x_wconf 81' lang='lat' dir='ltr'><strong>fuga</strong></span> <span class='ocrx_word' id='word_1_124' title='bbox 528 1660 653 1722; x_wconf 90' lang='lat' dir='ltr'><strong>domurn</strong></span> <span class='ocrx_word' id='word_1_125' title='bbox 669 1681 700 1721; x_wconf 92' lang='lat' dir='ltr'><strong>se</strong></span> <span class='ocrx_word' id='word_1_126' title='bbox 721 1661 917 1742; x_wconf 87' lang='lat' dir='ltr'><strong>recipiebant,</strong></span> <span class='ocrx_word' id='word_1_127' title='bbox 941 1663 1068 1725; x_wconf 84' lang='lat' dir='ltr'><strong>alterum</strong></span> <span class='ocrx_word' id='word_1_128' title='bbox 1084 1683 1194 1745; x_wconf 88' lang='lat' dir='ltr'><strong>agmen</strong></span> <span class='ocrx_word' id='word_1_129' title='bbox 1209 1661 1382 1726; x_wconf 88' lang='lat' dir='ltr'><strong>Celtibero-</strong></span> 
     </span>
     <span class='ocr_line' id='line_1_17' title="bbox 286 1746 1382 1829; baseline 0.008 -24"><span class='ocrx_word' id='word_1_130' title='bbox 286 1809 288 1813; x_wconf 63' lang='grc'>,</span> <span class='ocrx_word' id='word_1_131' title='bbox 340 1765 407 1806; x_wconf 86' lang='grc' dir='ltr'><strong>ιιιιιι</strong></span> <span class='ocrx_word' id='word_1_132' title='bbox 436 1746 633 1823; x_wconf 87' lang='lat' dir='ltr'><strong>venientium,</strong></span> <span class='ocrx_word' id='word_1_133' title='bbox 667 1746 854 1829; x_wconf 72' lang='lat' dir='ltr'><strong>deditionem</strong></span> <span class='ocrx_word' id='word_1_134' title='bbox 885 1747 1055 1811; x_wconf 77' lang='lat' dir='ltr'><strong>Contrebia</strong></span> <span class='ocrx_word' id='word_1_135' title='bbox 1085 1764 1117 1811; x_wconf 91' lang='lat' dir='ltr'><strong>et</strong></span> <span class='ocrx_word' id='word_1_136' title='bbox 1146 1769 1230 1810; x_wconf 91' lang='lat' dir='ltr'><strong>suam</strong></span> <span class='ocrx_word' id='word_1_137' title='bbox 1261 1751 1382 1813; x_wconf 82' lang='lat' dir='ltr'><strong>cladem</strong></span> 
     </span>
     <span class='ocr_line' id='line_1_18' title="bbox 341 1832 1385 1918; baseline 0.007 -26"><span class='ocrx_word' id='word_1_138' title='bbox 341 1832 503 1909; x_wconf 90' lang='lat' dir='ltr'><strong>narrando,</strong></span> <span class='ocrx_word' id='word_1_139' title='bbox 542 1842 723 1895; x_wconf 88' lang='lat' dir='ltr'><strong>averterunt.</strong></span> <span class='ocrx_word' id='word_1_140' title='bbox 756 1834 912 1916; x_wconf 87' lang='lat' dir='ltr'><strong>extemplo</strong></span> <span class='ocrx_word' id='word_1_141' title='bbox 942 1835 973 1896; x_wconf 92' lang='lat' dir='ltr'><strong>in</strong></span> <span class='ocrx_word' id='word_1_142' title='bbox 1003 1836 1084 1897; x_wconf 73' lang='lat' dir='ltr'><strong>uicos</strong></span> <span class='ocrx_word' id='word_1_143' title='bbox 1113 1836 1298 1918; x_wconf 87' lang='lat' dir='ltr'><strong>castellaque</strong></span> <span class='ocrx_word' id='word_1_144' title='bbox 1328 1857 1385 1899; x_wconf 88' lang='lat' dir='ltr'><strong>sua</strong></span> 
     </span>
     <span class='ocr_line' id='line_1_19' title="bbox 339 1917 1383 2005; baseline 0.006 -27"><span class='ocrx_word' id='word_1_145' title='bbox 339 1919 446 1979; x_wconf 86' lang='lat' dir='ltr'><strong>omnes</strong></span> <span class='ocrx_word' id='word_1_146' title='bbox 470 1918 589 2000; x_wconf 88' lang='lat' dir='ltr'><strong>dilapsi.</strong></span> <span class='ocrx_word' id='word_1_147' title='bbox 634 1917 768 1996; x_wconf 85' lang='lat' dir='ltr'><strong>Flaccus,</strong></span> <span class='ocrx_word' id='word_1_148' title='bbox 791 1939 810 1979; x_wconf 91' lang='lat' dir='ltr'><strong>a</strong></span> <span class='ocrx_word' id='word_1_149' title='bbox 832 1918 998 1984; x_wconf 88' lang='lat' dir='ltr'><strong>Contrebia</strong></span> <span class='ocrx_word' id='word_1_150' title='bbox 1021 1921 1187 2004; x_wconf 82' lang='lat' dir='ltr'><strong>profectus,</strong></span> <span class='ocrx_word' id='word_1_151' title='bbox 1209 1943 1263 2005; x_wconf 85' lang='lat' dir='ltr'><strong>per</strong></span> <span class='ocrx_word' id='word_1_152' title='bbox 1285 1921 1383 1985; x_wconf 87' lang='lat' dir='ltr'><strong>Celti·</strong></span> 
     </span>
     <span class='ocr_line' id='line_1_20' title="bbox 325 2003 1380 2088; baseline 0.003 -20"><span class='ocrx_word' id='word_1_153' title='bbox 325 2004 455 2069; x_wconf 76' lang='lat' dir='ltr'><strong>,beriam</strong></span> <span class='ocrx_word' id='word_1_154' title='bbox 481 2003 711 2087; x_wconf 89' lang='lat' dir='ltr'><strong>populabundus</strong></span> <span class='ocrx_word' id='word_1_155' title='bbox 733 2006 818 2067; x_wconf 88' lang='lat' dir='ltr'><strong>ducit</strong></span> <span class='ocrx_word' id='word_1_156' title='bbox 842 2007 994 2088; x_wconf 87' lang='lat' dir='ltr'><strong>legiones:</strong></span> <span class='ocrx_word' id='word_1_157' title='bbox 1025 2009 1148 2070; x_wconf 79' lang='lat' dir='ltr'><strong>¹multa</strong></span> <span class='ocrx_word' id='word_1_158' title='bbox 1171 2009 1298 2071; x_wconf 88' lang='lat' dir='ltr'><strong>castella</strong></span> <span class='ocrx_word' id='word_1_159' title='bbox 1323 2010 1380 2071; x_wconf 85' lang='lat' dir='ltr'><strong>ob-</strong></span> 
     </span>
     <span class='ocr_line' id='line_1_21' title="bbox 324 2090 1378 2173; baseline 0.008 -22"><span class='ocrx_word' id='word_1_160' title='bbox 324 2090 496 2173; x_wconf 55' lang='lat' dir='ltr'><strong>·&#39;pugnaviq</strong></span> <span class='ocrx_word' id='word_1_161' title='bbox 523 2091 620 2155; x_wconf 87' lang='lat' dir='ltr'><strong>donec</strong></span> <span class='ocrx_word' id='word_1_162' title='bbox 646 2092 780 2154; x_wconf 83' lang='lat' dir='ltr'><strong>maxima</strong></span> <span class='ocrx_word' id='word_1_163' title='bbox 801 2111 870 2173; x_wconf 84' lang='lat' dir='ltr'><strong>pars</strong></span> <span class='ocrx_word' id='word_1_164' title='bbox 898 2092 1117 2158; x_wconf 88' lang='lat' dir='ltr'><strong>Celtiberorum</strong></span> <span class='ocrx_word' id='word_1_165' title='bbox 1140 2095 1172 2156; x_wconf 91' lang='lat' dir='ltr'><strong>in</strong></span> <span class='ocrx_word' id='word_1_166' title='bbox 1195 2094 1378 2158; x_wconf 88' lang='lat' dir='ltr'><strong>deditionem</strong></span> 
     </span>
     <span class='ocr_line' id='line_1_22' title="bbox 329 2177 823 2240; baseline 0.006 -3"><span class='ocrx_word' id='word_1_167' title='bbox 329 2177 430 2240; x_wconf 61' lang='lat' dir='ltr'><strong>venit.</strong></span> <span class='ocrx_word' id='word_1_168' title='bbox 821 2193 823 2198; x_wconf 90' lang='grc'><strong><em>·</em></strong></span> 
     </span>
    </p>

    <p class='ocr_par' dir='ltr' id='par_1_3' title="bbox 144 2263 1387 3033">
     <span class='ocr_line' id='line_1_23' title="bbox 153 2263 1382 2362; baseline -0.002 -32"><span class='ocrx_word' id='word_1_169' title='bbox 153 2288 288 2362; x_wconf 51' lang='lat' dir='ltr'><strong>egqffigs</strong></span> <span class='ocrx_word' id='word_1_170' title='bbox 380 2263 528 2330; x_wconf 83' lang='lat' dir='ltr'><strong>XXXIV.</strong></span> <span class='ocrx_word' id='word_1_171' title='bbox 550 2266 625 2331; x_wconf 86' lang='lat' dir='ltr'><strong>Haeo</strong></span> <span class='ocrx_word' id='word_1_172' title='bbox 650 2267 681 2331; x_wconf 89' lang='lat' dir='ltr'><strong>in</strong></span> <span class='ocrx_word' id='word_1_173' title='bbox 706 2268 844 2332; x_wconf 86' lang='lat' dir='ltr'><strong>citeriore</strong></span> <span class='ocrx_word' id='word_1_174' title='bbox 868 2265 1019 2352; x_wconf 88' lang='lat' dir='ltr'><strong>Hispania</strong></span> <span class='ocrx_word' id='word_1_175' title='bbox 1042 2289 1080 2330; x_wconf 90' lang='lat' dir='ltr'><strong>eo</strong></span> <span class='ocrx_word' id='word_1_176' title='bbox 1104 2289 1186 2331; x_wconf 91' lang='lat' dir='ltr'><strong>anno</strong></span> <span class='ocrx_word' id='word_1_177' title='bbox 1200 2279 1298 2350; x_wconf 84' lang='lat' dir='ltr'><strong>gesta.</strong></span> <span class='ocrx_word' id='word_1_178' title='bbox 1340 2265 1382 2329; x_wconf 85' lang='lat' dir='ltr'><strong>Et</strong></span> 
     </span>
     <span class='ocr_line' id='line_1_24' title="bbox 144 2351 1382 2439; baseline 0 -25"><span class='ocrx_word' id='word_1_179' title='bbox 144 2395 146 2400; x_wconf 68' lang='lat'><strong>,</strong></span> <span class='ocrx_word' id='word_1_180' title='bbox 171 2363 268 2414; x_wconf 72' lang='lat' dir='ltr'><strong>rotoma.</strong></span> <span class='ocrx_word' id='word_1_181' title='bbox 336 2351 369 2418; x_wconf 81' lang='lat' dir='ltr'><strong>‘m</strong></span> <span class='ocrx_word' id='word_1_182' title='bbox 395 2354 547 2434; x_wconf 87' lang='lat' dir='ltr'><strong>ulteriore,</strong></span> <span class='ocrx_word' id='word_1_183' title='bbox 578 2354 714 2418; x_wconf 89' lang='lat' dir='ltr'><strong>Manlius</strong></span> <span class='ocrx_word' id='word_1_184' title='bbox 741 2366 850 2439; x_wconf 85' lang='lat' dir='ltr'><strong>praetor</strong></span> <span class='ocrx_word' id='word_1_185' title='bbox 876 2357 1010 2417; x_wconf 87' lang='lat' dir='ltr'><strong>secunda</strong></span> <span class='ocrx_word' id='word_1_186' title='bbox 1035 2355 1152 2436; x_wconf 89' lang='lat' dir='ltr'><strong>aliquot</strong></span> <span class='ocrx_word' id='word_1_187' title='bbox 1177 2356 1286 2438; x_wconf 86' lang='lat' dir='ltr'><strong>proelia</strong></span> <span class='ocrx_word' id='word_1_188' title='bbox 1311 2373 1382 2415; x_wconf 90' lang='lat' dir='ltr'><strong>curn</strong></span> 
     </span>
     <span class='ocr_line' id='line_1_25' title="bbox 335 2439 1384 2524; baseline -0.003 -20"><span class='ocrx_word' id='word_1_189' title='bbox 335 2439 489 2506; x_wconf 70' lang='lat' dir='ltr'><strong>lusitanis</strong></span> <span class='ocrx_word' id='word_1_190' title='bbox 519 2441 602 2506; x_wconf 88' lang='lat' dir='ltr'><strong>feeit.</strong></span> <span class='ocrx_word' id='word_1_191' title='bbox 653 2441 795 2524; x_wconf 88' lang='lat' dir='ltr'><strong>Aquileia</strong></span> <span class='ocrx_word' id='word_1_192' title='bbox 824 2441 944 2504; x_wconf 86' lang='lat' dir='ltr'><strong>colonia</strong></span> <span class='ocrx_word' id='word_1_193' title='bbox 972 2439 1074 2503; x_wconf 83' lang='lat' dir='ltr'><strong>latini</strong></span> <span class='ocrx_word' id='word_1_194' title='bbox 1104 2443 1212 2504; x_wconf 87' lang='lat' dir='ltr'><strong>eodem</strong></span> <span class='ocrx_word' id='word_1_195' title='bbox 1240 2461 1322 2502; x_wconf 87' lang='lat' dir='ltr'><strong>anno</strong></span> <span class='ocrx_word' id='word_1_196' title='bbox 1351 2441 1384 2502; x_wconf 88' lang='lat' dir='ltr'><strong>in</strong></span> 
     </span>
     <span class='ocr_line' id='line_1_26' title="bbox 303 2525 1381 2612; baseline -0.003 -22"><span class='ocrx_word' id='word_1_197' title='bbox 303 2571 306 2577; x_wconf 91' lang='lat'>-</span> <span class='ocrx_word' id='word_1_198' title='bbox 337 2548 410 2612; x_wconf 85' lang='lat' dir='ltr'><strong>agro</strong></span> <span class='ocrx_word' id='word_1_199' title='bbox 427 2525 589 2590; x_wconf 78' lang='lat' dir='ltr'><strong>Gallorum</strong></span> <span class='ocrx_word' id='word_1_200' title='bbox 618 2539 665 2590; x_wconf 91' lang='lat' dir='ltr'><strong>est</strong></span> <span class='ocrx_word' id='word_1_201' title='bbox 692 2528 834 2590; x_wconf 86' lang='lat' dir='ltr'><strong>deducta.</strong></span> <span class='ocrx_word' id='word_1_202' title='bbox 860 2527 919 2588; x_wconf 88' lang='lat' dir='ltr'><strong>tria</strong></span> <span class='ocrx_word' id='word_1_203' title='bbox 943 2528 1039 2590; x_wconf 88' lang='lat' dir='ltr'><strong>millia</strong></span> <span class='ocrx_word' id='word_1_204' title='bbox 1066 2528 1202 2610; x_wconf 90' lang='lat' dir='ltr'><strong>peditum</strong></span> <span class='ocrx_word' id='word_1_205' title='bbox 1230 2528 1381 2608; x_wconf 89' lang='lat' dir='ltr'><strong>quinqua·</strong></span> 
     </span>
     <span class='ocr_line' id='line_1_27' title="bbox 335 2612 1380 2698; baseline -0.005 -22"><span class='ocrx_word' id='word_1_206' title='bbox 335 2636 417 2698; x_wconf 86' lang='lat' dir='ltr'><strong>gena</strong></span> <span class='ocrx_word' id='word_1_207' title='bbox 432 2613 552 2696; x_wconf 85' lang='lat' dir='ltr'><strong>jugera,</strong></span> <span class='ocrx_word' id='word_1_208' title='bbox 575 2613 767 2674; x_wconf 87' lang='lat' dir='ltr'><strong>centuriones</strong></span> <span class='ocrx_word' id='word_1_209' title='bbox 782 2625 920 2691; x_wconf 87' lang='lat' dir='ltr'><strong>centena,</strong></span> <span class='ocrx_word' id='word_1_210' title='bbox 943 2625 1073 2676; x_wconf 85' lang='lat' dir='ltr'><strong>centena</strong></span> <span class='ocrx_word' id='word_1_211' title='bbox 1087 2613 1276 2695; x_wconf 86' lang='lat' dir='ltr'><strong>quadragena</strong></span> <span class='ocrx_word' id='word_1_212' title='bbox 1290 2612 1380 2692; x_wconf 86' lang='lat' dir='ltr'><strong>equi-</strong></span> 
     </span>
     <span class='ocr_line' id='line_1_28' title="bbox 335 2691 1372 2782; baseline -0.005 -19"><span class='ocrx_word' id='word_1_213' title='bbox 335 2715 384 2764; x_wconf 88' lang='lat' dir='ltr'><strong>tes</strong></span> <span class='ocrx_word' id='word_1_214' title='bbox 413 2709 603 2782; x_wconf 88' lang='lat' dir='ltr'><strong>aceepernnt.</strong></span> <span class='ocrx_word' id='word_1_215' title='bbox 636 2691 771 2760; x_wconf 79' lang='lat' dir='ltr'><strong>tresviri&#39;</strong></span> <span class='ocrx_word' id='word_1_216' title='bbox 791 2698 992 2778; x_wconf 88' lang='lat' dir='ltr'><strong>deduxerunt,</strong></span> <span class='ocrx_word' id='word_1_217' title='bbox 1026 2699 1060 2762; x_wconf 88' lang='lat' dir='ltr'><strong>P.</strong></span> <span class='ocrx_word' id='word_1_218' title='bbox 1082 2698 1229 2762; x_wconf 88' lang='lat' dir='ltr'><strong>Cornelius</strong></span> <span class='ocrx_word' id='word_1_219' title='bbox 1264 2695 1372 2780; x_wconf 89' lang='lat' dir='ltr'><strong>Scipio</strong></span> 
     </span>
     <span class='ocr_line' id='line_1_29' title="bbox 316 2779 1377 2865; baseline -0.001 -20"><span class='ocrx_word' id='word_1_220' title='bbox 316 2785 461 2865; x_wconf 62' lang='lat' dir='ltr'><strong>Nasica,</strong></span> <span class='ocrx_word' id='word_1_221' title='bbox 485 2782 523 2847; x_wconf 81' lang='lat'><strong>0.</strong></span> <span class='ocrx_word' id='word_1_222' title='bbox 540 2783 715 2862; x_wconf 82' lang='lat' dir='ltr'><strong>Flaminius,</strong></span> <span class='ocrx_word' id='word_1_223' title='bbox 738 2783 773 2846; x_wconf 67' lang='lat'><strong>1..</strong></span> <span class='ocrx_word' id='word_1_224' title='bbox 789 2781 924 2846; x_wconf 89' lang='lat' dir='ltr'><strong>Manlius</strong></span> <span class='ocrx_word' id='word_1_225' title='bbox 945 2785 1104 2847; x_wconf 87' lang='lat' dir='ltr'><strong>Acidinus.</strong></span> <span class='ocrx_word' id='word_1_226' title='bbox 1145 2779 1322 2865; x_wconf 80' lang='lat' dir='ltr'><strong>AEdes&#39;dure</strong></span> <span class='ocrx_word' id='word_1_227' title='bbox 1336 2803 1377 2844; x_wconf 89' lang='lat' dir='ltr'><strong>co</strong></span> 
     </span>
     <span class='ocr_line' id='line_1_30' title="bbox 330 2867 1379 2956; baseline -0.007 -20"><span class='ocrx_word' id='word_1_228' title='bbox 330 2894 419 2936; x_wconf 78' lang='lat' dir='ltr'><strong>anno</strong></span> <span class='ocrx_word' id='word_1_229' title='bbox 446 2871 592 2934; x_wconf 77' lang='lat' dir='ltr'><strong>dedicate</strong></span> <span class='ocrx_word' id='word_1_230' title='bbox 616 2882 704 2932; x_wconf 84' lang='lat' dir='ltr'><strong>sunt:</strong></span> <span class='ocrx_word' id='word_1_231' title='bbox 727 2891 788 2931; x_wconf 90' lang='lat' dir='ltr'><strong>una</strong></span> <span class='ocrx_word' id='word_1_232' title='bbox 801 2870 929 2933; x_wconf 86' lang='lat' dir='ltr'><strong>Veneris</strong></span> <span class='ocrx_word' id='word_1_233' title='bbox 952 2870 1090 2956; x_wconf 83' lang='lat' dir='ltr'><strong>Erycinae</strong></span> <span class='ocrx_word' id='word_1_234' title='bbox 1113 2871 1152 2932; x_wconf 89' lang='lat' dir='ltr'><strong>ad</strong></span> <span class='ocrx_word' id='word_1_235' title='bbox 1174 2880 1291 2952; x_wconf 87' lang='lat' dir='ltr'><strong>portam</strong></span> <span class='ocrx_word' id='word_1_236' title='bbox 1304 2867 1379 2929; x_wconf 84' lang='lat' dir='ltr'><strong>Col·</strong></span> 
     </span>
     <span class='ocr_line' id='line_1_31' title="bbox 325 2952 1387 3033; baseline -0.007 -12"><span class='ocrx_word' id='word_1_237' title='bbox 325 2960 453 3022; x_wconf 70' lang='lat' dir='ltr'><strong>*linamr</strong></span> <span class='ocrx_word' id='word_1_238' title='bbox 485 2957 637 3020; x_wconf 86' lang='lat' dir='ltr'><strong>dedicavit</strong></span> <span class='ocrx_word' id='word_1_239' title='bbox 663 2955 699 3017; x_wconf 75' lang='lat' dir='ltr'><strong>la.</strong></span> <span class='ocrx_word' id='word_1_240' title='bbox 724 2956 847 3019; x_wconf 90' lang='lat' dir='ltr'><strong>Porcius</strong></span> <span class='ocrx_word' id='word_1_241' title='bbox 871 2956 905 3020; x_wconf 86' lang='lat' dir='ltr'><strong>L.</strong></span> <span class='ocrx_word' id='word_1_242' title='bbox 926 2957 960 3020; x_wconf 87' lang='lat' dir='ltr'><strong>F.</strong></span> <span class='ocrx_word' id='word_1_243' title='bbox 981 2956 1105 3020; x_wconf 87' lang='lat' dir='ltr'><strong>Licinus</strong></span> <span class='ocrx_word' id='word_1_244' title='bbox 1129 2955 1277 3018; x_wconf 82' lang='lat' dir='ltr'><strong>duumuir.</strong></span> <span class='ocrx_word' id='word_1_245' title='bbox 1302 2952 1387 3033; x_wconf 83' lang='lat' dir='ltr'><strong>(vota</strong></span> 
     </span>
    </p>

    <p class='ocr_par' dir='ltr' id='par_1_4' title="bbox 331 3039 1426 3219">
     <span class='ocr_line' id='line_1_32' title="bbox 331 3039 1426 3126; baseline -0.008 -17"><span class='ocrx_word' id='word_1_246' title='bbox 331 3057 406 3109; x_wconf 77' lang='lat' dir='ltr'><strong>erat</strong></span> <span class='ocrx_word' id='word_1_247' title='bbox 429 3046 469 3109; x_wconf 88' lang='lat' dir='ltr'><strong>ab</strong></span> <span class='ocrx_word' id='word_1_248' title='bbox 493 3043 615 3106; x_wconf 88' lang='lat' dir='ltr'><strong>consule</strong></span> <span class='ocrx_word' id='word_1_249' title='bbox 639 3041 673 3106; x_wconf 74' lang='lat' dir='ltr'><strong>Ia.</strong></span> <span class='ocrx_word' id='word_1_250' title='bbox 688 3041 805 3122; x_wconf 90' lang='lat' dir='ltr'><strong>Porcio,</strong></span> <span class='ocrx_word' id='word_1_251' title='bbox 822 3043 983 3126; x_wconf 85' lang='lat' dir='ltr'><strong>Ligustino</strong></span> <span class='ocrx_word' id='word_1_252' title='bbox 1006 3043 1111 3125; x_wconf 92' lang='lat' dir='ltr'><strong>bello.)</strong></span> <span class='ocrx_word' id='word_1_253' title='bbox 1137 3043 1245 3120; x_wconf 88' lang='lat' dir='ltr'><strong>altera,</strong></span> <span class='ocrx_word' id='word_1_254' title='bbox 1265 3041 1297 3101; x_wconf 92' lang='lat' dir='ltr'><strong>in</strong></span> <span class='ocrx_word' id='word_1_255' title='bbox 1319 3039 1386 3101; x_wconf 82' lang='lat' dir='ltr'><strong>soro</strong></span> <span class='ocrx_word' id='word_1_256' title='bbox 1424 3065 1426 3072; x_wconf 57' lang='lat'><strong>¹</strong></span> 
     </span>
     <span class='ocr_line' id='line_1_33' title="bbox 332 3125 1387 3219; baseline -0.018 -14"><span class='ocrx_word' id='word_1_257' title='bbox 332 3133 474 3219; x_wconf 72' lang='lat' dir='ltr'><strong>olitorio,</strong></span> <span class='ocrx_word' id='word_1_258' title='bbox 497 3129 633 3201; x_wconf 74' lang='lat' dir='ltr'><strong>Pietatis.</strong></span> <span class='ocrx_word' id='word_1_259' title='bbox 657 3153 726 3199; x_wconf 84' lang='lat' dir='ltr'><strong>eam</strong></span> <span class='ocrx_word' id='word_1_260' title='bbox 748 3130 842 3195; x_wconf 82' lang='lat' dir='ltr'><strong>aedem</strong></span> <span class='ocrx_word' id='word_1_261' title='bbox 867 3131 1022 3192; x_wconf 82' lang='lat' dir='ltr'><strong>dedicavit</strong></span> <span class='ocrx_word' id='word_1_262' title='bbox 1044 3129 1103 3191; x_wconf 90' lang='grc' dir='ltr'><strong>Μ’.</strong></span> <span class='ocrx_word' id='word_1_263' title='bbox 1120 3129 1238 3191; x_wconf 85' lang='lat' dir='ltr'><strong>Acilius</strong></span> <span class='ocrx_word' id='word_1_264' title='bbox 1261 3125 1387 3189; x_wconf 83' lang='lat' dir='ltr'><strong>Glabrio</strong></span> 
     </span>
    </p>
   </div>
   <div class='ocr_carea' id='block_1_3' title="bbox 175 3212 1388 3487">
    <p class='ocr_par' dir='ltr' id='par_1_5' title="bbox 175 3212 1388 3487">
     <span class='ocr_line' id='line_1_34' title="bbox 175 3212 1386 3310; baseline -0.02 -14"><span class='ocrx_word' id='word_1_265' title='bbox 175 3257 327 3310; x_wconf 60' lang='lat' dir='ltr'><strong>mmm..</strong></span> <span class='ocrx_word' id='word_1_266' title='bbox 341 3228 498 3305; x_wconf 83' lang='lat' dir='ltr'><strong>duumvir3</strong></span> <span class='ocrx_word' id='word_1_267' title='bbox 529 3236 721 3304; x_wconf 84' lang='lat' dir='ltr'><strong>statuamque</strong></span> <span class='ocrx_word' id='word_1_268' title='bbox 748 3219 901 3295; x_wconf 80' lang='lat' dir='ltr'><strong>auratam,</strong></span> <span class='ocrx_word' id='word_1_269' title='bbox 930 3219 1032 3299; x_wconf 80' lang='lat' dir='ltr'><strong>¹⁰quoe</strong></span> <span class='ocrx_word' id='word_1_270' title='bbox 1062 3217 1162 3299; x_wconf 90' lang='lat' dir='ltr'><strong>prima</strong></span> <span class='ocrx_word' id='word_1_271' title='bbox 1191 3213 1328 3276; x_wconf 90' lang='lat' dir='ltr'><strong>omnium</strong></span> <span class='ocrx_word' id='word_1_272' title='bbox 1353 3212 1386 3272; x_wconf 86' lang='lat' dir='ltr'><strong>in</strong></span> 
     </span>
     <span class='ocr_line' id='line_1_35' title="bbox 176 3296 1386 3389; baseline -0.016 -13"><span class='ocrx_word' id='word_1_273' title='bbox 176 3336 295 3379; x_wconf 76' lang='lat' dir='ltr'><strong>amtor.</strong></span> <span class='ocrx_word' id='word_1_274' title='bbox 341 3316 433 3380; x_wconf 89' lang='lat' dir='ltr'><strong>Italia</strong></span> <span class='ocrx_word' id='word_1_275' title='bbox 451 3324 554 3376; x_wconf 88' lang='lat' dir='ltr'><strong>statua</strong></span> <span class='ocrx_word' id='word_1_276' title='bbox 577 3320 682 3372; x_wconf 88' lang='lat' dir='ltr'><strong>aurata</strong></span> <span class='ocrx_word' id='word_1_277' title='bbox 703 3317 761 3386; x_wconf 88' lang='lat' dir='ltr'><strong>est,</strong></span> <span class='ocrx_word' id='word_1_278' title='bbox 784 3305 863 3389; x_wconf 91' lang='lat' dir='ltr'><strong>patri</strong></span> <span class='ocrx_word' id='word_1_279' title='bbox 886 3301 1044 3365; x_wconf 89' lang='lat' dir='ltr'><strong>Glabrioni</strong></span> <span class='ocrx_word' id='word_1_280' title='bbox 1067 3303 1181 3384; x_wconf 88' lang='lat' dir='ltr'><strong>posuit.</strong></span> <span class='ocrx_word' id='word_1_281' title='bbox 1226 3303 1251 3337; x_wconf 90' lang='lat'><strong>¹¹</strong></span> <span class='ocrx_word' id='word_1_282' title='bbox 1266 3296 1295 3358; x_wconf 88' lang='lat' dir='ltr'><strong>Is</strong></span> <span class='ocrx_word' id='word_1_283' title='bbox 1311 3307 1386 3372; x_wconf 90' lang='lat' dir='ltr'><strong>erat,</strong></span> 
     </span>
     <span class='ocr_line' id='line_1_36' title="bbox 341 3381 1388 3487; baseline -0.021 -21"><span class='ocrx_word' id='word_1_284' title='bbox 341 3403 392 3487; x_wconf 88' lang='lat' dir='ltr'><strong>qui</strong></span> <span class='ocrx_word' id='word_1_285' title='bbox 408 3404 472 3486; x_wconf 86' lang='lat' dir='ltr'><strong>ipse.</strong></span> <span class='ocrx_word' id='word_1_286' title='bbox 486 3419 554 3463; x_wconf 88' lang='lat' dir='ltr'><strong>eam</strong></span> <span class='ocrx_word' id='word_1_287' title='bbox 569 3397 664 3460; x_wconf 85' lang='lat' dir='ltr'><strong>eedem</strong></span> <span class='ocrx_word' id='word_1_288' title='bbox 679 3405 809 3472; x_wconf 86' lang='lat' dir='ltr'><strong>voverat,</strong></span> <span class='ocrx_word' id='word_1_289' title='bbox 832 3410 893 3472; x_wconf 91' lang='lat' dir='ltr'><strong>quo</strong></span> <span class='ocrx_word' id='word_1_290' title='bbox 909 3389 958 3450; x_wconf 90' lang='lat' dir='ltr'><strong>die</strong></span> <span class='ocrx_word' id='word_1_291' title='bbox 982 3408 1051 3451; x_wconf 90' lang='lat' dir='ltr'><strong>eum</strong></span> <span class='ocrx_word' id='word_1_292' title='bbox 1074 3407 1146 3469; x_wconf 88' lang='lat' dir='ltr'><strong>rege</strong></span> <span class='ocrx_word' id='word_1_293' title='bbox 1166 3384 1326 3448; x_wconf 84' lang='lat' dir='ltr'><strong>Antiocho</strong></span> <span class='ocrx_word' id='word_1_294' title='bbox 1347 3381 1388 3444; x_wconf 88' lang='lat' dir='ltr'><strong>ad</strong></span> 
     </span>
    </p>
   </div>
   <div class='ocr_carea' id='block_1_4' title="bbox 737 3547 993 3624">
    <p class='ocr_par' dir='ltr' id='par_1_6' title="bbox 737 3547 993 3624">
     <span class='ocr_line' id='line_1_37' title="bbox 737 3547 993 3624; baseline -0.02 0"><span class='ocrx_word' id='word_1_295' title='bbox 737 3547 829 3624; x_wconf 81' lang='lat' dir='ltr'><strong>²adel.</strong></span> <span class='ocrx_word' id='word_1_296' title='bbox 841 3571 913 3622; x_wconf 85' lang='lat' dir='ltr'><strong>Groa.</strong></span> <span class='ocrx_word' id='word_1_297' title='bbox 925 3570 993 3622; x_wconf 84' lang='lat' dir='ltr'><strong>Crer.</strong></span> 
     </span>
    </p>
   </div>
   <div class='ocr_carea' id='block_1_5' title="bbox 336 3731 1393 4526">
    <p class='ocr_par' dir='ltr' id='par_1_7' title="bbox 339 3731 1393 4144">
     <span class='ocr_line' id='line_1_38' title="bbox 371 3731 1391 3814; baseline -0.026 -12"><span class='ocrx_word' id='word_1_298' title='bbox 371 3743 676 3807; x_wconf 73' lang='lat' dir='ltr'><strong>⁸·Quera...adsm]</strong></span> <span class='ocrx_word' id='word_1_299' title='bbox 702 3741 790 3791; x_wconf 79' lang='lat' dir='ltr'><strong>Eadem</strong></span> <span class='ocrx_word' id='word_1_300' title='bbox 811 3755 849 3790; x_wconf 85' lang='lat' dir='ltr'><strong>res</strong></span> <span class='ocrx_word' id='word_1_301' title='bbox 882 3747 932 3814; x_wconf 74' lang='lat' dir='ltr'><strong>rota</strong></span> <span class='ocrx_word' id='word_1_302' title='bbox 949 3745 988 3786; x_wconf 77' lang='lat' dir='ltr'><strong>ert.</strong></span> <span class='ocrx_word' id='word_1_303' title='bbox 1019 3735 1237 3811; x_wconf 58' lang='lat' dir='ltr'><strong>Summanum</strong></span> <span class='ocrx_word' id='word_1_304' title='bbox 1258 3731 1391 3792; x_wconf 63' lang='lat' dir='ltr'><strong>macuta</strong></span> 
     </span>
     <span class='ocr_line' id='line_1_39' title="bbox 340 3793 1391 3942; baseline -0.029 -8"><span class='ocrx_word' id='word_1_305' title='bbox 340 3815 508 3934; x_wconf 55' lang='lat' dir='ltr'><strong>..aaut</strong></span> <span class='ocrx_word' id='word_1_306' title='bbox 524 3807 851 3942; x_wconf 57' lang='lat' dir='ltr'><strong>ansanum</strong></span> <span class='ocrx_word' id='word_1_307' title='bbox 881 3793 1391 3936; x_wconf 65' lang='lat' dir='ltr'><strong>retzstanmsnns</strong></span> 
     </span>
     <span class='ocr_line' id='line_1_40' title="bbox 341 3923 1390 4006; baseline -0.027 -8"><span class='ocrx_word' id='word_1_308' title='bbox 341 3965 389 4000; x_wconf 87' lang='lat' dir='ltr'><strong>uon</strong></span> <span class='ocrx_word' id='word_1_309' title='bbox 406 3963 452 3996; x_wconf 91' lang='lat' dir='ltr'><strong>uuo</strong></span> <span class='ocrx_word' id='word_1_310' title='bbox 470 3945 559 4006; x_wconf 77' lang='lat' dir='ltr'><strong>agmine</strong></span> <span class='ocrx_word' id='word_1_311' title='bbox 575 3941 703 3992; x_wconf 79' lang='lat' dir='ltr'><strong>veniebant,</strong></span> <span class='ocrx_word' id='word_1_312' title='bbox 723 3951 767 3985; x_wconf 88' lang='lat' dir='ltr'><strong>uec</strong></span> <span class='ocrx_word' id='word_1_313' title='bbox 790 3936 849 3983; x_wconf 83' lang='lat' dir='ltr'><strong>circa</strong></span> <span class='ocrx_word' id='word_1_314' title='bbox 880 3938 905 3983; x_wconf 85' lang='lat' dir='ltr'><strong>in</strong></span> <span class='ocrx_word' id='word_1_315' title='bbox 913 3931 1128 3994; x_wconf 79' lang='lat' dir='ltr'><strong>forestataeretur:</strong></span> <span class='ocrx_word' id='word_1_316' title='bbox 1144 3938 1169 3974; x_wconf 87' lang='lat' dir='ltr'><strong>et</strong></span> <span class='ocrx_word' id='word_1_317' title='bbox 1184 3925 1221 4001; x_wconf 72' lang='lat' dir='ltr'><strong>bis</strong></span> <span class='ocrx_word' id='word_1_318' title='bbox 1239 3923 1300 3970; x_wconf 78' lang='lat' dir='ltr'><strong>ml.</strong></span> <span class='ocrx_word' id='word_1_319' title='bbox 1313 3933 1348 3998; x_wconf 64' lang='lat' dir='ltr'><strong>rx:</strong></span> <span class='ocrx_word' id='word_1_320' title='bbox 1362 3933 1390 3970; x_wconf 89' lang='grc' dir='ltr'><strong>ιι.</strong></span> 
     </span>
     <span class='ocr_line' id='line_1_41' title="bbox 339 3989 1392 4075; baseline -0.029 -12"><span class='ocrx_word' id='word_1_321' title='bbox 339 4016 404 4075; x_wconf 76' lang='lat' dir='ltr'><strong>bigne</strong></span> <span class='ocrx_word' id='word_1_322' title='bbox 413 4029 442 4062; x_wconf 82' lang='lat' dir='ltr'><strong>ex</strong></span> <span class='ocrx_word' id='word_1_323' title='bbox 460 4008 576 4073; x_wconf 83' lang='lat' dir='ltr'><strong>disciplina</strong></span> <span class='ocrx_word' id='word_1_324' title='bbox 593 4001 728 4067; x_wconf 75' lang='lat' dir='ltr'><strong>conglobati,</strong></span> <span class='ocrx_word' id='word_1_325' title='bbox 744 4000 783 4050; x_wconf 85' lang='lat' dir='ltr'><strong>sed</strong></span> <span class='ocrx_word' id='word_1_326' title='bbox 801 4000 849 4048; x_wconf 84' lang='lat' dir='ltr'><strong>dis·</strong></span> <span class='ocrx_word' id='word_1_327' title='bbox 883 3997 920 4048; x_wconf 85' lang='lat'><strong>16.</strong></span> <span class='ocrx_word' id='word_1_328' title='bbox 938 3995 1020 4044; x_wconf 49' lang='lat' dir='ltr'><strong>*eadem</strong></span> <span class='ocrx_word' id='word_1_329' title='bbox 1036 3993 1156 4041; x_wconf 75' lang='lat' dir='ltr'><strong>loeutioere</strong></span> <span class='ocrx_word' id='word_1_330' title='bbox 1170 3989 1325 4066; x_wconf 35' lang='lat' dir='ltr'><strong>untur3⁸e¹t</strong></span> <span class='ocrx_word' id='word_1_331' title='bbox 1341 3999 1392 4062; x_wconf 54' lang='lat' dir='ltr'><strong>&#39;ff</strong></span> 
     </span>
     <span class='ocr_line' id='line_1_42' title="bbox 341 4051 1393 4144; baseline -0.029 -15"><span class='ocrx_word' id='word_1_332' title='bbox 341 4079 398 4144; x_wconf 71' lang='lat' dir='ltr'><strong>letti</strong></span> <span class='ocrx_word' id='word_1_333' title='bbox 408 4077 561 4141; x_wconf 81' lang='lat' dir='ltr'><strong>disu‘prtique.</strong></span> <span class='ocrx_word' id='word_1_334' title='bbox 881 4059 966 4118; x_wconf 77' lang='lat' dir='ltr'><strong>liuius,</strong></span> <span class='ocrx_word' id='word_1_335' title='bbox 983 4071 1063 4108; x_wconf 85' lang='lat' dir='ltr'><strong>xxrrr.</strong></span> <span class='ocrx_word' id='word_1_336' title='bbox 1082 4059 1120 4108; x_wconf 79' lang='lat'><strong>19.</strong></span> <span class='ocrx_word' id='word_1_337' title='bbox 1150 4055 1231 4104; x_wconf 75' lang='lat' dir='ltr'><strong>sarua</strong></span> <span class='ocrx_word' id='word_1_338' title='bbox 1248 4067 1295 4115; x_wconf 67' lang='lat' dir='ltr'><strong>qus</strong></span> <span class='ocrx_word' id='word_1_339' title='bbox 1310 4051 1393 4100; x_wconf 64' lang='lat' dir='ltr'><strong>sunu</strong></span> 
     </span>
    </p>

    <p class='ocr_par' dir='ltr' id='par_1_8' title="bbox 336 4119 1393 4526">
     <span class='ocr_line' id='line_1_43' title="bbox 375 4119 1257 4198; baseline -0.027 -7"><span class='ocrx_word' id='word_1_340' title='bbox 375 4146 387 4180; x_wconf 80' lang='lat'>⁹</span> <span class='ocrx_word' id='word_1_341' title='bbox 404 4142 479 4190; x_wconf 80' lang='lat' dir='ltr'><strong>Multa</strong></span> <span class='ocrx_word' id='word_1_342' title='bbox 496 4138 583 4189; x_wconf 75' lang='lat' dir='ltr'><strong>castallo</strong></span> <span class='ocrx_word' id='word_1_343' title='bbox 599 4131 746 4198; x_wconf 75' lang='lat' dir='ltr'><strong>oppugnauit]</strong></span> <span class='ocrx_word' id='word_1_344' title='bbox 768 4129 852 4186; x_wconf 84' lang='lat' dir='ltr'><strong>Nobis,</strong></span> <span class='ocrx_word' id='word_1_345' title='bbox 873 4126 938 4192; x_wconf 83' lang='lat' dir='ltr'><strong>suit,</strong></span> <span class='ocrx_word' id='word_1_346' title='bbox 955 4123 1064 4171; x_wconf 79' lang='lat' dir='ltr'><strong>Proenertr</strong></span> <span class='ocrx_word' id='word_1_347' title='bbox 1074 4119 1257 4196; x_wconf 66' lang='lat' dir='ltr'><strong>besanensem.</strong></span> 
     </span>
     <span class='ocr_line' id='line_1_44' title="bbox 345 4183 1390 4267; baseline -0.026 -14"><span class='ocrx_word' id='word_1_348' title='bbox 345 4217 373 4253; x_wconf 86' lang='lat' dir='ltr'><strong>ut</strong></span> <span class='ocrx_word' id='word_1_349' title='bbox 389 4216 414 4253; x_wconf 81' lang='lat' dir='ltr'><strong>ct</strong></span> <span class='ocrx_word' id='word_1_350' title='bbox 426 4204 549 4262; x_wconf 74' lang='lat' dir='ltr'><strong>Gronmio,</strong></span> <span class='ocrx_word' id='word_1_351' title='bbox 565 4201 664 4267; x_wconf 74' lang='lat' dir='ltr'><strong>placeret</strong></span> <span class='ocrx_word' id='word_1_352' title='bbox 678 4196 751 4260; x_wconf 76' lang='lat' dir='ltr'><strong>magis</strong></span> <span class='ocrx_word' id='word_1_353' title='bbox 764 4209 850 4259; x_wconf 75' lang='lat' dir='ltr'><strong>&#39;eapug-</strong></span> <span class='ocrx_word' id='word_1_354' title='bbox 915 4190 935 4223; x_wconf 90' lang='lat'><strong>¹¹</strong></span> <span class='ocrx_word' id='word_1_355' title='bbox 953 4187 977 4264; x_wconf 66' lang='lat' dir='ltr'><strong>lt</strong></span> <span class='ocrx_word' id='word_1_356' title='bbox 993 4183 1052 4250; x_wconf 64' lang='lat' dir='ltr'><strong>mi]</strong></span> <span class='ocrx_word' id='word_1_357' title='bbox 1072 4185 1145 4264; x_wconf 62' lang='lat' dir='ltr'><strong>liefer</strong></span> <span class='ocrx_word' id='word_1_358' title='bbox 1165 4187 1195 4232; x_wconf 78' lang='lat' dir='ltr'><strong>rb</strong></span> <span class='ocrx_word' id='word_1_359' title='bbox 1216 4183 1283 4259; x_wconf 44' lang='lat' dir='ltr'><strong>rs&#39;ad</strong></span> <span class='ocrx_word' id='word_1_360' title='bbox 1297 4191 1390 4245; x_wconf 74' lang='lat' dir='ltr'><strong>pam</strong></span> 
     </span>
     <span class='ocr_line' id='line_1_45' title="bbox 345 4253 1392 4318; baseline -0.025 1"><span class='ocrx_word' id='word_1_361' title='bbox 345 4271 416 4318; x_wconf 82' lang='lat' dir='ltr'><strong>navit.</strong></span> <span class='ocrx_word' id='word_1_362' title='bbox 884 4253 1041 4309; x_wconf 76' lang='lat' dir='ltr'><strong>Glabrionem,</strong></span> <span class='ocrx_word' id='word_1_363' title='bbox 1057 4267 1094 4300; x_wconf 86' lang='lat' dir='ltr'><strong>cur</strong></span> <span class='ocrx_word' id='word_1_364' title='bbox 1112 4261 1187 4299; x_wconf 73' lang='grc' dir='ltr'><strong>ιιιῑιιι</strong></span> <span class='ocrx_word' id='word_1_365' title='bbox 1292 4255 1330 4295; x_wconf 78' lang='lat' dir='ltr'><strong>est</strong></span> <span class='ocrx_word' id='word_1_366' title='bbox 1340 4255 1392 4294; x_wconf 68' lang='lat' dir='ltr'><strong>nn</strong></span> 
     </span>
     <span class='ocr_line' id='line_1_46' title="bbox 336 4309 1392 4394; baseline -0.025 -9"><span class='ocrx_word' id='word_1_367' title='bbox 336 4377 339 4386; x_wconf 88' lang='lat'><strong>.</strong></span> <span class='ocrx_word' id='word_1_368' title='bbox 378 4333 401 4372; x_wconf 83' lang='lat'><strong>¹⁰</strong></span> <span class='ocrx_word' id='word_1_369' title='bbox 417 4329 472 4390; x_wconf 72' lang='lat' dir='ltr'><strong>Qu</strong></span> <span class='ocrx_word' id='word_1_370' title='bbox 486 4335 558 4394; x_wconf 76' lang='lat' dir='ltr'><strong>priora</strong></span> <span class='ocrx_word' id='word_1_371' title='bbox 573 4331 668 4379; x_wconf 77' lang='grc' dir='ltr'><strong>οιιιιιίιιιιι</strong></span> <span class='ocrx_word' id='word_1_372' title='bbox 684 4361 691 4376; x_wconf 92' lang='grc'><strong>.</strong></span> <span class='ocrx_word' id='word_1_373' title='bbox 708 4361 715 4375; x_wconf 94' lang='grc'><strong>.</strong></span> <span class='ocrx_word' id='word_1_374' title='bbox 732 4361 739 4376; x_wconf 89' lang='grc'><strong><em>,</em></strong></span> <span class='ocrx_word' id='word_1_375' title='bbox 755 4328 850 4373; x_wconf 63' lang='lat' dir='ltr'><strong>{notua</strong></span> <span class='ocrx_word' id='word_1_376' title='bbox 880 4321 909 4366; x_wconf 84' lang='lat' dir='ltr'><strong>ad</strong></span> <span class='ocrx_word' id='word_1_377' title='bbox 930 4317 1012 4374; x_wconf 83' lang='lat' dir='ltr'><strong>filium,</strong></span> <span class='ocrx_word' id='word_1_378' title='bbox 1028 4316 1067 4378; x_wconf 88' lang='lat' dir='ltr'><strong>qui</strong></span> <span class='ocrx_word' id='word_1_379' title='bbox 1085 4317 1169 4378; x_wconf 76' lang='lat' dir='ltr'><strong>posuit.</strong></span> <span class='ocrx_word' id='word_1_380' title='bbox 1227 4313 1272 4360; x_wconf 91' lang='lat' dir='ltr'><strong>uod</strong></span> <span class='ocrx_word' id='word_1_381' title='bbox 1290 4322 1316 4359; x_wconf 80' lang='lat' dir='ltr'><strong>et</strong></span> <span class='ocrx_word' id='word_1_382' title='bbox 1336 4309 1392 4360; x_wconf 67' lang='grc' dir='ltr'><strong>ιώ</strong></span> 
     </span>
     <span class='ocr_line' id='line_1_47' title="bbox 336 4375 1393 4459; baseline -0.023 -12"><span class='ocrx_word' id='word_1_383' title='bbox 336 4387 428 4448; x_wconf 68' lang='lat' dir='ltr'><strong>&#39;aitrau</strong></span> <span class='ocrx_word' id='word_1_384' title='bbox 446 4397 486 4459; x_wconf 76' lang='lat' dir='ltr'><strong>at]</strong></span> <span class='ocrx_word' id='word_1_385' title='bbox 509 4387 654 4445; x_wconf 70' lang='lat' dir='ltr'><strong>Aueutimur</strong></span> <span class='ocrx_word' id='word_1_386' title='bbox 674 4389 791 4438; x_wconf 83' lang='lat' dir='ltr'><strong>Grouorio</strong></span> <span class='ocrx_word' id='word_1_387' title='bbox 813 4386 849 4437; x_wconf 87' lang='lat' dir='ltr'><strong>ie·</strong></span> <span class='ocrx_word' id='word_1_388' title='bbox 878 4395 945 4450; x_wconf 80' lang='lat' dir='ltr'><strong>petet</strong></span> <span class='ocrx_word' id='word_1_389' title='bbox 956 4381 985 4432; x_wconf 82' lang='lat' dir='ltr'><strong>ex</strong></span> <span class='ocrx_word' id='word_1_390' title='bbox 994 4381 1046 4444; x_wconf 85' lang='lat' dir='ltr'><strong>ipsis</strong></span> <span class='ocrx_word' id='word_1_391' title='bbox 1058 4379 1117 4429; x_wconf 84' lang='lat' dir='ltr'><strong>Livii</strong></span> <span class='ocrx_word' id='word_1_392' title='bbox 1127 4378 1209 4434; x_wconf 79' lang='lat' dir='ltr'><strong>verbis,</strong></span> <span class='ocrx_word' id='word_1_393' title='bbox 1225 4389 1251 4426; x_wconf 82' lang='lat' dir='ltr'><strong>et</strong></span> <span class='ocrx_word' id='word_1_394' title='bbox 1266 4375 1327 4426; x_wconf 79' lang='lat' dir='ltr'><strong>clare</strong></span> <span class='ocrx_word' id='word_1_395' title='bbox 1337 4391 1393 4424; x_wconf 82' lang='lat' dir='ltr'><strong>om·</strong></span> 
     </span>
     <span class='ocr_line' id='line_1_48' title="bbox 344 4441 1376 4526; baseline -0.021 -14"><span class='ocrx_word' id='word_1_396' title='bbox 344 4463 419 4525; x_wconf 70' lang='lat' dir='ltr'><strong>genti,</strong></span> <span class='ocrx_word' id='word_1_397' title='bbox 437 4475 484 4526; x_wconf 68' lang='lat' dir='ltr'><strong>pra</strong></span> <span class='ocrx_word' id='word_1_398' title='bbox 502 4462 575 4523; x_wconf 78' lang='lat' dir='ltr'><strong>prinu</strong></span> <span class='ocrx_word' id='word_1_399' title='bbox 593 4460 789 4510; x_wconf 71' lang='lat' dir='ltr'><strong>contumactae</strong></span> <span class='ocrx_word' id='word_1_400' title='bbox 807 4469 850 4518; x_wconf 81' lang='grc' dir='ltr'><strong>ιιιι-Ι</strong></span> <span class='ocrx_word' id='word_1_401' title='bbox 882 4450 937 4501; x_wconf 85' lang='lat' dir='ltr'><strong>uiuo</strong></span> <span class='ocrx_word' id='word_1_402' title='bbox 947 4447 1081 4515; x_wconf 80' lang='lat' dir='ltr'><strong>exprimitur</strong></span> <span class='ocrx_word' id='word_1_403' title='bbox 1091 4443 1165 4512; x_wconf 64' lang='lat' dir='ltr'><strong>allel.</strong></span> <span class='ocrx_word' id='word_1_404' title='bbox 1174 4443 1240 4498; x_wconf 81' lang='lat' dir='ltr'><strong>Max.</strong></span> <span class='ocrx_word' id='word_1_405' title='bbox 1249 4441 1268 4496; x_wconf 94' lang='lat' dir='ltr'><strong>l.</strong></span> <span class='ocrx_word' id='word_1_406' title='bbox 1277 4454 1308 4495; x_wconf 86' lang='lat' dir='ltr'><strong>rr.</strong></span> <span class='ocrx_word' id='word_1_407' title='bbox 1318 4443 1376 4495; x_wconf 64' lang='lat' dir='ltr'><strong>ab.</strong></span> 
     </span>
    </p>
   </div>
   <div class='ocr_carea' id='block_1_6' title="bbox 0 0 1518 5164">
    <p class='ocr_par' dir='ltr' id='par_1_9' title="bbox 0 0 1518 5164">
     <span class='ocr_line' id='line_1_49' title="bbox 0 0 1518 5164; baseline 0 1"><span class='ocrx_word' id='word_1_408' title='bbox 0 0 1518 5164; x_wconf 95' lang='lat' dir='ltr'><strong> </strong></span> 
     </span>
    </p>
   </div>
  </div>
 </body>
</html>
