3026 5164
402 367 478 429 LlB.
491 367 638 429 XXXIX.
651 371 734 430 CAP.
747 369 848 430 XXX.
1084 381 1142 435 425

100 534 212 585 verunt
227 523 265 584 ab
281 521 445 586 Romanis:
470 538 579 588 utnon
600 547 619 587 a
639 524 747 588 Perseo
771 527 834 589 filio
858 525 920 608 ejus
945 527 1029 590 novis
1053 549 1140 591 caus·
1155 528 1291 586 U·C·5fi⁷·

101 610 143 670 sis
167 623 294 688 motum,
317 613 371 674 sed
393 613 433 673 ob
454 613 508 672 has
524 634 543 673 a
557 627 642 694 patre
665 615 776 676 bellum
800 615 936 676 relictum
959 615 1022 676 lilio
1046 617 1141 680 videri

102 697 210 776 possit.
259 697 363 760 Romae
391 699 474 759 nulla
505 700 574 760 belli
602 698 794 761 Macedonici
819 701 949 782 suspicio
977 713 1050 763 erat.
1105 702 1140 766 b.
1154 702 1296 781 Manlius„

102 779 239 846 Manlius
262 786 423 866 proconsul
446 805 484 845 ex
506 783 658 867 Hispania
681 787 818 848 redierat.
844 787 893 848 cui
913 789 1079 869 postulanti
1104 791 1142 851 ab
1153 765 1264 880 mm

101 881 211 932 senatu
237 871 267 931 in
293 871 356 932 aede
382 869 515 933 Bellonae
538 872 724 954 triumphum
741 895 838 936 rerum
854 887 1006 955 gestamm
1023 873 1140 958 'magni-
1212 850 1231 882 ε’

100 955 178 1017 tudo
193 957 413 1038 impetrabilem
439 941 581 1035 faciebat,
607 960 779 1041 exemplum
800 961 962 1040 obstabat,
986 963 1067 1042 quod
1098 964 1142 1025 ita

100 1054 312 1124 comparatum
341 1065 424 1106 more
456 1043 604 1125 majorum
627 1057 701 1123 erat,
734 1066 772 1107 ne
803 1047 878 1130 quis,
902 1048 952 1128 qui
976 1049 1141 1110 exercitum

100 1147 164 1189 non
179 1130 380 1211 deportasset,
396 1130 607 1214 triumpharet,
632 1132 689 1193 nisi
715 1132 917 1214 perdomitam
942 1145 1141 1216 pacatamque

100 1216 289 1296 provinciam
328 1217 499 1278 tradidisset
535 1219 712 1280 successori.
749 1218 866 1281 medius
904 1231 1007 1282 tamen
1044 1223 1141 1283 honos

100 1299 222 1363 Manlio
236 1302 367 1380 habitus,
394 1315 428 1364 ut
448 1325 541 1364 ovans
567 1305 671 1366 urbem
693 1305 792 1366 iniret.
836 1304 922 1367 Tulit
943 1327 1071 1368 coronas
1086 1328 1140 1369 au-

99 1409 168 1449 reas
196 1390 415 1470 quinquaginta
444 1390 537 1451 duas:
584 1394 606 1428 ¹¹
619 1391 681 1452 auri
712 1403 857 1472 praeterea
885 1392 988 1474 pondo
1019 1405 1140 1455 centum

99 1475 253 1556 triginta⁰
271 1476 348 1537 duo:
379 1477 495 1560 argenti
517 1475 648 1539 sedecim
669 1477 765 1539 millia
779 1487 934 1539 trecenta:
962 1490 993 1540 et
1007 1500 1140 1562 pronun·

99 1561 195 1623 ciavit
209 1563 240 1623 in
255 1573 372 1640 senatu,
400 1565 425 1602 ¹²
436 1562 541 1624 decem
557 1563 651 1624 millia
665 1563 767 1645 pondo
783 1565 912 1644 argenti,
934 1575 965 1624 et
984 1567 1142 1646 octoginta

100 1647 167 1708 auri
194 1648 233 1719 Q.
250 1647 376 1711 Fabium
402 1659 579 1730 quaestorem
606 1649 763 1711 advehere.
788 1650 819 1710 id
839 1670 957 1731 quoque
973 1672 1005 1712 se
1021 1652 1052 1712 in
1067 1672 1142 1712 aera·

99 1735 181 1795 rium
196 1735 368 1797 inlaturum.
413 1733 546 1820 Magnus
572 1748 672 1799 motus
697 1736 810 1797 servilis
832 1757 870 1797 eo
887 1727 973 1798 anno
983 1738 1014 1798 in
1028 1738 1142 1819 Apulia

99 1819 169 1884 fuit.
213 1821 379 1883 Tarentum
405 1821 592 1904 provinciam
617 1820 653 1883 L.
667 1821 836 1885 Postumius
861 1835 971 1904 praetor
997 1823 1141 1887 habebat.

99 1904 132 1968 la
149 1906 188 1968 de
203 1921 357 1991 pastorum
380 1907 599 1988 conjuratione,
622 1909 672 1990 qui
696 1909 758 1970 vias
779 1909 945 1970 latrociniis
970 1931 1140 1992 pascuaque

97 1994 226 2076 publica
250 1995 360 2058 infesta
385 1995 564 2072 habuerant,
588 1996 786 2076 quaestionem
809 2016 909 2057 severe
936 1997 1080 2058 exercuit.
1101 1997 1140 2058 ad

99 2087 222 2162 septem
244 2083 339 2144 millia
361 2081 517 2142 hominum
540 2082 770 2144 condemnavit:
799 2083 885 2144 multi
920 2081 1025 2144 ¹³inde
1055 2083 1141 2165 fuge-

100 2180 185 2244 nmt,
213 2167 250 2228 de
278 2169 381 2231 multis
414 2179 544 2229 sumtum
579 2179 625 2230 est
658 2170 848 2251 supplicium.
902 2168 1058 2247 Consules,
1089 2170 1140 2231 diu

99 2255 214 2317 retenti
239 2255 278 2316 ad
301 2257 404 2317 urbem
429 2255 607 2332 delectibus‚
632 2255 763 2328 tandem
781 2256 811 2316 in
829 2248 996 2337 provincias
1012 2256 1139 2339 profecti

96 2353 182 2403 sunt.

145 2425 248 2488 XXX.
273 2425 391 2488 Eodem
412 2449 492 2490 anno
516 2429 547 2511 in
572 2427 722 2511 Hispania
745 2439 886 2511 praetores
910 2428 946 2491 C.
962 2427 1141 2512 Calpurnius
1153 2439 1201 2517 lte·
1211 2450 1282 2502 gesta
1373 2495 1375 2506 ¹

97 2525 135 2575 et
151 2512 187 2575 L.
202 2514 371 2592 Quinctius,
386 2534 478 2595 quum
494 2516 591 2597 primo
610 2536 679 2577 vere
701 2537 739 2576 ex
762 2515 892 2577 hibernis
918 2517 1021 2598 copias
1047 2517 1139 2578 educ·
1153 2522 1176 2581 ¹¹!
1189 2506 1275 2572 ffi'P‘·

98 2613 152 2662 tas
185 2602 216 2661 in
246 2597 379 2663 Baeturia
403 2600 588 2682 junxissent,
622 2603 652 2662 in
684 2599 910 2683 Carpetaniam,
932 2603 983 2663 ubi
1007 2601 1140 2664 hostium
1153 2585 1198 2619 '¹¹¹‘

99 2700 204 2749 castra
219 2701 316 2763 erant,
345 2690 524 2770 ¹⁴progressi
547 2700 627 2768 sunt,
654 2689 808 2750 communi
825 2690 926 2750 animo
953 2690 1140 2770 consilioque

97 2775 201 2856 parati
218 2795 280 2836 rern
295 2795 409 2856 gerere.
454 2773 546 2836 Haud
572 2776 675 2858 procul
696 2773 842 2858 Hippone
866 2787 897 2837 et
921 2773 1034 2838 Toleto
1058 2777 1140 2837 urbi·

97 2861 157 2921 bus
182 2861 260 2922 inter
287 2861 479 2943 pabulatores
501 2881 604 2943 pugna
618 2877 686 2923 orta
701 2874 758 2924 est.
782 2862 888 2942 quibus
904 2861 976 2923 dum
992 2863 1141 2946 utrimque

97 2946 276 3009 subvenitur
291 2969 310 3008 a
324 2949 441 3024 castris,
468 2948 624 3031 paullatim
649 2969 754 3008 omnes
778 2949 873 3030 copiae
888 2948 919 3010 in
936 2949 1032 3009 aciem
1049 2949 1141 3010 educ-

97 3045 142 3096 tae
157 3046 236 3096 sunt.
253 3035 284 3095 in
302 3055 339 3096 eo
355 3034 552 3096 tumultuario
567 3036 732 3096 certamine
748 3047 780 3095 et
808 3037 832 3073 ¹³
850 3035 918 3094 loca
932 3055 987 3094 sua
1001 3046 1033 3095 et
1047 3055 1141 3116 genus

97 3140 211 3202 pugnae
240 3142 295 3202 pro
322 3121 410 3182 hoste
434 3120 526 3181 fuere.
551 3122 611 3204 duo
637 3103 786 3182 exli-citus
810 3119 940 3181 Romani
967 3121 1024 3180 fusi
1052 3131 1141 3202 atque
1155 3137 1252 3186 Romani

97 3207 136 3267 in
170 3217 269 3267 castra
301 3207 447 3288 comprdsi
479 3218 557 3268 sunt.
596 3227 656 3268 non
688 3207 824 3267 institere
856 3206 1000 3289 perculsis
1029 3207 1142 3268 hostes.
1154 3206 1288 3254 mumur-

98 3291 260 3354 Praetores·
286 3292 427 3364 Romani,
462 3315 500 3354 ne
534 3304 656 3375 postero
689 3293 738 3352 die
764 3305 864 3354 castra
885 3293 1141 3374 obpugnarentur‚

98 3379 226 3441 silentio
253 3382 397 3463 proximae
421 3381 520 3441 noctis
548 3380 679 3441 ¹⁶taeit0
701 3379 789 3458 signo
815 3379 979 3440 exercitum
1007 3378 1140 3441 abduxe-

100 3479 183 3528 runt.
228 3464 309 3527 Luce
325 3467 422 3548 prima
438 3465 567 3548 Hispani
584 3467 648 3528 acie
674 3465 820 3526 instructa
841 3464 879 3526 ad
906 3465 1016 3526 vallum
1038 3487 1139 3526 acees-

98 3565 216 3631 serunt,
231 3573 384 3634 vacuaque
402 3565 507 3636 praeter
522 3574 606 3636 spem
622 3567 721 3614 castra
744 3552 879 3632 ingressi,
905 3571 969 3632 qnae
997 3553 1143 3614 derelicta

491 3681 589 3742 “uiginti
599 3679 671 3726 Gran.
682 3677 750 3728 Creu.

136 3784 229 3834 ¹¹Auri
321 3788 390 3845 pondo
417 3795 502 3832 centum
527 3788 607 3848 uiginti
637 3789 713 3850 gressi,
730 3787 838 3834 communi
860 3788 931 3834 animo
952 3787 1079 3850 consiliaque
1098 3803 1143 3835 rem

98 3852 157 3914 aaa]
183 3851 272 3900 Marco
296 3849 431 3897 Parisiensea
453 3853 505 3899 190.
528 3853 606 3899 uncias
635 3861 753 3915 gestes-rnre.

99 3923 126 3966 5.
137 3915 326 3980 Argerntsedecr'm
335 3909 402 3962 nrilllu
413 3925 516 3965 trecento.
541 3918 605 3964 Mar·
674 3917 692 3948 ¹⁵
701 3914 782 3976 {baa
792 3913 844 3979 surr]
862 3917 926 3966 laea
937 3913 988 3976 ribi,
999 3918 1020 3964 id
1032 3931 1075 3973 est,
1087 3917 1143 3964 His·

98 3997 138 4031 cas
150 3983 237 4028 burlis.
250 3981 327 4027 sarcias
338 3981 361 4026 u'.
639 3982 840 4044 panisopportuna.

136 4047 157 4078 ¹²
174 4043 251 4093 Decem
266 4043 521 4107 millinpoodoargentr]
544 4042 611 4091 Mar*
674 4045 692 4078 ¹¹³
706 4047 780 4092 Tacito
796 4045 871 4110 siano]
887 4047 979 4109 Signum
998 4050 1088 4094 lucinum
1107 4047 1144 4093 in·

99 4127 139 4162 cas
162 4111 246 4158 15625.
288 4109 403 4173 Octoginta
424 4113 483 4158 uari.
517 4110 787 4174 marers‚te11tgendum
801 4112 900 4170 viderur,
919 4127 964 4158 non
980 4115 1066 4167 vocale,
1084 4112 1143 4174 quod
1208 4111 1210 4116 '

103 4179 158 4226 125.
638 4177 701 4232 tuba,
711 4188 749 4222 aut
760 4177 861 4233 alcaico,
875 4189 913 4222 aut
930 4193 1000 4224 cornu
1012 4179 1057 4224 dari
1069 4178 1142 4224 soler:

138 4242 158 4274 ¹³
170 4235 355 4302 Indesrrgeruni]
364 4239 438 4290 Vacat
448 4237 478 4286 rb
488 4241 544 4287 inde.
639 4243 677 4290 scd
689 4253 779 4287 mutum
791 4241 1007 4304 clandestinumque,
1020 4245 1040 4288 id
1053 4255 1095 4298 ear,
1103 4257 1144 4306 per

137 4301 281 4365 “Progressi
307 4315 368 4362 turre,
390 4307 497 4354 ronrmmri
525 4303 608 4366 arriano]
638 4320 745 4355 tesseram
756 4309 843 4356 datum.
875 4307 951 4362 Silius,
972 4321 1033 4356 lxv.
1052 4325 1073 4354 v.
1088 4311 1144 4356 1175.

103 4368 235 4420 Victorinus
261 4371 341 4426 codex,
366 4383 391 4418 ut
419 4385 442 4419 et
468 4371 543 4433 scripti
568 4387 607 4416 ro·
638 4373 965 4434 tacitumdistressouu'gmun.
987 4373 1047 4422 *De
1059 4387 1143 4421 tessera

100 4449 209 4495 remque
234 4435 289 4483 editi
310 4429 426 4484 Gronorio
451 4437 548 4494 exduai,
568 4449 606 4482 ro.
639 4437 941 4487 vid.not.fil.advn.35.

99 4501 232 4552 tardiorem
260 4501 385 4550 orationem
415 4501 522 4551 erube:
554 4516 605 4560 pro-

1153 597 1184 646 A.
1195 597 1223 648 C.
1238 601 1291 648 185.
1308 610 1312 618 ’
1383 595 1387 601 ’
