3044 5194
350 363 425 442 ''sr
784 361 986 443 rimmvu

191 519 196 603 ¹.
223 551 363 672 pgqryy
387 534 692 684 specierqllegationi
715 534 883 683 diieffiss
915 529 955 605 Q.
982 533 1119 682 Ιῑξδὶυὸἷ,
1145 529 1437 683 ἑψοήοᾩιιὶιισηῖ

353 622 800 786 ‚·1⁸⁰3·r>”t<llt.‘t.‘³.ii.l..
821 631 1434 791 ullu‘i..‚⁹,.t¹¹.tt.ll¹i...‚

374 815 480 878 >quarn
495 797 591 878 regis,
607 794 702 860 auditi
717 805 797 857 sunt.
813 806 916 858 cetera
929 815 1034 857 eorum
1058 795 1158 858 oratio
1181 797 1327 857 conviciis
1353 797 1434 879 regis

373 894 551 946 consumta
573 894 646 944 est..
673 885 698 922 ⁵¹
716 879 880 944 Moverunt
903 901 941 943 eo
966 881 1100 943 maxime
1125 893 1274 960 senatum,
1303 883 1434 946 demum

355 1032 359 1044 ‚
373 999 376 1005 ·
390 969 520 1050 strando
539 968 630 1030 maris
654 978 861 1052 terrarumque
879 967 1092 1050 regionisejus
1106 967 1220 1030 situm:
1243 980 1279 1030 ut
1292 969 1434 1032 omnibns

372 1055 558 1137 adpareret,
595 1055 619 1116 si
646 1052 885 1116 Demetriadem
916 1052 1155 1133 in..'1lrsssalia,
1192 1053 1374 1117 Chalcidem
1403 1055 1434 1118 iu

388 1137 515 1218 Euboea,
537 1139 719 1203 Corinthum
734 1141 766 1202 in
781 1139 900 1202 Achaia
913 1159 967 1208 terr
981 1149 1110 1219 teneret,
1124 1159 1188 1202 non
1203 1161 1293 1224 posse
1308 1142 1434 1204 liberam

388 1223 538 1316 Graeciam
563 1247 651 1289 esse:
686 1240 719 1290 et
740 1228 839 1310 ipsum
863 1225 1048 1310 Philippum,
1078 1246 1142 1289 nou
1168 1227 1435 1307 contumeliosium,

159 1351 164 1362 -
220 1313 368 1383 hundredi
389 1333 481 1394 quam
495 1313 605 1392 verius,
616 1313 779 1395 compedes
794 1333 845 1375 eas
856 1310 979 1374 Graecia
993 1312 1156 1395 adpellare.
1200 1311 1310 1396 legati
1325 1313 1436 1377 deinde

218 1396 326 1498 mu
336 1401 376 1470 Β,
391 1400 471 1481 regis
490 1400 666 1462 intromissi.
681 1399 801 1480 quibus,
823 1399 991 1481 longiorem
1005 1398 1120 1460 exorsis
1135 1399 1317 1478 orationem,
1338 1401 1434 1463 brevis

216 1510 315 1572 ,imm
372 1485 598 1568 interrogatio,
620 1505 796 1549 cessurusne
814 1485 858 1546 iis
884 1485 980 1548 tribus
999 1485 1124 1548 urbibus
1150 1496 1240 1566 esset,
1262 1507 1434 1550 sermonem

354 1627 359 1648 Δ
390 1571 508 1651 incidit,
520 1591 612 1654 quum
626 1573 764 1634 mandati
779 1571 837 1634 sibi
858 1571 896 1633 de
915 1572 963 1633 his
978 1572 1325 1654 nominatimnegarent
1344 1574 1434 1654 quid·

390 1658 706 1827 smmum
720 1657 1433 1827 lllullhllllodlkli⁰dilll

388 1831 500 1914 paruit,
523 1851 584 1894 non
610 1831 723 1894 tardere
746 1831 818 1894 belli
843 1842 993 1910 senatum,
1015 1826 1048 1893 et
1073 1831 1149 1914 ipse,
1174 1831 1321 1912 victoria,
1343 1852 1435 1914 quam

388 1918 483 2000 pacis,
517 1917 642 1997 avidior,
675 1939 772 2003 neque
797 1917 993 2000 conloquium
1020 1929 1129 2000 postea
1163 1916 1305 2000 Philippo
1338 1918 1436 1999 dedit,

388 2022 488 2084 neque
503 2005 686 2086 legationem
700 2006 803 2084 eliam,
815 2023 906 2086 quam
922 2025 986 2088 quae
1001 2005 1085 2066 omni
1101 2001 1219 2068 Gracia
1233 2006 1341 2068 decedi
1356 2025 1436 2068 nuu-

388 2090 495 2170 ciaret,
518 2093 717 2154 admissurum
733 2093 822 2156 dixit.
915 2129 917 2134 ·
982 2137 985 2144 -
1065 2135 1068 2144 ·

220 2176 318 2246 Phihppi
333 2181 378 2234 fe-
430 2175 608 2241 XXXVlll.
640 2177 807 2264 Philippus,
839 2199 932 2262 quum
962 2179 1029 2241 acie
1057 2179 1282 2243 deremendum
1310 2179 1437 2258 viduet,

219 2244 324 2362 ffilf
388 2275 422 2328 et
446 2265 578 2348 undique
604 2265 644 2328 ad
665 2287 698 2328 se
723 2266 948 2330 contrahendas
972 2267 1060 2346 vires,
1077 2267 1229 2329 -maxime
1252 2266 1291 2328 de
1310 2265 1439 2329 Achaia

388 2352 522 2432 urbibus,
545 2353 676 2436 regionis
701 2354 739 2416 ab
761 2373 794 2416 se
818 2354 951 2432 diverse,
972 2364 1004 2415 et
1029 2353 1127 2435 magis
1148 2363 1251 2415 tamen
1272 2353 1311 2415 de
1333 2351 1438 2434 Argis,

390 2457 482 2519 quam
509 2439 548 2499 de
578 2437 738 2517 Corintho,
762 2440 920 2518 sollicitus,
946 2440 1205 2523 optimum-ratus
1227 2436 1342 2500 Nabidi
1367 2457 1437 2500 earn

390 2522 687 2586 lacedemoniomm
701 2537 830 2608 tyranno
856 2529 884 2566 ⁵³
897 2525 981 2589 velut
995 2525 1185 2586 fiduciariam
1209 2523 1293 2602 dare,
1316 2535 1351 2586 ut
1372 2524 1438 2586 vic·

387 2611 448 2672 tori
465 2610 523 2672 sibi
538 2611 730 2689 restitueret3
753 2612 778 2673 si
794 2611 869 2694 quid
883 2611 1000 2672 adversi
1015 2610 1200 2688 accidissset,
1214 2610 1278 2692 ipse
1291 2611 1437 2690 haberet,

388 2693 532 2775 Philocli,
552 2697 603 2778 qui
631 2696 781 2760 Corintho
804 2696 953 2778 Argisque
977 2706 1115 2778 praeerat,
1137 2696 1247 2773 scribit,
1271 2707 1307 2759 ut
1324 2707 1439 2779 tyran·

229 2823 232 2830 ,
386 2801 461 2844 num
480 2785 545 2867 ipse
564 2785 749 2846 conveniret.
794 2781 954 2860 Philocles,
976 2793 1174 2864 preterquam
1197 2781 1279 2863 quod
1297 2780 1366 2863 jam
1380 2801 1442 2843 ue·

228 2893 232 2903 ·
355 2909 359 2918 ·
387 2869 491 2932 niebat
516 2890 585 2932 cum
611 2890 744 2947 munere,
778 2867 884 2951 adjicit
913 2868 952 2930 sd
983 2869 1093 2951 pignus
1124 2869 1231 2931 lutum
1260 2867 1325 2949 regi
1360 2887 1437 2930 curn

387 2965 518 3041 tyranno
539 2957 689 3035 amicitie,
711 2955 788 3018 lilias
811 2975 880 3017 suas
905 2975 1007 3036 regem
1033 2953 1251 3017 Nabidis'filiis
1271 2954 1438 3016 matrinis>

378 3043 442 3105 vnio
456 3041 640 3124 conjungere
655 3041 742 3104 velle.
784 3040 945 3124 Tyrannus
965 3042 1064 3125 primo
1079 3061 1201 3123 negare,
1223 3040 1312 3103 aliter
1326 3041 1436 3104 urbem

376 3147 457 3190 eam
475 3149 514 3189 -se
539 3139 743 3212 accepturum,
764 3128 822 3191 nisi
836 3127 1019 3210 Argivomm'
1043 3129 1177 3211 ipsorum
1193 3127 1317 3190 decreto
1332 3145 1435 3188 arom·

388 3215 464 3276 situs
480 3215 519 3277 ad
542 3215 685 3277 auxilium
707 3215 789 3277 urbis
810 3225 899 3277 esset.
921 3215 1041 3293 deinde,
1062 3225 1097 3276 ut
1111 3214 1264 3296 frequenti
1283 3214 1435 3276 concione

389 3319 451 3364 non
463 3302 660 3384 adspematos
671 3301 775 3379 modo,
797 3301 853 3363 sed
867 3302 1060 3364 abominatos
1076 3301 1168 3366 etiarn
1183 3319 1296 3363 nomen
1311 3299 1435 3382 tyranni

391 3389 517 3467 audivit,
533 3409 670 3450 caussam
685 3409 717 3449 se
732 3387 884 3470 spoliandi
904 3407 958 3450 eos
972 3398 1097 3450 nactum
1113 3389 1210 3465 ratus,
1228 3387 1360 3464 tradere,
1382 3383 1433 3445 ubi

224 3479 282 3546 Arri
295 3473 492 3550 Nabllivellet,
523 3475 629 3536 urbem
654 3472 821 3553 Philoclem
843 3472 945 3555 jussit.
997 3471 1110 3552 Nocte,
1125 3517 1129 3523 -
1142 3473 1255 3556 ignaris
1282 3471 1436 3548 omnibus,

224 3549 353 3600 murm.
392 3569 536 3640 acceptus
558 3559 590 3619 in
610 3561 717 3621 urbem
736 3571 783 3623 est
804 3573 959 3645 tyrannus.
981 3561 1081 3642 prima
1101 3561 1168 3622 luce
1191 3571 1324 3642 occupat
1345 3575 1437 3639 supe-

393 3643 473 3706 riora
501 3644 605 3709 omnia
636 3646 729 3709 loca:
766 3657 920 3731 portaeque
950 3647 1070 3712 clausae.
1123 3645 1231 3708 Paucis
1264 3645 1440 3732 primipurn

842 3821 855 3857 ἃ
871 3820 919 3877 Quo
930 3820 1002 3871 Gron.

427 3979 449 4014 ⁸¹
466 3976 619 4028 Morsustso
634 3978 725 4028 malms
739 3986 846 4036 unstrut,
859 3981 900 4028 ds-
913 3995 917 4002 ·
932 3989 976 4029 aar.
1001 3977 1090 4028 Mallus
1098 3977 1307 4028 unsarideretm
1316 3972 1445 4034 munimi-
1515 3973 1516 3994 ³

394 4041 544 4106 mundo]
558 4043 619 4093 Dsle
630 4058 683 4092 curn
695 4044 812 4094 Gronovio
821 4058 899 4108 super·
931 4059 983 4094 rum
997 4043 1105 4093 omorio.

393 4108 672 4158 mcerumroculamsr.
795 4127 800 4134 ·
965 4108 987 4142 ⁵³
1006 4107 1230 4171 Velutfidsur'an'um]
1247 4103 1445 4167 lsremrquuam

374 4185 378 4194 “
428 4171 452 4206 ⁸⁶
475 4173 539 4226 Μ
555 4183 584 4222 ut
600 4177 654 4224 satis
670 4175 781 4236 apparuit,
799 4189 844 4223 non
861 4182 899 4225 lae·
931 4175 971 4224 dat
982 4173 1128 4232 munnam,
1143 4174 1183 4238 qui
1201 4173 1262 4220 illam
1274 4171 1342 4220 alteri
1352 4184 1382 4218 ea
1392 4169 1445 4230 lega
1513 4209 1515 4244 1

375 4239 379 4248 ¹
396 4234 458 4300 dere]
473 4237 602 4287 &mosius
618 4233 647 4288 εἰ
667 4240 800 4302 cmjecturr
819 4253 898 4290 snau-
930 4241 1009 4296 tradit,
1027 4251 1053 4288 ut
1070 4240 1113 4288 sibi
1131 4238 1251 4303 aliquando
1261 4237 1383 4292 reddatur,
1394 4231 1442 4282 hie
1513 4245 1515 4262 ⁴

399 4299 499 4359 urserat,
520 4319 563 4364 quo
588 4311 616 4351 ut
642 4305 694 4351 rotis
712 4303 823 4365 qrpansit.
864 4303 898 4354 ht
931 4303 1047 4368 utrimque
1057 4304 1279 4363 dunelmensibus
1288 4313 1330 4350 aut
1339 4299 1438 4348 liueriu

374 4381 377 4389 ·
399 4377 470 4426 mum
488 4366 535 4428 ῑμ
556 4380 662 4428 anm
681 4369 798 4418 uranum
818 4383 899 4419 vocem
931 4371 1130 4428 mortuum,
1143 4363 1442 4423 utrumme&

399 4431 456 4492 md
465 4430 560 4479 mmmm
574 4445 632 4490 esse,
649 4435 700 4497 ejus
717 4433 845 4482 emenduio
858 4449 901 4499 per
931 4435 1068 4498 mancipatio
1078 4436 1170 4496 dicitur,
1188 4435 1240 4499 quis
1250 4445 1335 4495 nempe
1346 4428 1445 4482 alteim

397 4507 424 4544 ss
433 4494 587 4561 parentalis,
597 4493 646 4562 jan
662 4497 757 4548 minime
773 4499 900 4550 termula
931 4498 984 4549 fidei
994 4500 1115 4551 credimus.
