3038 5200
288 919 556 1008 ΕΡΙΤΟΜΕ
587 923 756 1010 LIBRI
783 927 973 1014 XXXV.

489 1201 746 1218 m

154 1401 198 1468 Ρ.
212 1400 366 1467 SCIPIO
379 1400 545 1484 Africanus
570 1401 690 1489 legatus
704 1401 749 1464 ud
759 1397 943 1464 Antiochum
958 1399 1077 1492 ‚Ephesi
1091 1425 1159 1470 cum

107 1487 306 1570 Hannibale,
328 1490 379 1574 qui
392 1510 426 1554 se
438 1491 589 1557 Antiocho
603 1487 766 1574 junxerat,
790 1487 962 1552 coniunctus
976 1500 1022 1553 est
1029 1514 1045 1566 ,·
1071 1501 1117 1571 ut,
1132 1495 1159 1556 si

95 1575 176 1651 fieri
187 1586 300 1659 posset,
322 1578 489 1657 memmei,
512 1597 599 1660 quem
621 1597 659 1638 eu
680 1573 795 1657 populo
810 1572 954 1639 Rmuano
968 1588 1158 1660 conceperat,

106 1663 263 1728 eximeret.
309 1661 393 1726 Inter
408 1663 473 1726 alia
488 1683 578 1748 quum
592 1672 749 1747 qnaeroer,
764 1658 970 1748 quernsuisse
988 1665 1158 1728 monimum

104 1748 319 1830 imperatorem
334 1747 495 1812 Hannibal
508 1750 652 1829 crederet,
664 1749 838 1831 respondit:
859 1749 1068 1814 Alexandrum
1083 1751 1156 1816 Ma-

106 1837 256 1900 cedonum
271 1857 385 1919 regem,
407 1837 490 1922 quod
516 1857 609 1919 parva
630 1857 723 1898 manu
749 1837 984 1899 innumerabiles
1004 1839 1156 1902 exercitus

105 1921 252 2002 fudisset3
275 1924 417 2007 quodque
432 1923 555 1986 ultimas
571 1945 651 2001 orus,
673 1936 748 2004 quus
762 1923 858 1984 visere
878 1942 968 2006 supra
992 1944 1076 2007 spem
1098 1925 1158 1987 hu·

104 2031 229 2072 manum
246 2022 336 2088 esset,
351 2020 552 2092 peragrasset.
591 2008 746 2081 Queescnti
759 2007 878 2086 deinde,
892 2029 980 2092 queem
993 2009 1158 2072 secumdum

99 2105 238 2175 poneret,
261 2096 420 2182 Pyrrhum,
441 2095 549 2180 innotuit,
564 2108 665 2160 cestra
680 2096 789 2158 metari
805 2095 936 2178 primum
954 2097 1104 2158 docuisse.
1119 2097 1159 2160 ud

104 2183 163 2244 hoc
188 2185 342 2246 neminem
368 2183 539 2265 elegantius
566 2183 636 2245 locs
658 2183 786 2265 cepisse,
802 2181 942 2262 praesidiu
965 2181 1160 2265 disposuisse.

102 2267 308 2352 Ecseqnmu
320 2289 410 2352 quem
425 2270 546 2331 tertium
559 2267 682 2346 diceret,
694 2281 792 2330 semet
807 2267 907 2349 ipsum
923 2267 1013 2330 dicit.
1041 2267 1161 2334 Ridens

104 2352 224 2436 Scipio,
247 2355 402 2426 Quidnam
427 2367 461 2418 tu
485 2357 615 2433 diceres,
641 2355 666 2416 si
690 2375 751 2431 me,
772 2353 879 2437 inquil,
900 2354 1045 2418 vicisses?
1069 2353 1158 2418 Tunc

100 2435 189 2520 v'e'ro,
212 2441 322 2524 inquit,
344 2463 393 2516 me
417 2453 540 2505 stante
566 2441 786 2518 Alexandrum,
809 2451 840 2501 et
859 2450 931 2501 onte
947 2440 1105 2524 Pyrrhum,
1127 2455 1159 2506 et

104 2541 181 2589 ante
197 2527 274 2590 alios
298 2529 476 2612 posuissem.
521 2527 608 2590 Inter
634 2535 734 2590 cetera
753 2524 912 2610 prodigia,
934 2546 1002 2610 quae
1021 2527 1158 2610 plurima

93 2611 199 2694 juisse
214 2613 387 2691 traduntur,
409 2614 515 2677 bovem
533 2611 588 2676 cn.
603 2609 737 2676 Dmnitii
752 2611 882 2674 cumulis
898 2611 1040 2692 locutum,
1056 2613 1157 2677 Romu

102 2721 175 2762 esve
191 2700 260 2779 tibi,
282 2696 420 2778 refertur.
451 2701 620 2782 Adparent
635 2700 668 2762 in
684 2697 867 2764 Antiochum
880 2697 993 2762 bellum
1010 2698 1154 2765 Romani.

39 2806 40 2810 ¹
104 2783 207 2848 Nabis
232 2787 538 2851 Lacedoemonicrum
558 2795 716 2870 tyrannus,
738 2785 884 2848 incitatus
903 2783 945 2848 ab
959 2785 1082 2865 AEtolis,
1104 2790 1157 2874 quui

102 2879 131 2933 et
158 2871 340 2954 Philippum
360 2882 390 2935 et
412 2873 597 2938 Antiochum
620 2873 662 2935 ud
686 2869 876 2950 inferendum
904 2871 1027 2935 bellum
1043 2871 1156 2956 populo

102 2955 246 3022 Romano
259 2958 479 3039 sollicitabant,
501 2979 523 3022 a
541 2957 656 3041 populo
683 2955 825 3020 Romano
840 2957 988 3020 desciuit.-
1016 2967 1056 3038 et,
1077 2959 1157 3023 bello

101 3045 249 3109 aduersus
276 3045 533 3128 Philopoemenem
563 3043 744 3108 Aelurorum
770 3051 933 3126 pretorem
961 3052 1058 3127 gesto,
1089 3045 1157 3108 ¹ub

101 3129 218 3195 AEtolis
232 3141 262 3194 et
277 3131 318 3194 ab
341 3131 531 3194 Alexameno
546 3131 622 3192 duce
636 3149 739 3192 comm
759 3126 936 3208 intersectas
959 3139 1013 3193 est.
1057 3129 1158 3194 AE'toli

101 3239 219 3308 quoque
245 3217 285 3280 ab
312 3217 449 3280 amicitia
470 3215 575 3296 populi
601 3213 736 3278 Romani
762 3212 945 3294 defecerunt.
969 3235 1035 3277 cum
1051 3217 1158 3300 quibus

98 3298 379 3388 societatejuncta,
401 3301 570 3364 Antiochus
587 3299 686 3382 Syrie
699 3321 766 3380 reu,
788 3319 880 3383 quum
894 3299 1004 3362 bellum
1028 3301 1158 3368 Groecicc

27 3397 32 3404 '
98 3390 264 3467 intulisset,
287 3387 455 3469 complures
469 3387 558 3450 urben
573 3387 753 3468 occtrpauit5
775 3387 853 3447 inter
871 3405 946 3469 aenas
971 3383 1158 3468 Chalciden,

99 3485 127 3560 et
144 3484 245 3539 totam
260 3473 421 3538 Euboeam.
465 3471 529 3536 Res
539 3482 689 3555 praeterea
706 3473 738 3537 in
754 3469 922 3558 Liguribus
934 3481 1039 3558 gestas
1054 3483 1084 3537 et
1097 3475 1156 3538 ad-

99 3569 248 3646 paratum
263 3559 334 3626 belli
348 3563 387 3625 ab
401 3560 552 3624 Antiocho
567 3559 709 3624 continet.

134 3716 144 3749 ¹
160 3714 197 3762 Ab
206 3712 288 3762 AEtolis
296 3712 518 3763 nutamine
526 3711 614 3776 mmm]
645 3712 937 3774 manummerias.
950 3712 997 3765 uuis
1007 3725 1095 3768 mre
1107 3728 1156 3766 tes·

101 3777 314 3854 Quarum-ulsinum
330 3793 405 3840 noces,
421 3795 494 3858 qun
516 3777 616 3849 nugam
645 3789 708 3830 natur
719 3781 857 3832 Gronovius.
