<?xml version="1.0" encoding="UTF-8"?>
<!DOCTYPE html PUBLIC "-//W3C//DTD XHTML 1.0 Transitional//EN"
    "http://www.w3.org/TR/xhtml1/DTD/xhtml1-transitional.dtd">
<html xmlns="http://www.w3.org/1999/xhtml" xml:lang="en" lang="en">
 <head>
  <title>
</title>
<meta http-equiv="Content-Type" content="text/html;charset=utf-8" />
  <meta name='ocr-system' content='tesseract 3.04.00' />
  <meta name='ocr-capabilities' content='ocr_page ocr_carea ocr_par ocr_line ocrx_word'/>
</head>
<body>
  <div class='ocr_page' id='page_1' title='image "./tliviipatavinih00grongoog_0230.png"; bbox 0 0 3080 5196; ppageno 0'>
   <div class='ocr_carea' id='block_1_1' title="bbox 380 377 1009 450">
    <p class='ocr_par' dir='ltr' id='par_1_1' title="bbox 380 377 1009 450">
     <span class='ocr_line' id='line_1_1' title="bbox 380 377 1009 450; baseline -0.014 -1"><span class='ocrx_word' id='word_1_1' title='bbox 380 389 442 450; x_wconf 71' lang='lat'>22⁰</span> <span class='ocrx_word' id='word_1_2' title='bbox 805 379 888 442; x_wconf 82' lang='grc' dir='ltr'><strong>ΤῘΤῙ</strong></span> <span class='ocrx_word' id='word_1_3' title='bbox 907 377 1009 441; x_wconf 80' lang='lat' dir='ltr'>LlVll</span> 
     </span>
    </p>
   </div>
   <div class='ocr_carea' id='block_1_2' title="bbox 213 533 1427 1309">
    <p class='ocr_par' dir='ltr' id='par_1_2' title="bbox 214 533 1427 620">
     <span class='ocr_line' id='line_1_2' title="bbox 214 533 1427 620; baseline 0 -21"><span class='ocrx_word' id='word_1_4' title='bbox 214 547 289 600; x_wconf 68' lang='lat' dir='ltr'>tte.</span> <span class='ocrx_word' id='word_1_5' title='bbox 300 548 356 599; x_wconf 73' lang='lat'>⁵6⁰.</span> <span class='ocrx_word' id='word_1_6' title='bbox 381 552 413 606; x_wconf 87' lang='lat' dir='ltr'>et</span> <span class='ocrx_word' id='word_1_7' title='bbox 427 540 499 603; x_wconf 89' lang='lat' dir='ltr'>loris</span> <span class='ocrx_word' id='word_1_8' title='bbox 514 539 623 602; x_wconf 90' lang='lat' dir='ltr'>ducere</span> <span class='ocrx_word' id='word_1_9' title='bbox 644 557 748 620; x_wconf 87' lang='lat' dir='ltr'>equos,</span> <span class='ocrx_word' id='word_1_10' title='bbox 774 535 892 615; x_wconf 78' lang='lat' dir='ltr'>itineris</span> <span class='ocrx_word' id='word_1_11' title='bbox 914 536 1050 598; x_wconf 86' lang='lat' dir='ltr'>maxime</span> <span class='ocrx_word' id='word_1_12' title='bbox 1065 533 1170 615; x_wconf 91' lang='lat' dir='ltr'>modo,</span> <span class='ocrx_word' id='word_1_13' title='bbox 1189 536 1296 598; x_wconf 91' lang='lat' dir='ltr'>solutis</span> <span class='ocrx_word' id='word_1_14' title='bbox 1312 535 1427 599; x_wconf 86' lang='lat' dir='ltr'>ordini-</span> 
     </span>
    </p>

    <p class='ocr_par' dir='ltr' id='par_1_3' title="bbox 215 613 1426 1205">
     <span class='ocr_line' id='line_1_3' title="bbox 215 613 1425 706; baseline -0.006 -14"><span class='ocrx_word' id='word_1_15' title='bbox 215 613 358 668; x_wconf 79' lang='lat' dir='ltr'>A.0.192</span> <span class='ocrx_word' id='word_1_16' title='bbox 380 630 455 691; x_wconf 82' lang='lat' dir='ltr'>bust</span> <span class='ocrx_word' id='word_1_17' title='bbox 485 638 521 689; x_wconf 91' lang='lat' dir='ltr'>ut</span> <span class='ocrx_word' id='word_1_18' title='bbox 543 627 707 687; x_wconf 78' lang='lat' dir='ltr'><strong>comitatus</strong></span> <span class='ocrx_word' id='word_1_19' title='bbox 733 625 830 704; x_wconf 82' lang='lat' dir='ltr'>magis</span> <span class='ocrx_word' id='word_1_20' title='bbox 853 622 988 706; x_wconf 79' lang='lat' dir='ltr'>prefecti</span> <span class='ocrx_word' id='word_1_21' title='bbox 1016 622 1180 701; x_wconf 86' lang='lat' dir='ltr'>videretur,</span> <span class='ocrx_word' id='word_1_22' title='bbox 1203 641 1297 703; x_wconf 91' lang='lat' dir='ltr'>quam</span> <span class='ocrx_word' id='word_1_23' title='bbox 1323 624 1425 704; x_wconf 80' lang='lat' dir='ltr'>prasi-</span> 
     </span>
     <span class='ocr_line' id='line_1_4' title="bbox 381 709 1424 790; baseline -0.006 -13"><span class='ocrx_word' id='word_1_24' title='bbox 381 715 477 777; x_wconf 88' lang='lat' dir='ltr'>dium.</span> <span class='ocrx_word' id='word_1_25' title='bbox 522 710 568 773; x_wconf 88' lang='lat' dir='ltr'>lbi</span> <span class='ocrx_word' id='word_1_26' title='bbox 590 730 652 774; x_wconf 87' lang='lat' dir='ltr'>una</span> <span class='ocrx_word' id='word_1_27' title='bbox 672 731 713 771; x_wconf 88' lang='lat' dir='ltr'>ex</span> <span class='ocrx_word' id='word_1_28' title='bbox 733 709 840 771; x_wconf 86' lang='lat' dir='ltr'>turmis</span> <span class='ocrx_word' id='word_1_29' title='bbox 874 709 915 769; x_wconf 89' lang='lat' dir='ltr'>ad</span> <span class='ocrx_word' id='word_1_30' title='bbox 947 719 1068 790; x_wconf 88' lang='lat' dir='ltr'>portam</span> <span class='ocrx_word' id='word_1_31' title='bbox 1101 709 1219 786; x_wconf 89' lang='lat' dir='ltr'>relicta,</span> <span class='ocrx_word' id='word_1_32' title='bbox 1241 729 1281 771; x_wconf 89' lang='lat' dir='ltr'>ne</span> <span class='ocrx_word' id='word_1_33' title='bbox 1303 709 1424 771; x_wconf 79' lang='lat' dir='ltr'>excludi</span> 
     </span>
     <span class='ocr_line' id='line_1_5' title="bbox 381 795 1424 881; baseline -0.006 -19"><span class='ocrx_word' id='word_1_34' title='bbox 381 801 566 881; x_wconf 86' lang='lat' dir='ltr'>subsequens</span> <span class='ocrx_word' id='word_1_35' title='bbox 581 798 733 878; x_wconf 74' lang='lat' dir='ltr'>equitatus</span> <span class='ocrx_word' id='word_1_36' title='bbox 748 804 862 878; x_wconf 84' lang='lat' dir='ltr'>posset,</span> <span class='ocrx_word' id='word_1_37' title='bbox 877 795 980 856; x_wconf 89' lang='lat' dir='ltr'>media</span> <span class='ocrx_word' id='word_1_38' title='bbox 994 796 1068 857; x_wconf 89' lang='lat' dir='ltr'>urbe</span> <span class='ocrx_word' id='word_1_39' title='bbox 1084 813 1119 857; x_wconf 84' lang='lat' dir='ltr'>ac</span> <span class='ocrx_word' id='word_1_40' title='bbox 1135 795 1319 877; x_wconf 81' lang='lat' dir='ltr'>pariorum,</span> <span class='ocrx_word' id='word_1_41' title='bbox 1334 815 1424 857; x_wconf 89' lang='lat' dir='ltr'>manu</span> 
     </span>
     <span class='ocr_line' id='line_1_6' title="bbox 380 881 1425 969; baseline -0.008 -19"><span class='ocrx_word' id='word_1_42' title='bbox 380 883 586 969; x_wconf 78' lang='lat' dir='ltr'><strong>Eurylochum</strong></span> <span class='ocrx_word' id='word_1_43' title='bbox 594 881 1425 963; x_wconf 58' lang='lat' dir='ltr'>tenens,multisobcunentibusgratmmnibusquqdo·</span> 
     </span>
     <span class='ocr_line' id='line_1_7' title="bbox 381 966 1425 1050; baseline -0.006 -14"><span class='ocrx_word' id='word_1_44' title='bbox 381 991 465 1036; x_wconf 91' lang='lat' dir='ltr'>tnurn</span> <span class='ocrx_word' id='word_1_45' title='bbox 476 970 612 1032; x_wconf 87' lang='lat' dir='ltr'>deduxit.</span> <span class='ocrx_word' id='word_1_46' title='bbox 634 967 711 1030; x_wconf 91' lang='lat' dir='ltr'>Mox</span> <span class='ocrx_word' id='word_1_47' title='bbox 723 968 860 1049; x_wconf 90' lang='lat' dir='ltr'>equitum</span> <span class='ocrx_word' id='word_1_48' title='bbox 867 966 958 1050; x_wconf 93' lang='lat' dir='ltr'>plena</span> <span class='ocrx_word' id='word_1_49' title='bbox 966 967 1037 1029; x_wconf 90' lang='lat' dir='ltr'>urbs</span> <span class='ocrx_word' id='word_1_50' title='bbox 1046 979 1123 1046; x_wconf 86' lang='lat' dir='ltr'>erat,</span> <span class='ocrx_word' id='word_1_51' title='bbox 1131 979 1164 1030; x_wconf 91' lang='lat' dir='ltr'>et</span> <span class='ocrx_word' id='word_1_52' title='bbox 1175 967 1244 1029; x_wconf 89' lang='lat' dir='ltr'>loca</span> <span class='ocrx_word' id='word_1_53' title='bbox 1251 977 1425 1050; x_wconf 73' lang='lat' dir='ltr'>opponam</span> 
     </span>
     <span class='ocr_line' id='line_1_8' title="bbox 381 1053 1426 1139; baseline -0.004 -21"><span class='ocrx_word' id='word_1_54' title='bbox 381 1057 618 1139; x_wconf 77' lang='lat' dir='ltr'>occupabantur.</span> <span class='ocrx_word' id='word_1_55' title='bbox 642 1067 709 1117; x_wconf 87' lang='lat' dir='ltr'>turn</span> <span class='ocrx_word' id='word_1_56' title='bbox 730 1055 762 1115; x_wconf 92' lang='lat' dir='ltr'>in</span> <span class='ocrx_word' id='word_1_57' title='bbox 789 1055 897 1116; x_wconf 88' lang='lat' dir='ltr'>domos</span> <span class='ocrx_word' id='word_1_58' title='bbox 918 1054 1014 1133; x_wconf 88' lang='lat' dir='ltr'>missi,</span> <span class='ocrx_word' id='word_1_59' title='bbox 1039 1053 1090 1136; x_wconf 92' lang='lat' dir='ltr'>qui</span> <span class='ocrx_word' id='word_1_60' title='bbox 1116 1054 1269 1136; x_wconf 81' lang='lat' dir='ltr'>principes</span> <span class='ocrx_word' id='word_1_61' title='bbox 1296 1053 1426 1115; x_wconf 72' lang='lat' dir='ltr'>adversa</span> 
     </span>
     <span class='ocr_line' id='line_1_9' title="bbox 380 1135 1382 1205; baseline -0.002 -1"><span class='ocrx_word' id='word_1_62' title='bbox 380 1142 523 1205; x_wconf 75' lang='lat' dir='ltr'>factionis</span> <span class='ocrx_word' id='word_1_63' title='bbox 535 1141 748 1203; x_wconf 85' lang='lat' dir='ltr'>interficerent.</span> <span class='ocrx_word' id='word_1_64' title='bbox 793 1135 841 1201; x_wconf 90' lang='lat' dir='ltr'>lta</span> <span class='ocrx_word' id='word_1_65' title='bbox 854 1137 1025 1202; x_wconf 89' lang='lat' dir='ltr'>Demetrias</span> <span class='ocrx_word' id='word_1_66' title='bbox 1036 1137 1209 1202; x_wconf 87' lang='lat' dir='ltr'>AEtolorum</span> <span class='ocrx_word' id='word_1_67' title='bbox 1225 1140 1311 1202; x_wconf 80' lang='lat' dir='ltr'>faeta</span> <span class='ocrx_word' id='word_1_68' title='bbox 1322 1152 1382 1202; x_wconf 84' lang='lat' dir='ltr'>est</span> 
     </span>
    </p>

    <p class='ocr_par' dir='ltr' id='par_1_4' title="bbox 213 1225 1423 1309">
     <span class='ocr_line' id='line_1_10' title="bbox 213 1225 1423 1309; baseline -0.002 -19"><span class='ocrx_word' id='word_1_69' title='bbox 213 1225 368 1276; x_wconf 77' lang='lat' dir='ltr'>Mitsunsrs·</span> <span class='ocrx_word' id='word_1_70' title='bbox 423 1227 557 1290; x_wconf 91' lang='lat' dir='ltr'>XXXV.</span> <span class='ocrx_word' id='word_1_71' title='bbox 580 1225 806 1294; x_wconf 75' lang='lat' dir='ltr'>lacedemone,</span> <span class='ocrx_word' id='word_1_72' title='bbox 828 1244 889 1287; x_wconf 93' lang='lat' dir='ltr'>non</span> <span class='ocrx_word' id='word_1_73' title='bbox 923 1226 991 1288; x_wconf 92' lang='lat' dir='ltr'>urbi</span> <span class='ocrx_word' id='word_1_74' title='bbox 1016 1225 1061 1287; x_wconf 85' lang='lat' dir='ltr'>vis</span> <span class='ocrx_word' id='word_1_75' title='bbox 1083 1225 1260 1304; x_wconf 81' lang='lat' dir='ltr'>adferenda,</span> <span class='ocrx_word' id='word_1_76' title='bbox 1290 1225 1348 1288; x_wconf 89' lang='lat' dir='ltr'>sed</span> <span class='ocrx_word' id='word_1_77' title='bbox 1377 1237 1423 1309; x_wconf 86' lang='lat' dir='ltr'>ty·</span> 
     </span>
    </p>
   </div>
   <div class='ocr_carea' id='block_1_3' title="bbox 214 1290 1459 4234">
    <p class='ocr_par' dir='ltr' id='par_1_5' title="bbox 214 1290 1459 4234">
     <span class='ocr_line' id='line_1_11' title="bbox 214 1290 1423 1410; baseline -0.002 -33"><span class='ocrx_word' id='word_1_78' title='bbox 214 1290 346 1410; x_wconf 55' lang='lat' dir='ltr'>ffioe‘</span> <span class='ocrx_word' id='word_1_79' title='bbox 380 1335 493 1377; x_wconf 90' lang='lat' dir='ltr'>rannus</span> <span class='ocrx_word' id='word_1_80' title='bbox 516 1314 587 1375; x_wconf 90' lang='lat' dir='ltr'>dolo</span> <span class='ocrx_word' id='word_1_81' title='bbox 613 1313 778 1396; x_wconf 84' lang='lat' dir='ltr'>capiendus</span> <span class='ocrx_word' id='word_1_82' title='bbox 811 1325 896 1374; x_wconf 86' lang='lat' dir='ltr'>erat:</span> <span class='ocrx_word' id='word_1_83' title='bbox 931 1331 1033 1393; x_wconf 86' lang='lat' dir='ltr'>quem,</span> <span class='ocrx_word' id='word_1_84' title='bbox 1065 1311 1229 1394; x_wconf 74' lang='lat' dir='ltr'>spoliatum</span> <span class='ocrx_word' id='word_1_85' title='bbox 1263 1310 1423 1374; x_wconf 74' lang='lat' dir='ltr'>maritimis</span> 
     </span>
     <span class='ocr_line' id='line_1_12' title="bbox 307 1370 1421 1483; baseline -0.003 -20"><span class='ocrx_word' id='word_1_86' title='bbox 307 1370 353 1408; x_wconf 52' lang='grc' dir='ltr'>ω’</span> <span class='ocrx_word' id='word_1_87' title='bbox 380 1401 503 1483; x_wconf 83' lang='lat' dir='ltr'>oppidis</span> <span class='ocrx_word' id='word_1_88' title='bbox 519 1421 538 1460; x_wconf 91' lang='lat' dir='ltr'>a</span> <span class='ocrx_word' id='word_1_89' title='bbox 558 1397 716 1476; x_wconf 88' lang='lat' dir='ltr'>Romanis,</span> <span class='ocrx_word' id='word_1_90' title='bbox 740 1409 813 1458; x_wconf 91' lang='lat' dir='ltr'>tunc</span> <span class='ocrx_word' id='word_1_91' title='bbox 837 1399 919 1458; x_wconf 88' lang='lat' dir='ltr'>intra</span> <span class='ocrx_word' id='word_1_92' title='bbox 944 1398 1059 1459; x_wconf 87' lang='lat' dir='ltr'>moenia</span> <span class='ocrx_word' id='word_1_93' title='bbox 1078 1399 1174 1459; x_wconf 90' lang='lat' dir='ltr'>etiam</span> <span class='ocrx_word' id='word_1_94' title='bbox 1196 1396 1421 1460; x_wconf 70' lang='lat' dir='ltr'>lacedaemonis</span> 
     </span>
     <span class='ocr_line' id='line_1_13' title="bbox 381 1482 1420 1565; baseline -0.002 -17"><span class='ocrx_word' id='word_1_95' title='bbox 381 1489 420 1548; x_wconf 92' lang='lat' dir='ltr'>ab</span> <span class='ocrx_word' id='word_1_96' title='bbox 434 1486 554 1548; x_wconf 87' lang='lat' dir='ltr'>Achaeis</span> <span class='ocrx_word' id='word_1_97' title='bbox 568 1485 772 1565; x_wconf 88' lang='lat' dir='ltr'>compulsum,</span> <span class='ocrx_word' id='word_1_98' title='bbox 788 1483 838 1562; x_wconf 92' lang='lat' dir='ltr'>qui</span> <span class='ocrx_word' id='word_1_99' title='bbox 854 1492 1033 1564; x_wconf 79' lang='lat' dir='ltr'>occupasset</span> <span class='ocrx_word' id='word_1_100' title='bbox 1052 1482 1203 1559; x_wconf 89' lang='lat' dir='ltr'>occidere,</span> <span class='ocrx_word' id='word_1_101' title='bbox 1229 1503 1300 1545; x_wconf 88' lang='lat' dir='ltr'>eum</span> <span class='ocrx_word' id='word_1_102' title='bbox 1329 1485 1420 1546; x_wconf 83' lang='lat' dir='ltr'>totius</span> 
     </span>
     <span class='ocr_line' id='line_1_14' title="bbox 381 1567 1421 1654; baseline -0.003 -20"><span class='ocrx_word' id='word_1_103' title='bbox 381 1573 513 1654; x_wconf 81' lang='lat' dir='ltr'>gratiam</span> <span class='ocrx_word' id='word_1_104' title='bbox 535 1571 578 1632; x_wconf 87' lang='lat' dir='ltr'>rei</span> <span class='ocrx_word' id='word_1_105' title='bbox 602 1570 682 1652; x_wconf 87' lang='lat' dir='ltr'>apud</span> <span class='ocrx_word' id='word_1_106' title='bbox 705 1567 950 1630; x_wconf 79' lang='lat' dir='ltr'>Lacedaernonios</span> <span class='ocrx_word' id='word_1_107' title='bbox 975 1568 1118 1631; x_wconf 85' lang='lat' dir='ltr'>laturum.</span> <span class='ocrx_word' id='word_1_108' title='bbox 1170 1568 1321 1631; x_wconf 85' lang='lat' dir='ltr'>Caussarn</span> <span class='ocrx_word' id='word_1_109' title='bbox 1351 1571 1421 1632; x_wconf 73' lang='lat' dir='ltr'>mit»</span> 
     </span>
     <span class='ocr_line' id='line_1_15' title="bbox 381 1653 1421 1737; baseline -0.003 -18"><span class='ocrx_word' id='word_1_110' title='bbox 381 1658 467 1720; x_wconf 89' lang='lat' dir='ltr'>tendi</span> <span class='ocrx_word' id='word_1_111' title='bbox 484 1656 523 1718; x_wconf 92' lang='lat' dir='ltr'>ad</span> <span class='ocrx_word' id='word_1_112' title='bbox 537 1675 609 1717; x_wconf 91' lang='lat' dir='ltr'>eum</span> <span class='ocrx_word' id='word_1_113' title='bbox 623 1655 805 1731; x_wconf 91' lang='lat' dir='ltr'>habuerunt,</span> <span class='ocrx_word' id='word_1_114' title='bbox 820 1654 903 1736; x_wconf 93' lang='lat' dir='ltr'>quod</span> <span class='ocrx_word' id='word_1_115' title='bbox 918 1653 1070 1736; x_wconf 79' lang='lat' dir='ltr'>fatigabat</span> <span class='ocrx_word' id='word_1_116' title='bbox 1084 1653 1236 1737; x_wconf 88' lang='lat' dir='ltr'>precibus,</span> <span class='ocrx_word' id='word_1_117' title='bbox 1261 1667 1296 1717; x_wconf 92' lang='lat' dir='ltr'>ut</span> <span class='ocrx_word' id='word_1_118' title='bbox 1312 1655 1421 1718; x_wconf 87' lang='lat' dir='ltr'>auxilia</span> 
     </span>
     <span class='ocr_line' id='line_1_16' title="bbox 371 1733 1420 1825; baseline -0.001 -20"><span class='ocrx_word' id='word_1_119' title='bbox 371 1733 450 1822; x_wconf 77' lang='lat' dir='ltr'>sibi,</span> <span class='ocrx_word' id='word_1_120' title='bbox 476 1763 569 1825; x_wconf 92' lang='lat' dir='ltr'>quum</span> <span class='ocrx_word' id='word_1_121' title='bbox 591 1740 649 1802; x_wconf 88' lang='lat' dir='ltr'>illis</span> <span class='ocrx_word' id='word_1_122' title='bbox 662 1740 849 1802; x_wconf 70' lang='lat' dir='ltr'>sanctoribus</span> <span class='ocrx_word' id='word_1_123' title='bbox 871 1740 1056 1818; x_wconf 80' lang='lat' dir='ltr'>rebellasset,</span> <span class='ocrx_word' id='word_1_124' title='bbox 1082 1741 1288 1804; x_wconf 87' lang='lat' dir='ltr'>mitterentur.</span> <span class='ocrx_word' id='word_1_125' title='bbox 1335 1739 1420 1804; x_wconf 87' lang='lat' dir='ltr'>Mille</span> 
     </span>
     <span class='ocr_line' id='line_1_17' title="bbox 381 1826 1421 1913; baseline 0 -22"><span class='ocrx_word' id='word_1_126' title='bbox 381 1829 499 1913; x_wconf 85' lang='lat' dir='ltr'>pedites</span> <span class='ocrx_word' id='word_1_127' title='bbox 520 1828 710 1890; x_wconf 82' lang='lat' dir='ltr'>Alexameno</span> <span class='ocrx_word' id='word_1_128' title='bbox 722 1826 786 1888; x_wconf 89' lang='lat' dir='ltr'>dati</span> <span class='ocrx_word' id='word_1_129' title='bbox 802 1837 882 1905; x_wconf 87' lang='lat' dir='ltr'>sunt,</span> <span class='ocrx_word' id='word_1_130' title='bbox 898 1837 930 1889; x_wconf 91' lang='lat' dir='ltr'>et</span> <span class='ocrx_word' id='word_1_131' title='bbox 945 1827 1071 1909; x_wconf 85' lang='lat' dir='ltr'>triginta</span> <span class='ocrx_word' id='word_1_132' title='bbox 1086 1827 1196 1888; x_wconf 90' lang='lat' dir='ltr'>delecti</span> <span class='ocrx_word' id='word_1_133' title='bbox 1212 1847 1252 1889; x_wconf 89' lang='lat' dir='ltr'>ex</span> <span class='ocrx_word' id='word_1_134' title='bbox 1262 1827 1421 1909; x_wconf 84' lang='lat' dir='ltr'>juventute</span> 
     </span>
     <span class='ocr_line' id='line_1_18' title="bbox 383 1911 1422 1996; baseline -0.002 -19"><span class='ocrx_word' id='word_1_135' title='bbox 383 1915 512 1996; x_wconf 87' lang='lat' dir='ltr'>equites.</span> <span class='ocrx_word' id='word_1_136' title='bbox 534 1916 562 1956; x_wconf 76' lang='lat'>¹²</span> <span class='ocrx_word' id='word_1_137' title='bbox 576 1912 639 1974; x_wconf 77' lang='lat' dir='ltr'>lis·</span> <span class='ocrx_word' id='word_1_138' title='bbox 653 1924 811 1994; x_wconf 88' lang='lat' dir='ltr'>apraetore</span> <span class='ocrx_word' id='word_1_139' title='bbox 817 1911 997 1975; x_wconf 85' lang='lat' dir='ltr'>Damocrito</span> <span class='ocrx_word' id='word_1_140' title='bbox 1007 1913 1038 1975; x_wconf 91' lang='lat' dir='ltr'>in</span> <span class='ocrx_word' id='word_1_141' title='bbox 1049 1913 1178 1974; x_wconf 89' lang='lat' dir='ltr'>consilio</span> <span class='ocrx_word' id='word_1_142' title='bbox 1189 1933 1301 1976; x_wconf 90' lang='lat' dir='ltr'>arcano</span> <span class='ocrx_word' id='word_1_143' title='bbox 1313 1915 1422 1995; x_wconf 84' lang='lat' dir='ltr'>gentis,</span> 
     </span>
     <span class='ocr_line' id='line_1_19' title="bbox 383 1997 1419 2081; baseline -0.001 -19"><span class='ocrx_word' id='word_1_144' title='bbox 383 2001 421 2062; x_wconf 90' lang='lat' dir='ltr'>de</span> <span class='ocrx_word' id='word_1_145' title='bbox 448 2019 510 2081; x_wconf 93' lang='lat' dir='ltr'>quo</span> <span class='ocrx_word' id='word_1_146' title='bbox 535 2011 606 2062; x_wconf 86' lang='lat' dir='ltr'>ante</span> <span class='ocrx_word' id='word_1_147' title='bbox 630 1999 746 2062; x_wconf 88' lang='lat' dir='ltr'>dictum</span> <span class='ocrx_word' id='word_1_148' title='bbox 772 2010 831 2076; x_wconf 90' lang='lat' dir='ltr'>est,</span> <span class='ocrx_word' id='word_1_149' title='bbox 851 1999 1080 2077; x_wconf 88' lang='lat' dir='ltr'>denunciatum,</span> <span class='ocrx_word' id='word_1_150' title='bbox 1110 1997 1180 2060; x_wconf 88' lang='lat' dir='ltr'>‘Ne</span> <span class='ocrx_word' id='word_1_151' title='bbox 1195 2021 1228 2062; x_wconf 85' lang='lat' dir='ltr'>se</span> <span class='ocrx_word' id='word_1_152' title='bbox 1248 2001 1290 2060; x_wconf 92' lang='lat' dir='ltr'>ad</span> <span class='ocrx_word' id='word_1_153' title='bbox 1307 2001 1419 2061; x_wconf 87' lang='lat' dir='ltr'>bellurn</span> 
     </span>
     <span class='ocr_line' id='line_1_20' title="bbox 380 2085 1424 2169; baseline -0.001 -22"><span class='ocrx_word' id='word_1_154' title='bbox 380 2086 392 2119; x_wconf 97' lang='lat'>‘</span> <span class='ocrx_word' id='word_1_155' title='bbox 406 2085 575 2160; x_wconf 78' lang='lat' dir='ltr'>Achaicum</span> <span class='ocrx_word' id='word_1_156' title='bbox 590 2095 714 2147; x_wconf 87' lang='lat' dir='ltr'>autrem</span> <span class='ocrx_word' id='word_1_157' title='bbox 730 2085 835 2162; x_wconf 91' lang='lat' dir='ltr'>ullam,</span> <span class='ocrx_word' id='word_1_158' title='bbox 847 2103 938 2166; x_wconf 87' lang='lat' dir='ltr'>quarn</span> <span class='ocrx_word' id='word_1_159' title='bbox 950 2105 1004 2148; x_wconf 88' lang='lat' dir='ltr'>sua</span> <span class='ocrx_word' id='word_1_160' title='bbox 1014 2087 1143 2167; x_wconf 89' lang='lat' dir='ltr'>quisque</span> <span class='ocrx_word' id='word_1_161' title='bbox 1156 2086 1303 2169; x_wconf 88' lang='lat' dir='ltr'>opinione</span> <span class='ocrx_word' id='word_1_162' title='bbox 1317 2087 1424 2168; x_wconf 68' lang='lat' dir='ltr'>precia</span> 
     </span>
     <span class='ocr_line' id='line_1_21' title="bbox 381 2171 1419 2255; baseline 0 -21"><span class='ocrx_word' id='word_1_163' title='bbox 381 2172 478 2255; x_wconf 87' lang='lat' dir='ltr'>‘pere</span> <span class='ocrx_word' id='word_1_164' title='bbox 498 2181 612 2255; x_wconf 86' lang='lat' dir='ltr'>posset,</span> <span class='ocrx_word' id='word_1_165' title='bbox 631 2172 790 2234; x_wconf 87' lang='lat' dir='ltr'>crederent</span> <span class='ocrx_word' id='word_1_166' title='bbox 809 2171 916 2234; x_wconf 89' lang='lat' dir='ltr'>missos</span> <span class='ocrx_word' id='word_1_167' title='bbox 937 2191 1012 2234; x_wconf 88' lang='lat' dir='ltr'>esse.</span> <span class='ocrx_word' id='word_1_168' title='bbox 1029 2171 1176 2253; x_wconf 92' lang='lat' dir='ltr'>quidquid</span> <span class='ocrx_word' id='word_1_169' title='bbox 1196 2171 1419 2234; x_wconf 82' lang='lat' dir='ltr'>Alexamenum</span> 
     </span>
     <span class='ocr_line' id='line_1_22' title="bbox 380 2256 1420 2341; baseline 0 -21"><span class='ocrx_word' id='word_1_170' title='bbox 380 2258 455 2337; x_wconf 75' lang='lat' dir='ltr'>‘res</span> <span class='ocrx_word' id='word_1_171' title='bbox 478 2258 646 2320; x_wconf 88' lang='lat' dir='ltr'>monuisset</span> <span class='ocrx_word' id='word_1_172' title='bbox 668 2258 761 2320; x_wconf 88' lang='lat' dir='ltr'>subiti</span> <span class='ocrx_word' id='word_1_173' title='bbox 787 2257 904 2320; x_wconf 89' lang='lat' dir='ltr'>consilii</span> <span class='ocrx_word' id='word_1_174' title='bbox 924 2277 1043 2341; x_wconf 85' lang='lat' dir='ltr'>capere,</span> <span class='ocrx_word' id='word_1_175' title='bbox 1064 2256 1104 2318; x_wconf 92' lang='lat' dir='ltr'>ad</span> <span class='ocrx_word' id='word_1_176' title='bbox 1129 2257 1172 2337; x_wconf 90' lang='lat' dir='ltr'>id,</span> <span class='ocrx_word' id='word_1_177' title='bbox 1192 2259 1332 2340; x_wconf 85' lang='lat' dir='ltr'>quamvis</span> <span class='ocrx_word' id='word_1_178' title='bbox 1356 2260 1420 2321; x_wconf 89' lang='lat' dir='ltr'>ino·</span> 
     </span>
     <span class='ocr_line' id='line_1_23' title="bbox 379 2343 1419 2426; baseline 0.003 -22"><span class='ocrx_word' id='word_1_179' title='bbox 379 2343 555 2426; x_wconf 69' lang='lat' dir='ltr'>‘pinetum</span> <span class='ocrx_word' id='word_1_180' title='bbox 597 2344 802 2422; x_wconf 86' lang='lat' dir='ltr'>temerarium,</span> <span class='ocrx_word' id='word_1_181' title='bbox 841 2343 952 2421; x_wconf 91' lang='lat' dir='ltr'>audax,</span> <span class='ocrx_word' id='word_1_182' title='bbox 984 2343 1163 2406; x_wconf 83' lang='lat' dir='ltr'>obedienter</span> <span class='ocrx_word' id='word_1_183' title='bbox 1192 2345 1419 2425; x_wconf 81' lang='lat' dir='ltr'>exsequendum</span> 
     </span>
     <span class='ocr_line' id='line_1_24' title="bbox 381 2429 1422 2512; baseline 0.001 -21"><span class='ocrx_word' id='word_1_184' title='bbox 381 2429 504 2511; x_wconf 89' lang='lat' dir='ltr'>‘parati</span> <span class='ocrx_word' id='word_1_185' title='bbox 520 2441 631 2506; x_wconf 88' lang='lat' dir='ltr'>essent,</span> <span class='ocrx_word' id='word_1_186' title='bbox 647 2449 682 2490; x_wconf 90' lang='lat' dir='ltr'>ac</span> <span class='ocrx_word' id='word_1_187' title='bbox 698 2449 754 2510; x_wconf 89' lang='lat' dir='ltr'>pro</span> <span class='ocrx_word' id='word_1_188' title='bbox 774 2451 811 2491; x_wconf 88' lang='lat' dir='ltr'>eo</span> <span class='ocrx_word' id='word_1_189' title='bbox 834 2430 1018 2512; x_wconf 86' lang='lat' dir='ltr'>acciperent,</span> <span class='ocrx_word' id='word_1_190' title='bbox 1043 2439 1201 2509; x_wconf 83' lang='lat' dir='ltr'>tamquam</span> <span class='ocrx_word' id='word_1_191' title='bbox 1225 2431 1265 2492; x_wconf 88' lang='lat' dir='ltr'>ad</span> <span class='ocrx_word' id='word_1_192' title='bbox 1280 2430 1313 2491; x_wconf 92' lang='lat' dir='ltr'>id</span> <span class='ocrx_word' id='word_1_193' title='bbox 1328 2451 1422 2492; x_wconf 85' lang='lat' dir='ltr'>unum</span> 
     </span>
     <span class='ocr_line' id='line_1_25' title="bbox 378 2513 1419 2599; baseline 0.004 -23"><span class='ocrx_word' id='word_1_194' title='bbox 378 2514 556 2596; x_wconf 86' lang='lat' dir='ltr'>‘agendum</span> <span class='ocrx_word' id='word_1_195' title='bbox 582 2515 690 2576; x_wconf 90' lang='lat' dir='ltr'>missos</span> <span class='ocrx_word' id='word_1_196' title='bbox 713 2515 751 2576; x_wconf 92' lang='lat' dir='ltr'>ab</span> <span class='ocrx_word' id='word_1_197' title='bbox 772 2516 864 2577; x_wconf 91' lang='lat' dir='ltr'>domo</span> <span class='ocrx_word' id='word_1_198' title='bbox 887 2537 920 2577; x_wconf 87' lang='lat' dir='ltr'>se</span> <span class='ocrx_word' id='word_1_199' title='bbox 943 2513 1075 2577; x_wconf 87' lang='lat' dir='ltr'>scirent.&#39;</span> <span class='ocrx_word' id='word_1_200' title='bbox 1119 2513 1199 2577; x_wconf 90' lang='lat' dir='ltr'>Cum</span> <span class='ocrx_word' id='word_1_201' title='bbox 1221 2516 1269 2578; x_wconf 92' lang='lat' dir='ltr'>his</span> <span class='ocrx_word' id='word_1_202' title='bbox 1285 2517 1331 2578; x_wconf 88' lang='lat' dir='ltr'>ita</span> <span class='ocrx_word' id='word_1_203' title='bbox 1346 2537 1419 2599; x_wconf 79' lang='lat' dir='ltr'>pra·</span> 
     </span>
     <span class='ocr_line' id='line_1_26' title="bbox 381 2600 1419 2685; baseline 0.004 -25"><span class='ocrx_word' id='word_1_204' title='bbox 381 2601 495 2682; x_wconf 88' lang='lat' dir='ltr'>paratis</span> <span class='ocrx_word' id='word_1_205' title='bbox 509 2600 714 2662; x_wconf 86' lang='lat' dir='ltr'>Alexamenus</span> <span class='ocrx_word' id='word_1_206' title='bbox 730 2601 770 2661; x_wconf 91' lang='lat' dir='ltr'>ad</span> <span class='ocrx_word' id='word_1_207' title='bbox 785 2611 945 2684; x_wconf 86' lang='lat' dir='ltr'>tyrannum</span> <span class='ocrx_word' id='word_1_208' title='bbox 966 2603 1058 2680; x_wconf 84' lang='lat' dir='ltr'>venit,</span> <span class='ocrx_word' id='word_1_209' title='bbox 1073 2621 1164 2685; x_wconf 92' lang='lat' dir='ltr'>quem</span> <span class='ocrx_word' id='word_1_210' title='bbox 1179 2603 1344 2664; x_wconf 82' lang='lat' dir='ltr'>adueniens</span> <span class='ocrx_word' id='word_1_211' title='bbox 1367 2623 1419 2665; x_wconf 87' lang='lat' dir='ltr'>ex·</span> 
     </span>
     <span class='ocr_line' id='line_1_27' title="bbox 372 2685 1420 2770; baseline 0.003 -23"><span class='ocrx_word' id='word_1_212' title='bbox 372 2685 496 2768; x_wconf 79' lang='lat' dir='ltr'>&#39;templo</span> <span class='ocrx_word' id='word_1_213' title='bbox 510 2686 573 2768; x_wconf 90' lang='lat' dir='ltr'>spei</span> <span class='ocrx_word' id='word_1_214' title='bbox 589 2685 723 2767; x_wconf 82' lang='lat' dir='ltr'>inplevit.</span> <span class='ocrx_word' id='word_1_215' title='bbox 756 2685 967 2749; x_wconf 86' lang='lat' dir='ltr'>‘Antiochum</span> <span class='ocrx_word' id='word_1_216' title='bbox 976 2687 1042 2770; x_wconf 90' lang='lat' dir='ltr'>jam</span> <span class='ocrx_word' id='word_1_217' title='bbox 1056 2689 1087 2750; x_wconf 91' lang='lat' dir='ltr'>in</span> <span class='ocrx_word' id='word_1_218' title='bbox 1099 2686 1249 2770; x_wconf 77' lang='lat' dir='ltr'>Europam</span> <span class='ocrx_word' id='word_1_219' title='bbox 1262 2690 1420 2768; x_wconf 85' lang='lat' dir='ltr'>transisse,</span> 
     </span>
     <span class='ocr_line' id='line_1_28' title="bbox 380 2768 1421 2852; baseline 0.003 -19"><span class='ocrx_word' id='word_1_220' title='bbox 380 2772 480 2833; x_wconf 89' lang='lat' dir='ltr'>‘mox</span> <span class='ocrx_word' id='word_1_221' title='bbox 504 2772 536 2832; x_wconf 91' lang='lat' dir='ltr'>in</span> <span class='ocrx_word' id='word_1_222' title='bbox 566 2768 684 2834; x_wconf 83' lang='lat' dir='ltr'>Gracia</span> <span class='ocrx_word' id='word_1_223' title='bbox 712 2771 796 2850; x_wconf 84' lang='lat' dir='ltr'>lore;</span> <span class='ocrx_word' id='word_1_224' title='bbox 821 2784 928 2851; x_wconf 88' lang='lat' dir='ltr'>terras,</span> <span class='ocrx_word' id='word_1_225' title='bbox 957 2775 1063 2852; x_wconf 88' lang='lat' dir='ltr'>maria,</span> <span class='ocrx_word' id='word_1_226' title='bbox 1108 2774 1208 2852; x_wconf 86' lang='lat' dir='ltr'>annis,</span> <span class='ocrx_word' id='word_1_227' title='bbox 1232 2773 1299 2834; x_wconf 81' lang='lat' dir='ltr'>viris</span> <span class='ocrx_word' id='word_1_228' title='bbox 1325 2793 1421 2836; x_wconf 84' lang='lat' dir='ltr'>corn·</span> 
     </span>
     <span class='ocr_line' id='line_1_29' title="bbox 380 2856 1422 2941; baseline 0.005 -23"><span class='ocrx_word' id='word_1_229' title='bbox 380 2857 567 2940; x_wconf 76' lang='lat' dir='ltr'>‘plectrum</span> <span class='ocrx_word' id='word_1_230' title='bbox 603 2856 676 2919; x_wconf 93' lang='lat' dir='ltr'>Non</span> <span class='ocrx_word' id='word_1_231' title='bbox 691 2876 760 2919; x_wconf 90' lang='lat' dir='ltr'>cum</span> <span class='ocrx_word' id='word_1_232' title='bbox 771 2856 911 2941; x_wconf 90' lang='lat' dir='ltr'>Philippo</span> <span class='ocrx_word' id='word_1_233' title='bbox 920 2879 1061 2922; x_wconf 75' lang='lat' dir='ltr'>temesae</span> <span class='ocrx_word' id='word_1_234' title='bbox 1072 2860 1234 2922; x_wconf 73' lang='lat' dir='ltr'>credituros</span> <span class='ocrx_word' id='word_1_235' title='bbox 1246 2858 1422 2923; x_wconf 84' lang='lat' dir='ltr'>Romanos.</span> 
     </span>
     <span class='ocr_line' id='line_1_30' title="bbox 379 2943 1420 3028; baseline 0.003 -24"><span class='ocrx_word' id='word_1_236' title='bbox 379 2943 564 3006; x_wconf 87' lang='lat' dir='ltr'>‘numerum</span> <span class='ocrx_word' id='word_1_237' title='bbox 585 2944 654 3005; x_wconf 88' lang='lat' dir='ltr'>inir&#39;i</span> <span class='ocrx_word' id='word_1_238' title='bbox 671 2944 808 3025; x_wconf 91' lang='lat' dir='ltr'>peditum</span> <span class='ocrx_word' id='word_1_239' title='bbox 828 2945 1025 3026; x_wconf 87' lang='lat' dir='ltr'>equitumque</span> <span class='ocrx_word' id='word_1_240' title='bbox 1047 2965 1083 3008; x_wconf 91' lang='lat' dir='ltr'>ao</span> <span class='ocrx_word' id='word_1_241' title='bbox 1098 2947 1216 3007; x_wconf 84' lang='lat' dir='ltr'>navium</span> <span class='ocrx_word' id='word_1_242' title='bbox 1232 2965 1297 3007; x_wconf 91' lang='lat' dir='ltr'>non</span> <span class='ocrx_word' id='word_1_243' title='bbox 1307 2965 1420 3028; x_wconf 85' lang='lat' dir='ltr'>posse:</span> 
     </span>
     <span class='ocr_line' id='line_1_31' title="bbox 380 3029 1459 3113; baseline 0.004 -23"><span class='ocrx_word' id='word_1_244' title='bbox 380 3030 637 3113; x_wconf 87' lang='lat' dir='ltr'>‘elephantorum</span> <span class='ocrx_word' id='word_1_245' title='bbox 655 3031 750 3092; x_wconf 89' lang='lat' dir='ltr'>aciem</span> <span class='ocrx_word' id='word_1_246' title='bbox 771 3042 938 3112; x_wconf 89' lang='lat' dir='ltr'>conspectu</span> <span class='ocrx_word' id='word_1_247' title='bbox 952 3032 1019 3113; x_wconf 90' lang='lat' dir='ltr'>ipso</span> <span class='ocrx_word' id='word_1_248' title='bbox 1031 3031 1259 3095; x_wconf 82' lang='lat' dir='ltr'>debellaturum.</span> <span class='ocrx_word' id='word_1_249' title='bbox 1295 3029 1418 3094; x_wconf 83' lang='lat' dir='ltr'>AEtolos</span> <span class='ocrx_word' id='word_1_250' title='bbox 1456 3078 1459 3084; x_wconf 80' lang='grc'>.</span> 
     </span>
     <span class='ocr_line' id='line_1_32' title="bbox 378 3115 1417 3199; baseline 0.001 -22"><span class='ocrx_word' id='word_1_251' title='bbox 378 3115 474 3178; x_wconf 90' lang='lat' dir='ltr'>‘toto</span> <span class='ocrx_word' id='word_1_252' title='bbox 488 3137 544 3178; x_wconf 92' lang='lat' dir='ltr'>suo</span> <span class='ocrx_word' id='word_1_253' title='bbox 559 3116 694 3179; x_wconf 88' lang='lat' dir='ltr'>exercitu</span> <span class='ocrx_word' id='word_1_254' title='bbox 708 3128 830 3197; x_wconf 91' lang='lat' dir='ltr'>paratos</span> <span class='ocrx_word' id='word_1_255' title='bbox 846 3136 911 3178; x_wconf 87' lang='lat' dir='ltr'>esse</span> <span class='ocrx_word' id='word_1_256' title='bbox 926 3118 1028 3179; x_wconf 89' lang='lat' dir='ltr'>venire</span> <span class='ocrx_word' id='word_1_257' title='bbox 1043 3116 1304 3195; x_wconf 72' lang='lat' dir='ltr'>Lacedaemonem,</span> <span class='ocrx_word' id='word_1_258' title='bbox 1326 3138 1417 3199; x_wconf 88' lang='lat' dir='ltr'>quum</span> 
     </span>
     <span class='ocr_line' id='line_1_33' title="bbox 378 3199 1416 3284; baseline 0.004 -22"><span class='ocrx_word' id='word_1_259' title='bbox 378 3199 452 3262; x_wconf 89' lang='lat' dir='ltr'>‘res</span> <span class='ocrx_word' id='word_1_260' title='bbox 471 3214 599 3284; x_wconf 89' lang='lat' dir='ltr'>poscat:</span> <span class='ocrx_word' id='word_1_261' title='bbox 627 3203 682 3264; x_wconf 89' lang='lat' dir='ltr'>sed</span> <span class='ocrx_word' id='word_1_262' title='bbox 707 3202 880 3282; x_wconf 86' lang='lat' dir='ltr'>frequentes</span> <span class='ocrx_word' id='word_1_263' title='bbox 901 3213 1033 3266; x_wconf 86' lang='lat' dir='ltr'>armatos</span> <span class='ocrx_word' id='word_1_264' title='bbox 1051 3204 1218 3266; x_wconf 86' lang='lat' dir='ltr'>&#39;ostendere</span> <span class='ocrx_word' id='word_1_265' title='bbox 1242 3204 1416 3266; x_wconf 84' lang='lat' dir='ltr'>advenienti</span> 
     </span>
     <span class='ocr_line' id='line_1_34' title="bbox 377 3285 1416 3372; baseline 0.002 -23"><span class='ocrx_word' id='word_1_266' title='bbox 377 3287 468 3370; x_wconf 84' lang='lat' dir='ltr'>‘regi</span> <span class='ocrx_word' id='word_1_267' title='bbox 483 3289 621 3351; x_wconf 89' lang='lat' dir='ltr'>voluisse.</span> <span class='ocrx_word' id='word_1_268' title='bbox 664 3285 778 3350; x_wconf 92' lang='lat' dir='ltr'>Nabidi</span> <span class='ocrx_word' id='word_1_269' title='bbox 803 3308 922 3370; x_wconf 90' lang='lat' dir='ltr'>quoque</span> <span class='ocrx_word' id='word_1_270' title='bbox 949 3301 981 3352; x_wconf 91' lang='lat' dir='ltr'>et</span> <span class='ocrx_word' id='word_1_271' title='bbox 1003 3291 1060 3372; x_wconf 90' lang='lat' dir='ltr'>ipsi</span> <span class='ocrx_word' id='word_1_272' title='bbox 1085 3290 1259 3355; x_wconf 86' lang='lat' dir='ltr'>laciendum</span> <span class='ocrx_word' id='word_1_273' title='bbox 1280 3311 1359 3368; x_wconf 91' lang='lat' dir='ltr'>esse,</span> <span class='ocrx_word' id='word_1_274' title='bbox 1372 3301 1416 3366; x_wconf 89' lang='lat' dir='ltr'>ut,</span> 
     </span>
     <span class='ocr_line' id='line_1_35' title="bbox 377 3373 1417 3457; baseline 0.001 -21"><span class='ocrx_word' id='word_1_275' title='bbox 377 3373 389 3406; x_wconf 92' lang='lat'>‘</span> <span class='ocrx_word' id='word_1_276' title='bbox 404 3395 478 3455; x_wconf 93' lang='lat' dir='ltr'>quas</span> <span class='ocrx_word' id='word_1_277' title='bbox 492 3375 626 3438; x_wconf 81' lang='lat' dir='ltr'>haberet</span> <span class='ocrx_word' id='word_1_278' title='bbox 635 3376 751 3457; x_wconf 90' lang='lat' dir='ltr'>copias,</span> <span class='ocrx_word' id='word_1_279' title='bbox 767 3395 828 3436; x_wconf 90' lang='lat' dir='ltr'>non</span> <span class='ocrx_word' id='word_1_280' title='bbox 841 3375 953 3437; x_wconf 87' lang='lat' dir='ltr'>sineret</span> <span class='ocrx_word' id='word_1_281' title='bbox 967 3378 1023 3437; x_wconf 89' lang='lat' dir='ltr'>sub</span> <span class='ocrx_word' id='word_1_282' title='bbox 1032 3377 1122 3438; x_wconf 89' lang='lat' dir='ltr'>tectis</span> <span class='ocrx_word' id='word_1_283' title='bbox 1132 3397 1322 3439; x_wconf 85' lang='lat' dir='ltr'>marcescere</span> <span class='ocrx_word' id='word_1_284' title='bbox 1331 3377 1417 3438; x_wconf 76' lang='lat' dir='ltr'>otior</span> 
     </span>
     <span class='ocr_line' id='line_1_36' title="bbox 377 3459 1414 3544; baseline 0.002 -24"><span class='ocrx_word' id='word_1_285' title='bbox 377 3459 458 3522; x_wconf 89' lang='lat' dir='ltr'>‘sed</span> <span class='ocrx_word' id='word_1_286' title='bbox 472 3459 625 3540; x_wconf 89' lang='lat' dir='ltr'>educeret,</span> <span class='ocrx_word' id='word_1_287' title='bbox 647 3470 678 3520; x_wconf 91' lang='lat' dir='ltr'>et</span> <span class='ocrx_word' id='word_1_288' title='bbox 700 3461 731 3521; x_wconf 89' lang='lat' dir='ltr'>in</span> <span class='ocrx_word' id='word_1_289' title='bbox 752 3461 843 3524; x_wconf 82' lang='lat' dir='ltr'>aunis</span> <span class='ocrx_word' id='word_1_290' title='bbox 867 3460 1023 3523; x_wconf 88' lang='lat' dir='ltr'>decurrer&#39;e</span> <span class='ocrx_word' id='word_1_291' title='bbox 1046 3471 1181 3544; x_wconf 85' lang='lat' dir='ltr'>cogeret,</span> <span class='ocrx_word' id='word_1_292' title='bbox 1197 3461 1287 3523; x_wconf 87' lang='lat' dir='ltr'>simul</span> <span class='ocrx_word' id='word_1_293' title='bbox 1300 3463 1414 3524; x_wconf 78' lang='lat' dir='ltr'>animm</span> 
     </span>
     <span class='ocr_line' id='line_1_37' title="bbox 377 3545 1455 3628; baseline 0.003 -23"><span class='ocrx_word' id='word_1_294' title='bbox 377 3545 388 3578; x_wconf 98' lang='lat'>‘</span> <span class='ocrx_word' id='word_1_295' title='bbox 403 3556 536 3622; x_wconf 88' lang='lat' dir='ltr'>acueret,</span> <span class='ocrx_word' id='word_1_296' title='bbox 551 3557 583 3608; x_wconf 93' lang='lat' dir='ltr'>et</span> <span class='ocrx_word' id='word_1_297' title='bbox 598 3566 726 3628; x_wconf 90' lang='lat' dir='ltr'>corpora</span> <span class='ocrx_word' id='word_1_298' title='bbox 737 3558 901 3610; x_wconf 86' lang='lat' dir='ltr'>exerceret.</span> <span class='ocrx_word' id='word_1_299' title='bbox 935 3545 1164 3610; x_wconf 89' lang='lat' dir='ltr'>Consuetudine</span> <span class='ocrx_word' id='word_1_300' title='bbox 1174 3548 1320 3610; x_wconf 88' lang='lat' dir='ltr'>leviorem</span> <span class='ocrx_word' id='word_1_301' title='bbox 1331 3547 1414 3608; x_wconf 88' lang='lat' dir='ltr'>labo-</span> <span class='ocrx_word' id='word_1_302' title='bbox 1452 3607 1455 3618; x_wconf 85' lang='grc'><strong>,</strong></span> 
     </span>
     <span class='ocr_line' id='line_1_38' title="bbox 378 3629 1417 3716; baseline 0.006 -26"><span class='ocrx_word' id='word_1_303' title='bbox 378 3630 389 3663; x_wconf 92' lang='lat'>‘</span> <span class='ocrx_word' id='word_1_304' title='bbox 404 3649 469 3691; x_wconf 91' lang='lat' dir='ltr'>rem</span> <span class='ocrx_word' id='word_1_305' title='bbox 476 3629 556 3691; x_wconf 79' lang='lat' dir='ltr'>lore:</span> <span class='ocrx_word' id='word_1_306' title='bbox 571 3631 754 3694; x_wconf 80' lang='lat' dir='ltr'>etconsitate</span> <span class='ocrx_word' id='word_1_307' title='bbox 763 3654 800 3696; x_wconf 90' lang='lat' dir='ltr'>ac</span> <span class='ocrx_word' id='word_1_308' title='bbox 809 3633 999 3714; x_wconf 81' lang='lat' dir='ltr'>benignitate</span> <span class='ocrx_word' id='word_1_309' title='bbox 1008 3635 1093 3696; x_wconf 91' lang='lat' dir='ltr'>ducis</span> <span class='ocrx_word' id='word_1_310' title='bbox 1099 3634 1194 3696; x_wconf 87' lang='lat' dir='ltr'>etiam</span> <span class='ocrx_word' id='word_1_311' title='bbox 1202 3655 1265 3696; x_wconf 89' lang='lat' dir='ltr'>non</span> <span class='ocrx_word' id='word_1_312' title='bbox 1275 3633 1417 3716; x_wconf 87' lang='lat' dir='ltr'>injucun-</span> 
     </span>
     <span class='ocr_line' id='line_1_39' title="bbox 376 3714 1417 3800; baseline 0.003 -22"><span class='ocrx_word' id='word_1_313' title='bbox 376 3715 389 3749; x_wconf 95' lang='lat'>‘</span> <span class='ocrx_word' id='word_1_314' title='bbox 403 3714 475 3778; x_wconf 90' lang='lat' dir='ltr'>dum</span> <span class='ocrx_word' id='word_1_315' title='bbox 490 3715 677 3798; x_wconf 66' lang='lat' dir='ltr'>lieriposse!</span> <span class='ocrx_word' id='word_1_316' title='bbox 713 3717 810 3780; x_wconf 88' lang='lat' dir='ltr'>Educi</span> <span class='ocrx_word' id='word_1_317' title='bbox 824 3719 894 3780; x_wconf 89' lang='lat' dir='ltr'>inde</span> <span class='ocrx_word' id='word_1_318' title='bbox 907 3718 1077 3800; x_wconf 82' lang='lat' dir='ltr'>frequenter</span> <span class='ocrx_word' id='word_1_319' title='bbox 1087 3731 1159 3782; x_wconf 89' lang='lat' dir='ltr'>ante</span> <span class='ocrx_word' id='word_1_320' title='bbox 1169 3721 1276 3782; x_wconf 89' lang='lat' dir='ltr'>urbem</span> <span class='ocrx_word' id='word_1_321' title='bbox 1289 3721 1320 3780; x_wconf 88' lang='lat' dir='ltr'>in</span> <span class='ocrx_word' id='word_1_322' title='bbox 1332 3739 1417 3781; x_wconf 86' lang='lat' dir='ltr'>canr-</span> 
     </span>
     <span class='ocr_line' id='line_1_40' title="bbox 375 3799 1419 3890; baseline 0.004 -28"><span class='ocrx_word' id='word_1_323' title='bbox 375 3799 918 3888; x_wconf 84' lang='lat' dir='ltr'>purnadEurotamamnemcoepere.</span> <span class='ocrx_word' id='word_1_324' title='bbox 950 3803 1101 3869; x_wconf 88' lang='lat' dir='ltr'>Satellites</span> <span class='ocrx_word' id='word_1_325' title='bbox 1110 3807 1232 3890; x_wconf 88' lang='lat' dir='ltr'>tyranni</span> <span class='ocrx_word' id='word_1_326' title='bbox 1242 3805 1346 3868; x_wconf 88' lang='lat' dir='ltr'>media</span> <span class='ocrx_word' id='word_1_327' title='bbox 1355 3805 1419 3868; x_wconf 82' lang='lat' dir='ltr'>fere</span> 
     </span>
     <span class='ocr_line' id='line_1_41' title="bbox 374 3887 1418 3976; baseline 0.008 -29"><span class='ocrx_word' id='word_1_328' title='bbox 374 3887 407 3949; x_wconf 90' lang='lat' dir='ltr'>in</span> <span class='ocrx_word' id='word_1_329' title='bbox 423 3889 489 3951; x_wconf 87' lang='lat' dir='ltr'>acie</span> <span class='ocrx_word' id='word_1_330' title='bbox 510 3891 726 3969; x_wconf 85' lang='lat' dir='ltr'>consistebant,</span> <span class='ocrx_word' id='word_1_331' title='bbox 751 3902 896 3976; x_wconf 88' lang='lat' dir='ltr'>tyrarmus</span> <span class='ocrx_word' id='word_1_332' title='bbox 920 3912 990 3954; x_wconf 84' lang='lat' dir='ltr'>curn</span> <span class='ocrx_word' id='word_1_333' title='bbox 1013 3893 1109 3955; x_wconf 86' lang='lat' dir='ltr'>tribus</span> <span class='ocrx_word' id='word_1_334' title='bbox 1130 3913 1282 3956; x_wconf 87' lang='lat' dir='ltr'>summum</span> <span class='ocrx_word' id='word_1_335' title='bbox 1305 3893 1418 3972; x_wconf 87' lang='lat' dir='ltr'>equiti-</span> 
     </span>
     <span class='ocr_line' id='line_1_42' title="bbox 375 3974 1416 4060; baseline 0.004 -25"><span class='ocrx_word' id='word_1_336' title='bbox 375 3974 443 4054; x_wconf 90' lang='lat' dir='ltr'>bus,</span> <span class='ocrx_word' id='word_1_337' title='bbox 458 3975 537 4038; x_wconf 86' lang='lat' dir='ltr'>inter</span> <span class='ocrx_word' id='word_1_338' title='bbox 551 3997 625 4060; x_wconf 87' lang='lat' dir='ltr'>quos</span> <span class='ocrx_word' id='word_1_339' title='bbox 639 3978 818 4060; x_wconf 91' lang='lat' dir='ltr'>plerumque</span> <span class='ocrx_word' id='word_1_340' title='bbox 833 3977 1038 4039; x_wconf 87' lang='lat' dir='ltr'>Alexamenus</span> <span class='ocrx_word' id='word_1_341' title='bbox 1053 3989 1129 4056; x_wconf 88' lang='lat' dir='ltr'>erat,</span> <span class='ocrx_word' id='word_1_342' title='bbox 1153 3990 1226 4042; x_wconf 90' lang='lat' dir='ltr'>ante</span> <span class='ocrx_word' id='word_1_343' title='bbox 1242 3979 1332 4060; x_wconf 85' lang='lat' dir='ltr'>signa</span> <span class='ocrx_word' id='word_1_344' title='bbox 1345 3997 1416 4039; x_wconf 84' lang='lat' dir='ltr'>rec·</span> 
     </span>
     <span class='ocr_line' id='line_1_43' title="bbox 374 4061 1416 4142; baseline 0.001 -19"><span class='ocrx_word' id='word_1_345' title='bbox 374 4061 506 4140; x_wconf 84' lang='lat' dir='ltr'>tabatur,</span> <span class='ocrx_word' id='word_1_346' title='bbox 531 4065 645 4126; x_wconf 86' lang='lat' dir='ltr'>cornua</span> <span class='ocrx_word' id='word_1_347' title='bbox 667 4075 804 4126; x_wconf 88' lang='lat' dir='ltr'>extrema</span> <span class='ocrx_word' id='word_1_348' title='bbox 829 4063 980 4142; x_wconf 81' lang='lat' dir='ltr'>invisens3</span> <span class='ocrx_word' id='word_1_349' title='bbox 1007 4063 1038 4126; x_wconf 92' lang='lat' dir='ltr'>in</span> <span class='ocrx_word' id='word_1_350' title='bbox 1066 4063 1174 4127; x_wconf 89' lang='lat' dir='ltr'>dextro</span> <span class='ocrx_word' id='word_1_351' title='bbox 1201 4085 1298 4126; x_wconf 89' lang='lat' dir='ltr'>cornu</span> <span class='ocrx_word' id='word_1_352' title='bbox 1317 4061 1416 4126; x_wconf 79' lang='lat' dir='ltr'>AEtoss</span> 
     </span>
     <span class='ocr_line' id='line_1_44' title="bbox 376 4149 1419 4234; baseline 0.004 -27"><span class='ocrx_word' id='word_1_353' title='bbox 376 4159 473 4227; x_wconf 89' lang='lat' dir='ltr'>erant,</span> <span class='ocrx_word' id='word_1_354' title='bbox 488 4163 519 4211; x_wconf 90' lang='lat' dir='ltr'>et</span> <span class='ocrx_word' id='word_1_355' title='bbox 534 4150 585 4231; x_wconf 92' lang='lat' dir='ltr'>qui</span> <span class='ocrx_word' id='word_1_356' title='bbox 600 4161 672 4212; x_wconf 86' lang='lat' dir='ltr'>ante</span> <span class='ocrx_word' id='word_1_357' title='bbox 696 4151 855 4212; x_wconf 85' lang='lat' dir='ltr'>auxiliares</span> <span class='ocrx_word' id='word_1_358' title='bbox 871 4151 990 4234; x_wconf 88' lang='lat' dir='ltr'>tyranni</span> <span class='ocrx_word' id='word_1_359' title='bbox 1006 4149 1136 4230; x_wconf 79' lang='lat' dir='ltr'>fuerant,</span> <span class='ocrx_word' id='word_1_360' title='bbox 1155 4161 1189 4214; x_wconf 91' lang='lat' dir='ltr'>et</span> <span class='ocrx_word' id='word_1_361' title='bbox 1204 4152 1257 4231; x_wconf 88' lang='lat' dir='ltr'>qui</span> <span class='ocrx_word' id='word_1_362' title='bbox 1271 4159 1419 4212; x_wconf 79' lang='lat' dir='ltr'>venerant</span> 
     </span>
    </p>
   </div>
   <div class='ocr_carea' id='block_1_4' title="bbox 824 4255 970 4307">
    <p class='ocr_par' dir='ltr' id='par_1_6' title="bbox 824 4255 970 4307">
     <span class='ocr_line' id='line_1_45' title="bbox 824 4255 970 4307; baseline 0.007 -1"><span class='ocrx_word' id='word_1_363' title='bbox 824 4265 835 4288; x_wconf 84' lang='lat'><strong>¹</strong></span> <span class='ocrx_word' id='word_1_364' title='bbox 847 4255 891 4307; x_wconf 81' lang='lat' dir='ltr'>His</span> <span class='ocrx_word' id='word_1_365' title='bbox 901 4257 970 4307; x_wconf 84' lang='lat' dir='ltr'>Crer.</span> 
     </span>
    </p>
   </div>
   <div class='ocr_carea' id='block_1_5' title="bbox 376 4307 1416 4540">
    <p class='ocr_par' dir='ltr' id='par_1_7' title="bbox 376 4307 1416 4540">
     <span class='ocr_line' id='line_1_46' title="bbox 390 4307 1416 4417; baseline 0.007 -28"><span class='ocrx_word' id='word_1_366' title='bbox 390 4339 485 4417; x_wconf 29' lang='lat' dir='ltr'>‘filiis</span> <span class='ocrx_word' id='word_1_367' title='bbox 503 4362 519 4392; x_wconf 84' lang='lat' dir='ltr'>o</span> <span class='ocrx_word' id='word_1_368' title='bbox 542 4355 632 4406; x_wconf 76' lang='lat' dir='ltr'>prason</span> <span class='ocrx_word' id='word_1_369' title='bbox 653 4343 790 4410; x_wconf 68' lang='lat' dir='ltr'>Damocrito]</span> <span class='ocrx_word' id='word_1_370' title='bbox 820 4345 876 4394; x_wconf 87' lang='lat' dir='ltr'>Tri·</span> <span class='ocrx_word' id='word_1_371' title='bbox 906 4345 1142 4408; x_wconf 71' lang='lat' dir='ltr'>metatumrgsrur,</span> <span class='ocrx_word' id='word_1_372' title='bbox 1151 4307 1295 4410; x_wconf 81' lang='lat' dir='ltr'>reposuimus</span> <span class='ocrx_word' id='word_1_373' title='bbox 1303 4349 1416 4412; x_wconf 66' lang='lat' dir='ltr'>biqque-</span> 
     </span>
     <span class='ocr_line' id='line_1_47' title="bbox 376 4409 1390 4478; baseline 0.01 -25"><span class='ocrx_word' id='word_1_374' title='bbox 376 4417 438 4468; x_wconf 77' lang='lat' dir='ltr'>gnra</span> <span class='ocrx_word' id='word_1_375' title='bbox 456 4409 577 4471; x_wconf 69' lang='lat' dir='ltr'>equitibus,</span> <span class='ocrx_word' id='word_1_376' title='bbox 596 4423 623 4460; x_wconf 85' lang='lat' dir='ltr'>ur</span> <span class='ocrx_word' id='word_1_377' title='bbox 640 4423 703 4476; x_wconf 75' lang='lat' dir='ltr'>paret</span> <span class='ocrx_word' id='word_1_378' title='bbox 724 4428 754 4460; x_wconf 81' lang='lat' dir='ltr'>ex</span> <span class='ocrx_word' id='word_1_379' title='bbox 775 4413 802 4460; x_wconf 83' lang='lat' dir='ltr'>lis</span> <span class='ocrx_word' id='word_1_380' title='bbox 824 4427 875 4474; x_wconf 78' lang='lat' dir='ltr'>qua</span> <span class='ocrx_word' id='word_1_381' title='bbox 905 4411 1390 4478; x_wconf 78' lang='lat' dir='ltr'>umdohsbstcoderll&#39;rctoriuus,proiis.</span> 
     </span>
     <span class='ocr_line' id='line_1_48' title="bbox 377 4475 906 4540; baseline 0.008 -18"><span class='ocrx_word' id='word_1_382' title='bbox 377 4475 564 4530; x_wconf 72' lang='lat' dir='ltr'>memorabuntur</span> <span class='ocrx_word' id='word_1_383' title='bbox 588 4475 655 4526; x_wconf 79' lang='lat' dir='ltr'>inira.</span> <span class='ocrx_word' id='word_1_384' title='bbox 696 4475 783 4540; x_wconf 79' lang='lat' dir='ltr'>Atque,</span> <span class='ocrx_word' id='word_1_385' title='bbox 803 4486 831 4530; x_wconf 87' lang='lat' dir='ltr'>ut</span> <span class='ocrx_word' id='word_1_386' title='bbox 851 4477 875 4526; x_wconf 83' lang='lat' dir='ltr'>it</span> <span class='ocrx_word' id='word_1_387' title='bbox 902 4529 906 4538; x_wconf 67' lang='grc'><strong>,</strong></span> 
     </span>
    </p>
   </div>
   <div class='ocr_carea' id='block_1_6' title="bbox 0 0 1544 5196">
    <p class='ocr_par' dir='ltr' id='par_1_8' title="bbox 0 0 1544 5196">
     <span class='ocr_line' id='line_1_49' title="bbox 0 0 1544 5196; baseline 0 2"><span class='ocrx_word' id='word_1_388' title='bbox 0 0 1544 5196; x_wconf 95' lang='lat' dir='ltr'> </span> 
     </span>
    </p>
   </div>
  </div>
 </body>
</html>
