3080 5196
407 387 484 451 nm.
497 387 642 453 XXXVI.
660 387 742 452 CAP.
755 387 898 452 xxvltr.
1109 395 1166 454 261

129 543 174 606 tia
195 542 447 630 pecuniamque
469 543 509 608 ad
523 565 594 607 usus
616 543 687 608 belli
709 543 877 608 necessaria
897 553 974 622 erat,
988 541 1096 626 legatis
1112 541 1166 606 de·
1181 541 1320 626 umam.

129 629 194 692 dit:
223 631 355 694 :auxilia
390 629 542 694 terrestria
579 631 755 714 navaliaque
792 629 961 696 adfirmavit
996 629 1166 702 missumm.
1181 609 1253 660 Μ·
1267 606 1321 658 ¹⁹¹·

127 713 304 780 Thoantem
318 736 411 780 unum
430 739 468 779 ex
488 717 597 798 legatis
619 717 756 796 retinuit,
771 729 802 780 et
824 717 922 800 ipsum
945 715 1027 780 haud
1041 715 1167 778 invitum

130 816 314 882 morantem,
337 816 371 866 ut
392 814 516 866 exactor
539 825 669 886 praesens
691 804 907 888 promissorum
930 803 1060 866 adesset.
1162 831 1166 842 ·

154 885 306 952 ,XXVlL
328 887 471 954 Ceterum
497 887 649 956 Heraclea
672 902 763 974 capta
791 889 881 972 lregit
905 889 1029 952 tandem
1052 887 1290 950 animosAErolide

128 970 321 1038 AEtolorum:
345 987 377 1038 et
392 989 462 1060 post
476 997 589 1058 paucos
603 977 679 1054 dies,
701 997 792 1058 quam
819 975 860 1038 ad
882 975 996 1038 bellum
1013 996 1166 1038 renovan-
1180 979 1235 1034 pere
1245 971 1323 1027 Ψ·

129 1061 202 1124 dum
217 1061 457 1144 adcienduruque
472 1083 575 1144 regem
590 1063 621 1124 in
636 1062 741 1126 Asiam
757 1062 901 1124 miserant
920 1061 1049 1144 legatos,
1066 1059 1168 1142 abjec-

129 1147 169 1208 tis
184 1147 255 1210 belli
268 1149 413 1227 consiliis,
427 1149 511 1232 pacis
534 1149 672 1231 petendos
697 1161 831 1212 oratores
847 1147 887 1210 ad
902 1148 1059 1210 consulem
1079 1149 1169 1210 misc-

128 1246 211 1297 runt.
255 1235 339 1305 Quos
354 1235 455 1297 dicere
467 1257 590 1300 exorsos
611 1235 715 1298 consul
730 1233 899 1312 interfatus,
924 1255 1016 1316 quum
1038 1234 1100 1297 alia
1114 1234 1170 1297 sibi

128 1321 335 1400 prrsvertenda
350 1341 414 1383 esse
430 1321 568 1397 dixisset,
583 1321 679 1384 redire
702 1317 857 1404 Hypatam
872 1341 936 1392 eos,
952 1320 1032 1384 datis
1054 1320 1170 1382 dierum

130 1405 239 1470 decern
255 1407 395 1486 induciis,
408 1419 440 1470 et
456 1405 490 1470 1..
501 1405 621 1470 Valerio
636 1405 746 1469 Flacco
761 1427 830 1468 cum
845 1405 882 1467 iis
898 1407 1002 1486 misso,
1013 1405 1115 1488 jussit.
1131 1407 1171 1484 ei,

130 1515 200 1574 qua
213 1514 317 1556 secum
332 1493 426 1556 acturi
450 1493 586 1570 luissent,
607 1513 768 1574 exponere,
794 1503 827 1556 et
848 1493 873 1553 si
898 1513 959 1575 qua
971 1491 1083 1554 vellent
1099 1491 1171 1556 alia.

131 1575 289 1662 Hypatam
312 1591 347 1642 ut
368 1589 415 1641 est
428 1591 562 1656 ventum,
578 1579 728 1662 principes
740 1575 915 1644 AEtolorum
929 1578 1010 1663 apud
1026 1575 1170 1640 Flaccum

132 1665 294 1728 concilium
321 1666 509 1741 habuerunt3
531 1665 746 1744 consultantes,
770 1685 902 1746 quonam
925 1665 1076 1746 agendum
1103 1685 1170 1726 mo-

133 1751 174 1814 do
201 1751 282 1836 apud
296 1751 458 1814 ¹consulem
481 1749 571 1812 soret.
615 1749 674 1812 His
697 1751 894 1834 parantibus⁶
923 1752 1049 1832 antiqua
1074 1749 1171 1814 foede·

132 1859 199 1902 rum
210 1837 313 1916 ordiri,
332 1837 500 1918 meritaque
512 1836 545 1898 in
556 1835 703 1918 populum
719 1837 905 1912 Romanum,
925 1835 1102 1898 ‘Absistere
1112 1833 1172 1914 iis,'

132 1921 259 1986 Flaccus
266 1923 366 2006 jussit,
381 1924 391 1956 ‘
407 1943 472 2004 qua
484 1921 541 2003 ipsi
555 1921 720 1984 violassent
730 1941 766 1981 ac
777 1921 940 2002 rupissent.
952 1921 1172 1986 confessionem

133 2011 146 2044 ‘
161 2011 197 2074 iis
208 2011 304 2092 culpa
314 2009 411 2090 magis
422 2007 620 2092 profuturam,
628 2019 661 2071 et
673 2015 768 2074 totam
781 2007 920 2088 inpreces
930 2007 1099 2068 orationem
1108 2027 1173 2068 ver·

133 2097 145 2130 ‘
160 2118 235 2158 sam.
250 2116 307 2158 nec
317 2096 398 2158 enim
408 2093 438 2156 in
452 2113 558 2156 caussa
569 2094 714 2177 ipsorum,
726 2091 780 2154 sed
791 2093 823 2154 in
841 2091 947 2176 populi
966 2089 1097 2154 Romani
1113 2091 1174 2154 cle-

135 2184 146 2216 ‘
162 2183 276 2246 mentia
290 2202 375 2265 spem
388 2179 492 2242 salnds
507 2180 638 2262 positam
651 2199 725 2241 esse.
740 2188 814 2241 etse
826 2177 1000 2260 suppliciter
1016 2177 1175 2258 agentibus

131 2269 144 2302 ‘
158 2270 195 2332 iis
211 2269 385 2332 adiutamur
394 2266 415 2345 ¹,
441 2277 473 2328 et
495 2266 577 2348 apud
599 2265 765 2342 consulem,
790 2262 946 2328 etRomae
961 2265 993 2325 in
1007 2275 1123 2327 senatu.
1138 2285 1176 2328 eo

133 2355 146 2388 ‘
161 2375 282 2438 quoque
297 2353 379 2416 enim
393 2351 561 2415 mittendos
576 2351 640 2415 fore
664 2348 802 2433 legatos?
846 2347 922 2413 Hac
940 2371 1002 2414 una
1014 2349 1062 2412 vis
1076 2351 1175 2412 omni·

132 2443 192 2504 bus
218 2439 258 2504 ad
280 2441 410 2502 salutem
423 2439 487 2502 visa
502 2448 558 2515 est,
581 2441 606 2484 ⁹⁷
618 2439 674 2502 ‘ut
689 2439 719 2500 in
734 2437 825 2500 lidem
840 2457 872 2502 ss
886 2437 1098 2518 permitterent
1112 2435 1175 2498 Ro-

134 2528 147 2560 ‘
161 2547 331 2590 manorum.
376 2523 424 2586 lta
437 2523 519 2588 enim
535 2536 567 2586 et
582 2524 640 2586 illis
655 2524 786 2587 violandi
802 2521 952 2608 supplices
959 2522 1172 2586 verecundiam

131 2609 192 2676 “se
208 2614 408 2696 inposituros:
435 2623 468 2675 et
482 2611 562 2694 ipsos
577 2609 771 2674 nihilominus
794 2630 854 2674 suae
874 2609 1034 2693 potestatis
1056 2608 1132 2688 fore,
1147 2609 1172 2674 ei

134 2703 146 2735 ‘
160 2699 234 2783 quid
249 2699 357 2776 melius
370 2698 494 2762 fortuna
508 2695 711 2762 osannam:

176 2783 327 2849 XXVlll.
351 2783 520 2866 Postquam
540 2785 592 2849 :ad
623 2785 780 2848 consulem
807 2795 928 2848 ventum
951 2795 1008 2862 est,
1031 2777 1174 2848 Phaeneas

133 2873 295 2956 legationis
309 2871 449 2954 princeps
476 2869 599 2951 longam
621 2871 801 2950 orationem,
824 2884 857 2934 et
878 2871 960 2934 varie
977 2871 1017 2934 ad
1030 2869 1174 2952 mitigan-

132 2961 204 3026 dam
220 2959 296 3022 iram
310 2955 434 3019 victoris
450 2957 661 3039 compositam,
684 2957 730 3019 ita
754 2958 794 3018 ad
817 2969 985 3020 extremum
1010 2955 1119 3034 linivit,
1140 2965 1176 3018 ut

131 3043 248 3110 diceret
256 3068 266 3122 3
292 3045 302 3078 ‘
317 3041 439 3106 AEtolos
453 3063 486 3103 ae
501 3062 613 3122 suaque
628 3043 731 3105 omnia
744 3043 816 3106 fidei
836 3043 941 3126 populi
957 3041 1090 3104 Romani
1106 3063 1174 3124 per·
1188 3059 1251 3110 treet
1263 3059 1291 3108 Ρ.
1302 3057 1335 3108 n.

131 3133 150 3198 ⁴.
160 3129 300 3194 mittere.’
324 3127 362 3190 ld
376 3127 480 3190 consul
491 3127 543 3188 ubi
552 3127 686 3191 audivit:
702 3128 713 3161 ‘
727 3128 831 3191 Etiam
844 3140 935 3208 atque
947 3127 1041 3190 etiam
1052 3127 1174 3208 nnete:
1189 3142 1214 3175 ω
1224 3126 1319 3188 pmic-

129 3217 243 3298 inquit‚
257 3215 268 3250 ‘
283 3213 392 3293 AEtuli,
405 3225 441 3276 nt
455 3213 500 3274 ita
512 3211 718 3294 permittatis!
761 3213 843 3275 'llrrn
854 3213 1011 3276 decretum
1024 3212 1176 3294 Phaeneas,
1188 3201 1249 3240 “¹¹²“

130 3303 165 3364 in
182 3323 243 3384 quo
258 3301 292 3361 id
315 3300 425 3362 diserte
449 3299 594 3381 scriptum
621 3310 696 3377 erat,
723 3299 866 3361 ostendit.
910 3298 1066 3370 ‘Quando
1082 3299 1176 3382 ergo,'
1189 3331 1295 3380 comp,

129 3388 252 3469 iuquit„
267 3387 277 3420 ‘
292 3385 337 3446 ita
390 3385 534 3464 rmittitis,
549 3385 680 3470 postulo,
704 3396 739 3448 ut
758 3385 833 3448 mihi
848 3383 1059 3448 Dicaerchum
1080 3387 1176 3450 civ‘em
1189 3397 1308 3462 postuma

129 3477 302 3549 ‘nestrum
311 3483 345 3533 et
390 3481 527 3533 enestam
539 3482 552 3520 ⁸
563 3469 745 3554 Epirotamssff
763 3469 970 3554 (Naupactum
982 3472 1008 3532 is
1019 3494 1087 3536 cum
1100 3493 1176 3556 pra·

131 3561 213 3626 sidio
228 3558 379 3640 ingressus
394 3557 433 3618 ad
445 3557 648 3621 delectionem
663 3557 863 3640 compulerat)
879 3558 934 3621 ‘et
944 3557 1176 3644 Amynandrum

132 3649 231 3710 ‘curn
246 3643 433 3727 principibus
446 3643 664 3721 Athamanum,
680 3665 807 3727 quomm
823 3644 950 3708 consilio
965 3646 1004 3707 ab
1020 3648 1106 3710 nobis
1122 3647 1176 3710 de·

134 3731 288 3809 fietistis,
317 3731 382 3790 sine
408 3749 494 3791 mora
528 3728 666 3792 dedatis!
712 3728 809 3813 Prope
835 3731 989 3794 dicentem
1020 3733 1177 3794 interfatus

134 3819 310 3884 Romanum
322 3813 476 3891 Phaeneas,
491 3816 501 3848 ‘
513 3813 585 3876 Non
594 3815 626 3878 in
637 3814 830 3894 servitutem,’
841 3817 949 3900 inquit,
961 3817 1033 3878 ‘sed
1046 3819 1075 3878 in
1086 3818 1178 3880 fidem

135 3899 246 3973 '‘,tuam
262 3925 318 3966 nos
333 3901 524 3966 tradidimus.
539 3913 571 3964 ct
586 3913 702 3964 certum
718 3903 829 3980 habeo,
851 3913 883 3966 te
898 3901 1092 3984 inprudentia
1106 3904 1179 3982 labi,

136 3993 214 4076 ‘qui
229 3991 316 4056 uobis
331 3989 472 4070 imperes,
487 4007 552 4068 que
565 3987 657 4050 moris
673 3985 847 4054 Gracorum
862 4007 924 4052 non
939 3986 1021 4051 sint'
1054 3987 1105 4051 Ad
1115 3991 1178 4053 luec

169 4130 446 4190 epmfflierrm.
457 4135 527 4186 Cret.
702 4125 933 4198 'stmpllrltrrat
944 4137 1100 4202 aerffirtrrrtrm
1110 4138 1178 4194 Ean.

135 4207 273 4257 silerem
283 4205 346 4253 End·
930 4227 933 4234 ’
1027 4203 1030 4208 ’

160 4321 190 4361 '⁹²
205 4321 236 4370 Ur
245 4319 351 4382 infidas
364 4333 385 4368 er
399 4319 545 4380 minemo
561 4315 643 4365 Roas·
673 4325 751 4365 aurern
771 4317 908 4382 ignorabant
924 4315 1005 4374 Etsi,
1021 4321 1113 4367 sacrun
1122 4319 1181 4382 fidat

133 4381 548 4498 uyrnynprdbnnosr‘sdppppr
558 4395 643 4494 eppo-
675 4383 824 4504 ἷιπεποῐῗ
844 4383 944 4502 ,itiam
976 4383 1029 4435 Vid.
1051 4383 1132 4452 Polyb.
1155 4387 1180 4438 la

135 4461 224 4586 ,ᾚῖ
235 4463 470 4586 ι’κῖῗώᾞωῖο
488 4479 590 4576 arti..
619 4460 647 4564 ii
726 4459 784 4516 ψ’
798 4540 801 4546 Α
815 4461 842 4512 ‘⁸
873 4481 901 4562 .'
962 4539 965 4544 -
