3068 5186
399 373 477 435 urs.
495 371 774 436 xxxnnucse.
794 375 904 466 turn.
1111 381 1170 440 ssa

112 523 346 608 sigulficsrent,
362 549 428 612 quse
444 531 656 616 exprobrando
670 532 812 595 inimicus
826 533 949 596 latetur.
975 531 1059 596 Huic
1073 531 1170 597 Grac·
1182 541 1216 593 u,
1226 543 1257 595 c.
1268 539 1324 600 t'tt.

1 683 2 686 Ἴ
111 613 181 675 cbo
197 615 352 678 minorem
367 637 406 680 ex
421 616 538 680 duabus
551 619 621 680 liliis
639 617 724 698 (nam
738 618 838 702 major
853 619 887 682 P.
899 617 1042 684 Cornelio
1052 619 1170 684 Nasicas
1181 609 1213 658 A.
1224 609 1254 660 ⁰·
1268 613 1323 665 ¹⁸⁷·

111 697 208 762 baud
226 701 318 764 dubie
334 723 354 764 a
365 715 453 788 patre
475 705 638 768 conlocata
652 707 730 786 erat)
759 719 887 790 nuptam
911 707 1003 770 luisse
1018 709 1169 772 convenit.
1182 673 1324 790 „emengar-

112 781 206 848 Illud
223 809 331 870 parum
346 802 477 870 constat,
502 803 604 854 utrum
627 804 698 874 post
719 804 848 855 mortem
864 795 958 876 patris
973 807 1006 858 et
1020 795 1171 877 desponsa
1182 753 1254 858 nm·

112 871 229 1022 {insecti
242 876 396 978 nupserit,
412 897 543 1026 aniverps
557 877 615 940 illas
622 878 786 1026 topiniones
800 879 873 980 sint,
882 877 1066 1029 Graccbupp,
1076 901 1170 964 quum

112 983 346 1146 sdxrrrddodd
356 983 489 1131 jffl
507 983 784 1113 «ἕῑοιῗίῗῃῑζίκῗιῗῖι
797 985 1171 1136 ffiqsemmnnffisdffi

112 1131 126 1165 ‘
142 1131 294 1213 fluissent,
306 1155 448 1214 manere3
464 1159 521 1200 nec
536 1157 569 1199 se
583 1138 689 1220 matie
704 1139 869 1218 querende
882 1159 990 1201 csusss
1003 1141 1171 1222 quidquam

112 1217 127 1252 ‘
143 1217 266 1283 facere.
286 1223 386 1284 sedin
402 1243 491 1304 quern
507 1244 659 1286 carcerem
675 1245 762 1306 reges
776 1237 810 1288 et
825 1226 1022 1308 Imperatores
1037 1225 1170 1290 hostium

112 1302 126 1338 ‘
142 1303 318 1371 ducentem
343 1309 469 1372 uidisset
494 1308 528 1372 P.
583 1311 728 1389 ricanum,
752 1312 783 1373 in
806 1331 875 1373 eum
898 1331 931 1373 se
957 1311 1080 1374 fratrem
1104 1311 1170 1395 ejus

113 1389 221 1454 ‘duci
239 1415 303 1457 non
317 1394 496 1478 passurum!
564 1408 698 1476 enatum,
722 1417 760 1459 eo
783 1396 832 1458 die
856 1397 935 1459 forte
951 1408 1122 1460 coenantem
1138 1401 1170 1462 in

115 1475 294 1560 Capitolio,
319 1483 550 1558 consurrexisse,
575 1494 607 1545 ct
620 1484 741 1566 petisse,
766 1497 801 1544 ut
815 1483 895 1545 inter
910 1483 1015 1566 epulas
1029 1481 1170 1547 Graccho

114 1563 221 1628 filiam
237 1567 398 1630 Africanus
412 1568 625 1652 desponderet.
649 1569 757 1650 quibus
779 1568 824 1630 ita
844 1570 923 1631 inter
940 1568 1094 1652 publicum
1108 1571 1170 1632 sol·

115 1649 229 1714 leome
256 1655 445 1735 sponsalibus
470 1656 527 1717 rite
552 1655 651 1733 factis,
676 1675 768 1736 quum
794 1675 828 1716 se
854 1655 979 1718 domurn
994 1656 1171 1738 recepisset,

116 1734 305 1821 Scipionem
321 1737 454 1803 AEmilioe
467 1741 554 1803 uxori
570 1741 692 1819 dixisse,
714 1741 809 1804 filiam
824 1761 857 1803 se
871 1742 1019 1803 minorem
1036 1740 1169 1824 despon-

116 1825 217 1887 disse.
235 1845 327 1908 quum
343 1827 405 1904 illa,
421 1827 608 1890 muliebriter
623 1827 861 1909 indignabunda,
873 1827 948 1888 nibil
964 1827 1001 1889 de
1013 1828 1169 1890 communi

116 1910 187 1972 lilia
203 1933 311 1975 secum
326 1913 543 1990 consultatum,
555 1913 726 1996 odjecisset,
735 1933 809 1992 uon,
821 1915 845 1975 si
859 1911 909 1975 Ti.
921 1911 1060 1976 Graccho
1072 1915 1170 1993 daret,

117 2009 287 2080 expertem
312 1999 429 2062 consilii
451 2000 591 2064 debuisse
613 2014 742 2062 matrem
765 2021 852 2077 esse3
878 1998 980 2062 latum
994 1997 1170 2082 Scipionem

115 2093 187 2146 tam
204 2086 353 2148 concordi
373 2085 501 2168 judicio,
528 2085 586 2168 ipsi
610 2086 793 2169 desponsam
818 2085 1019 2168 respondisse.
1043 2085 1108 2147 bac
1130 2086 1171 2147 de

117 2181 214 2234 tanto
229 2173 305 2251 viro,
321 2191 504 2254 quamquam
518 2185 551 2235 et
572 2172 776 2255 opinionibus,
800 2185 833 2236 et
848 2171 1051 2236 monumentis
1065 2173 1169 2234 litera-

118 2277 192 2320 rum
207 2259 375 2336 varimnt,
389 2259 589 2342 proponenda
603 2269 700 2340 erant.

165 2341 287 2406 LVIII.
308 2343 438 2408 Judiciis
461 2367 481 2407 a
506 2342 700 2415 Q.Tcrentio
724 2355 853 2427 pretore
879 2342 1033 2428 perfectis,
1050 2341 1168 2406 ¹Hosti·

116 2428 181 2492 lim
206 2442 243 2492 et
256 2429 363 2492 Furius
384 2430 531 2509 damnati,
555 2430 669 2515 prssdes
694 2431 801 2493 eodem
825 2430 875 2492 dIe
900 2429 1096 2512 questoribus
1117 2451 1168 2491 ur-

116 2515 213 2578 banis
232 2517 389 2579 dederunt.
435 2515 549 2600 Scipio,
574 2537 667 2600 quum
682 2517 893 2594 contenderet,
915 2535 1049 2596 omnem,
1075 2535 1166 2598 quarn
1179 2529 1290 2598 acciso
1300 2533 1326 2582 is

116 2603 308 2684 accepisset,
321 2603 491 2686 pecuniam
512 2603 542 2665 in
560 2604 665 2665 serario
682 2623 758 2682 esse,
782 2623 840 2665 nec
854 2623 888 2664 se
903 2602 1067 2686 quidquam
1088 2603 1167 2685 pub-
1178 2611 1293 2648 soona

88 2729 94 2740 ·
120 2688 175 2750 lici
201 2688 327 2766 babere,
353 2689 385 2750 in
407 2689 526 2750 vincula
548 2689 618 2750 duci
643 2701 690 2752 est
716 2700 844 2771 coeptus.
890 2687 923 2750 P.
935 2685 1039 2772 Scipio
1054 2687 1168 2751 Nosica
1178 2663 1231 2776 ff
1239 2660 1309 2728 ἰὼ

121 2775 267 2837 tribunos
288 2775 470 2858 adpellavit;
494 2775 722 2858 orationemque
746 2775 853 2837 habuit
878 2773 1000 2857 plenam
1016 2776 1092 2838 veris
1113 2775 1167 2837 de-

121 2861 261 2940 coribus,
277 2883 338 2925 oon
353 2862 555 2924 communiter
569 2861 663 2924 modo
683 2861 832 2923 Cornelius
845 2861 956 2943 gentis
977 2861 1031 2923 sed
1047 2862 1168 2944 proprie

123 2947 255 3010 lanrilioe
266 2969 336 3010 suae.
379 2945 547 3011 ‘Parentes
564 2969 634 3010 suos
657 2959 688 3011 et
709 2947 744 3010 P.
755 2947 890 3010 Africani
905 2968 941 3009 sc
957 2945 993 3008 L.
1005 2938 1168 3030 Scipionis,
1178 2974 1320 3028 mm„

120 3033 134 3153 ἶ
147 3034 202 3115 qui
215 3033 412 3134 inncsrcerem
424 3034 594 3116 duceretur,
605 3033 695 3181 suippe
704 3033 763 3096 Cn.
772 3045 805 3096 et
815 3032 847 3094 P.
859 3031 1029 3134 Scipiones,
1038 3033 1168 3134 clarissi-
1180 3040 1296 3092 ιΝιιίοι.

122 3116 1170 3289 ιῗὲῖἒέἓῗῃηῗιῖὲῗρῗηὶῗηζίἑὲἷέἑᾜζίἐῖῧῖἕέ3Ρέἓᾷ

1 3325 3 3357 ι
122 3292 135 3325 ‘
150 3293 247 3372 citus,
258 3293 387 3356 nominis
397 3291 528 3356 Romani
538 3293 651 3357 lamam
661 3291 825 3369 auxissent,
835 3311 896 3353 non
908 3291 988 3354 bello
996 3291 1105 3369 solum,
1115 3292 1170 3354 sed

2 3439 4 3446 ,
23 3411 28 3416 .
122 3378 235 3462 ‘quod
249 3379 395 3444 Romanae
413 3379 619 3462 temperantia
639 3378 769 3460 fideique
787 3378 939 3460 specimen
956 3377 1015 3439 illis
1028 3379 1169 3460 gentibus

122 3464 134 3499 ‘
149 3465 320 3545 dedissent,
331 3466 369 3528 ad
379 3476 545 3528 extremum
556 3466 646 3528 ambo
657 3487 715 3547 pro
725 3463 908 3547 republica*¹¹
923 3476 1023 3527 morte
1034 3461 1170 3526 obcubu-

2 3587 5 3618 1.
124 3551 223 3616 ‘Isse
240 3573 334 3634 quum
349 3552 469 3616 illorum
480 3552 558 3616 tueri
570 3552 699 3634 gloriam
714 3550 842 3634 posteris
854 3550 929 3614 satis
939 3561 1029 3628 esset,
1046 3549 1078 3612 P.
1087 3551 1171 3613 Airi-
1221 3587 1240 3624 ι

1 3675 7 3711 l

124 3635 266 3702 ‘canum
278 3650 396 3702 tantmn
411 3649 553 3721 potemus
563 3638 751 3722 superavisse
766 3636 882 3714 laudes,
896 3649 931 3699 ut
943 3636 1037 3700 {idem
1054 3637 1172 3714 lecerit,
1267 3703 1270 3708 ,

126 3723 217 3787 ‘non
229 3725 379 3807 sanguine
391 3727 537 3803 humano,
558 3725 612 3786 sed
627 3725 721 3808 stirpe
736 3723 839 3786 divina
853 3734 953 3786 satum
969 3745 1001 3786 se
1016 3743 1092 3786 esse.
1136 3722 1172 3786 Is

127 3809 140 3844 ‘
153 3809 343 3896 Scipionem,
355 3812 394 3874 de
404 3831 465 3892 quo
474 3824 592 3893 agatur,
606 3810 664 3890 (ut,
675 3831 741 3893 quae
758 3811 790 3872 ln
802 3809 961 3894 Hispanis,
970 3830 1035 3892 quae
1044 3811 1076 3871 in
1086 3809 1171 3871 Ani-

1 3957 13 3986 ,
128 3895 203 3975 ‘cn‚
222 3918 316 3979 quum
337 3897 453 3980 legatus
464 3898 565 3964 fratris
576 3907 664 3976 esset,
680 3897 833 3979 gessisset,
845 3897 1075 3978 praetereantur)
1094 3916 1170 3958 con-

1 4022 14 4055 .
129 3982 140 4016 ‘
155 3985 252 4046 sulem
262 3997 294 4046 et
304 3985 342 4046 ab
352 3996 460 4047 senatu
475 3984 600 4066 dignum
610 3981 717 4062 visum,
728 3983 778 4046 cui
792 3996 880 4046 extra
890 3993 1003 4046 sortem
1012 3982 1087 4045 Asis
1097 4003 1169 4066 pro-
1296 4042 1300 4055 ,

2 4140 4 4149 ¹
129 4069 255 4133 ‘vincia
266 4083 299 4134 et
309 4071 421 4134 bellum
433 4069 661 4132 cumAntiocbo
672 4089 741 4152 rege
754 4069 1170 4149 decemeretur3etafratre,
1262 4093 1275 4144 s

98 4187 104 4194 ·
131 4153 143 4190 ‘
157 4157 206 4220 cui
214 4167 289 4241 post
300 4158 376 4219 duos
392 4157 565 4220 consulatus
577 4177 793 4238 censuramque
807 4169 840 4218 ct
853 4156 1041 4239 triumphum
1054 4156 1171 4237 legatus

130 4241 142 4276 ‘
155 4243 188 4304 in
197 4241 303 4306 Asiam
314 4245 380 4308 iret.
424 4241 480 4321 Ibi,
492 4264 531 4305 ne
543 4242 721 4326 magnitudo
730 4252 762 4304 et
771 4243 915 4324 splendor
925 4243 1018 4326 legati
1033 4243 1173 4306 laudibus

131 4327 288 4394 ‘consulis
300 4329 453 4410 obiiceret,
467 4329 544 4393 sorte
556 4330 601 4393 ita
618 4329 769 4409 incidisse,
783 4339 828 4406 ut,
847 4349 909 4411 quo
924 4330 973 4392 die
989 4330 1027 4392 ad
1040 4328 1172 4412 Magne-

386 4519 404 4548 ·
419 4513 528 4577 republica
538 4512 556 4565 l.
566 4513 646 4578 populo
655 4510 754 4564 nam
764 4509 839 4563 Grm.
850 4509 919 4562 Cres.
