3026 5164
338 363 399 436 488
697 391 700 399 ¹
769 365 854 426 TlTl
873 363 974 427 LlVll

174 535 211 587 U.
225 533 255 592 c.
264 519 325 592 572.
343 524 476 588 Romani
491 525 613 601 sociive,
629 525 660 584 in
676 521 858 606 Hispaniam
873 522 1071 604 transportati
1086 528 1200 598 essent,
1216 533 1249 584 et
1264 531 1386 601 prater-

176 604 249 658 Μῖ·
262 605 316 658 ¹⁸⁰·
343 633 390 691 ea,
415 611 627 695 supplemento
649 609 792 687 adducto,
816 620 891 690 quot
914 609 1043 690 amplius
1066 608 1182 669 duabus
1208 607 1387 687 legionibus,

344 719 435 780 quam
462 698 568 758 decem
590 696 696 773 millia,
721 708 753 757 et
766 696 979 778 quadringenti
995 695 1124 776 pedites,
1146 693 1285 755 sexcenti
1301 692 1387 772 equi-

343 795 391 846 tes
415 792 518 844 essent
529 803 539 859 3
578 791 610 842 et
634 783 752 843 socium
780 780 881 842 Latini
908 781 1039 842 nominis
1066 780 1226 842 duodecim
1257 777 1360 839 millia
1368 778 1389 854 f,

343 867 482 930 sexcenti
497 868 623 950 equites,
650 886 777 948 quorum
793 867 864 929 forti
881 887 974 949 opera
989 866 1105 927 duobus
1121 866 1263 927 adversus
1289 863 1390 925 Celti·

343 955 433 1015 beros
446 952 561 1034 proeliis
577 974 646 1014 usus
662 953 701 1022 Q.
717 951 836 1014 Fulvius
851 964 942 1030 essct,
964 973 1027 1031 cos,
1050 952 1076 1012 si
1090 952 1254 1029 videretur,
1281 969 1391 1010 secum

344 1040 528 1122 deportaret.
571 1037 612 1101 Et
642 1039 877 1120 supplicationes
907 1038 1044 1114 decreta,
1072 1037 1153 1118 quod
1182 1039 1206 1099 is
1238 1054 1393 1118 prospere

343 1125 561 1207 rempublicam
592 1126 753 1205 gessisset:
798 1137 831 1188 et
860 1125 952 1186 ceteri
981 1134 1122 1206 praetores
1150 1124 1182 1184 in
1211 1122 1394 1205 provincias

341 1211 437 1272 missi.
481 1209 520 1281 Q.
547 1209 642 1272 Fabio
669 1209 801 1272 Buteoni
825 1221 1021 1292 prorogatum
1045 1210 1077 1270 in
1096 1207 1197 1270 Gallia
1221 1209 1391 1290 imperium

343 1306 400 1357 est.
444 1295 524 1358 Octo
540 1297 685 1378 legiones,
711 1307 818 1379 prater
832 1297 999 1357 exercituin
1014 1307 1158 1373 veterem,
1174 1295 1226 1376 qui
1242 1297 1274 1355 in
1289 1293 1390 1374 Ligu-

342 1381 424 1443 ribus
450 1382 481 1444 in
501 1403 553 1465 spe
568 1383 739 1465 propinqua
753 1382 903 1443 missionis
919 1393 994 1460 erat,
1020 1403 1056 1443 eo
1072 1402 1152 1443 arrno
1167 1401 1235 1444 esse
1258 1380 1394 1461 placuit.
1472 1399 1476 1406 ·

341 1480 374 1530 et
399 1470 426 1508 ²⁴
438 1468 463 1528 is
486 1467 551 1550 ipse
566 1468 715 1530 exercitus
730 1487 807 1549 aegre
834 1468 1013 1551 explebatur
1028 1479 1152 1550 propter
1166 1466 1393 1551 pestilentiam,

243 1569 250 1586 ·
342 1574 407 1635 quae
428 1552 495 1634 jam
519 1554 640 1615 tertium
669 1573 782 1615 annum
809 1555 914 1616 urbem
940 1552 1112 1616 Romanam
1147 1567 1238 1634 atque
1263 1549 1393 1614 Italiam

340 1639 487 1700 vastabat.
938 1691 940 1695 .

384 1723 547 1786 XXXVII.
570 1723 681 1788 Praetor
704 1723 753 1787 Ti.
779 1725 943 1802 Minucius,
969 1739 1001 1789 et
1025 1727 1106 1788 haud
1128 1727 1175 1788 ita
1199 1726 1297 1787 multo
1316 1735 1395 1807 post

343 1810 448 1871 consul
465 1810 501 1871 C.
525 1808 706 1893 Calpurnius
732 1813 857 1874 moritur
883 1813 1029 1894 multique
1054 1813 1106 1874 alii
1132 1813 1269 1873 omnium
1296 1811 1391 1872 ordi-

341 1916 414 1956 num
430 1896 570 1958 inlustres
585 1897 659 1958 viri:
695 1911 849 1979 postremo
866 1892 995 1979 prodigii
1019 1899 1087 1960 loco
1107 1919 1145 1959 ea
1159 1897 1262 1974 clades
1275 1895 1390 1958 haberi

340 1993 444 2063 coepta
475 1993 530 2043 est.
584 1980 620 2045 C.
651 1981 793 2044 Servilius
829 1983 970 2045 Pontifex
1001 1985 1153 2045 maximus
1188 1983 1310 2066 piacula
1334 1982 1391 2042 irae

340 2066 444 2129 Deum
462 2068 638 2148 conquirere
658 2067 769 2149 jussus,
793 2070 952 2131 decemviri
975 2069 1067 2132 libros
1090 2071 1254 2152 inspicere,
1277 2068 1386 2130 consul

340 2152 488 2234 Apollini,
511 2151 701 2237 AEsculapio,
726 2153 824 2216 Saluti
847 2159 874 2196 ²⁵
889 2157 971 2217 dona
992 2176 1109 2234 vovere,
1137 2168 1169 2218 et
1196 2155 1269 2216 dare
1293 2156 1385 2235 signa

339 2239 479 2300 inaurata
490 2259 500 2316 3
536 2260 601 2321 quae
624 2241 706 2302 vovit
732 2241 885 2322 deditque.
929 2239 1101 2303 Decemviri
1126 2241 1388 2323 supplicationem

340 2325 373 2385 in
389 2326 514 2388 biiuum
529 2326 712 2388 valetudinis
728 2347 835 2388 caussa
850 2327 880 2387 in
896 2328 970 2389 urbe
985 2340 1017 2389 et
1029 2348 1085 2409 per
1099 2328 1204 2388 omnia
1225 2327 1293 2388 lora
1306 2347 1387 2388 con-

342 2411 544 2494 ciliabulaque
578 2412 760 2474 edixerunt=
802 2411 931 2495 majores
965 2413 1126 2475 duodecim
1150 2414 1249 2492 annis,
1277 2431 1388 2474 omnes

341 2499 479 2561 coronati
512 2509 544 2560 et
579 2499 710 2562 lauream
748 2500 781 2561 in
816 2521 908 2564 manu
945 2510 1093 2580 tenentes,
1127 2500 1387 2583 supplicavenurt.

340 2583 468 2648 Fraudis
494 2607 614 2670 quoque
638 2587 776 2648 humanae
801 2587 1005 2649 insinuaverat
1029 2588 1160 2670 suspicio
1185 2587 1313 2663 animis3
1349 2595 1388 2646 et

172 2681 318 2739 Quiete
340 2671 476 2733 veneficii
501 2673 627 2752 quaestio
651 2693 691 2736 ex
714 2674 985 2752 senatusconsulto,
1009 2674 1091 2755 quod
1117 2675 1147 2734 in
1167 2675 1248 2750 urbe,
1270 2673 1382 2754 propi-

173 2749 296 2808 veneficiis.

171 2939 228 2990 Ges.
240 2938 294 2988 cu·

341 2777 414 2822 usve
437 2760 542 2820 urbem
560 2759 665 2822 decem
688 2760 824 2822 millibus
843 2781 987 2843 passuum
1012 2772 1093 2822 esset
1109 2759 1309 2833 commissum,
1338 2755 1383 2820 Ο.

343 2845 473 2909 Claudio
486 2844 617 2929 pretori,
642 2846 694 2928 qui
714 2845 863 2909 inlocum
885 2844 934 2908 tt.
961 2846 1092 2908 Minucii
1116 2859 1177 2908 erat
1196 2843 1378 2920 subiectam

342 2935 422 2995 ultra
437 2935 589 2996 decimum
609 2933 741 3015 lapidem
758 2955 812 3016 per
833 2933 899 2996 fora
921 2933 1177 3016 conciliabulaque
1193 2929 1230 2992 C.
1251 2929 1384 3005 Manio,

173 3003 517 3117 uffllnmffipriusquam
552 3021 583 3081 in
620 3016 793 3082 Sardiniam
825 3021 1011 3102 provinciam
1049 3018 1213 3101 trajiceret,
1249 3017 1390 3083 decreta.

280 3102 286 3119 '
345 3103 495 3188 Suspecta
525 3106 657 3166 consulis
694 3117 759 3167 erat
784 3126 865 3167 mors
897 3107 1039 3190 maxime.
1067 3117 1191 3167 necatus
1218 3126 1238 3165 a
1268 3103 1390 3173 Quarta

173 3196 295 3260 aniom
308 3198 331 3248 si
344 3189 481 3253 Hostilia
502 3211 596 3254 uxore
619 3191 784 3254 dicebatur.
810 3203 845 3253 ut
867 3193 990 3274 quidem
1016 3193 1094 3254 filius
1113 3189 1178 3274 ejus
1201 3190 1241 3262 Q.
1266 3187 1390 3250 Fulvius

81 3329 85 3343 Ι
175 3263 300 3326 publeetus.

122 3991 125 3998 ·
178 3971 245 4020 Uxor
256 3968 306 4034 eju·

179 4037 292 4087 rimante.

343 3276 471 3340 Flaccus
486 3277 517 3338 in
533 3278 634 3340 locum
650 3277 747 3339 vitrici
764 3279 869 3340 consul
886 3291 933 3340 est
951 3279 1132 3356 declaratus,
1146 3277 1303 3358 aliquanto
1318 3295 1387 3336 ma-

343 3364 390 3445 gis
412 3363 534 3424 infamis
557 3384 638 3424 mors
663 3361 779 3425 Pisonis
803 3365 898 3446 coepit
911 3383 995 3426 esse:
1030 3375 1063 3426 et
1082 3375 1176 3426 testes
1198 3362 1392 3424 exsistebant

344 3449 396 3530 qui
420 3459 489 3530 post
515 3449 685 3511 declaratos
711 3449 848 3512 consules
873 3449 1018 3512 Albinum
1043 3461 1077 3512 et
1100 3447 1255 3527 Pisonem,
1280 3447 1390 3532 quibus

344 3533 477 3599 comitiis
492 3533 618 3597 Flaccus
630 3536 743 3598 tulerat
757 3536 919 3618 repulsam,
935 3548 967 3599 et
980 3535 1198 3619 exprobratum
1213 3535 1243 3596 ei
1258 3555 1278 3596 a
1292 3546 1391 3595 matre

344 3619 491 3699 dicerent,
515 3620 596 3702 quod
617 3619 684 3701 jam
710 3623 737 3681 ei
764 3623 886 3683 tertium
912 3635 1041 3704 negatus
1067 3622 1244 3684 consulatus
1270 3619 1390 3702 petenti

344 3719 434 3784 esset,
446 3719 478 3769 et
489 3707 647 3788 adjecisse,
660 3707 797 3790 ‘pararet
805 3729 838 3768 se
849 3708 887 3769 ad
896 3709 1079 3792 petendum3
1092 3709 1173 3769 intra
1182 3707 1260 3769 duos
1269 3725 1392 3768 menses

345 3791 557 3871 ‘effecturam
583 3804 617 3855 ut
633 3794 738 3855 consul
753 3792 859 3856 fieres’
905 3792 988 3856 luter
1002 3793 1100 3856 multa
1122 3793 1184 3854 clia
1201 3793 1392 3870 testimonia,

344 3879 384 3940 ad
399 3899 536 3940 caussam
552 3880 746 3960 pertinentia,
763 3880 826 3941 hac
853 3900 971 3962 quoque
985 3900 1056 3957 vox,
1070 3881 1162 3941 nimis
1176 3900 1250 3941 vero
1276 3889 1394 3940 eventu

344 3965 554 4047 comprobata,
567 3966 672 4042 valuit,
696 3986 748 4026 cur
763 3963 897 4028 Hostilia
923 3967 1126 4028 damnaretur.
1169 3963 1258 4026 Veris
1275 3965 1394 4047 princi·

343 4051 395 4132 pio
410 4049 510 4132 hujus,
536 4051 608 4112 dum
624 4052 763 4113 consules
778 4072 871 4114 novos
896 4053 1031 4115 delectus
1055 4051 1161 4114 Romae
1183 4061 1282 4128 tenet,
1306 4071 1395 4115 mors

345 4135 454 4198 deinde
470 4138 603 4215 alterius,
630 4149 662 4200 et
684 4138 807 4201 creandi
834 4139 960 4200 comitia
984 4139 1115 4216 consulis
1136 4138 1168 4200 in
1183 4137 1287 4199 locum
1314 4135 1400 4228 ejus,

698 4265 711 4310 Ι
718 4269 769 4318 auu.
778 4270 860 4332 pedites
870 4269 945 4319 Gron.
957 4270 1029 4323 cm.

376 4363 398 4400 ’θ
410 4363 425 4392 *
434 4363 507 4428 Iripse
514 4364 629 4428 exercituo]
644 4367 704 4415 Haec
711 4365 780 4414 verba
788 4366 850 4415 refer
912 4366 934 4400 ⁹⁵
946 4365 1011 4416 Dono
1021 4383 1094 4416 eccm
1104 4377 1124 4415 et
1134 4368 1187 4416 dare
1195 4368 1261 4432 signo
1271 4363 1399 4428 rucuma]

343 4427 539 4505 adectobgqsser.
572 4433 653 4496 lsipsa
668 4447 776 4480 numerus
791 4431 849 4490 legi·
880 4428 975 4482 Vovere
986 4444 1010 4482 et
1021 4433 1074 4482 dare
1086 4433 1154 4490 dour,
1171 4447 1256 4498 nempe
1271 4431 1339 4494 rigna
1357 4431 1402 4480 in·

344 4507 425 4550 omum,
445 4505 489 4542 eru
509 4509 556 4546 uon
572 4511 677 4560 magnus,
695 4511 754 4560 agre
772 4508 850 4546 tamen
881 4509 967 4548 aurata.

306 4559 317 4569 “
345 4559 485 4624 explebatur.
