3038 5200
280 325 283 334 Ι
372 377 428 435 roa
714 353 722 407 ἶ
804 353 1011 429 ultiinvn

205 542 241 592 υ.
251 541 282 592 e.
293 543 349 592 555.
373 539 475 592 metus
500 527 663 612 odiumque
685 523 872 592 AEtolomm.
917 523 1091 589 Concilium
1116 521 1290 591 Leucadem
1319 525 1420 593 indic*

206 606 281 683 με·
294 607 348 658 ¹⁹⁷·
376 629 443 680 tum
464 629 520 680 est
563 615 609 679 Eo
632 635 731 698 neque
752 616 855 678 cuncti
874 633 1043 676 convenere
1069 613 1266 678 Acarnanum
1293 617 1420 700 populi;

377 723 435 765 nec
449 702 533 786 ipsis,
548 704 599 784 qui
615 713 830 780 convenerant,
851 701 934 764 idem
956 701 1083 783 placuit.
1105 701 1160 762 sed
1174 711 1207 763 et
1221 702 1375 787 principes
1389 717 1423 768 et

378 790 571 872 magistratus
596 789 797 872 pervicerunt,
824 799 860 850 ut
885 789 912 834 ⁷³
928 789 1078 872 privatum
1102 788 1261 852 decretum
1276 788 1428 854 Romam

378 876 531 939 societatis
546 875 642 937 lieret.
686 873 721 936 ld
737 893 854 953 omnes,
870 875 922 958 qui
938 873 1109 953 abfuerant,
1124 893 1205 957 aegre
1217 875 1321 959 passi3
1346 888 1379 940 et
1393 878 1425 939 in

378 963 438 1026 lunc
452 962 574 1025 fremitu
597 961 698 1042 gentis
720 981 739 1022 a
762 958 906 1044 Philippo
932 961 1016 1022 missi
1042 962 1103 1023 duo
1118 962 1269 1045 principes
1284 962 1424 1026 Acama-

378 1065 463 1127 num,
486 1046 657 1110 Androcles
683 1053 724 1108 et*
740 1045 945 1126 Echedemus,
975 1067 1038 1110 non
1064 1048 1104 1109 ad
1133 1048 1305 1111 tollendum
1330 1049 1426 1113 mode

377 1136 536 1198 decretum
552 1131 696 1196 Romanae
710 1134 867 1197 societatis
880 1134 1052 1213 valuerunt,
1073 1135 1236 1197 sedetiam
1258 1146 1293 1197 ut
1307 1135 1426 1198 Arche-

373 1222 443 1283 laus
469 1233 502 1284 et
524 1219 650 1298 Bianor,
670 1219 822 1302 principes
836 1221 938 1302 gentis
964 1222 1066 1299 ambo,
1093 1222 1175 1303 quod
1200 1232 1339 1284 auctores
1359 1221 1433 1304 ejus·

368 1308 537 1370 sentcntiae
564 1305 701 1384 fuissent,
726 1305 907 1387 proditionis
931 1307 963 1368 in
990 1307 1121 1368 concilio
1140 1307 1374 1387 damnarentur,
1394 1321 1429 1371 et

379 1391 523 1455 Zeuxide
532 1392 667 1476 pretori,
678 1393 761 1472 quod
773 1392 812 1454 de
825 1413 863 1454 ea
874 1413 907 1454 re
918 1393 1077 1470 retulisset,
1087 1393 1248 1474 imperium
1257 1395 1424 1477 abrogare·

379 1491 441 1541 tur.
496 1479 573 1541 Rern
603 1479 809 1558 temerariam,
842 1479 897 1540 sed
927 1491 1038 1542 eventu
1067 1500 1255 1562 prosperam,
1285 1481 1424 1544 damnati

381 1565 528 1627 fecerunt.
572 1561 777 1626 Suadentibus
792 1585 924 1647 namque
940 1565 1056 1645 amicis,
1072 1566 1216 1628 cederent
1230 1567 1377 1650 tempori,
1392 1579 1423 1629 et
1516 1579 1517 1582 ’

382 1647 546 1734 Corcyram
562 1651 600 1712 ad
619 1650 777 1713 Romanos
797 1651 926 1730 abirent,
948 1661 1121 1714 statuerunt
1135 1652 1254 1714 obferre
1270 1673 1304 1714 se
1319 1654 1423 1716 multi-

381 1737 492 1816 tudini,
523 1749 555 1800 et
584 1748 637 1798 aut
668 1757 706 1798 eo
731 1738 798 1820 ipso
823 1737 917 1800 lenire
943 1738 1014 1814 iras,
1043 1749 1096 1800 sut
1125 1739 1201 1821 pati,
1226 1737 1311 1820 quod
1337 1759 1425 1802 casae

381 1823 510 1886 tulisset.
564 1822 667 1893 Quum
702 1843 735 1884 se
767 1823 915 1904 frequenti
946 1823 1077 1886 concilio
1107 1825 1290 1902 inbrbsaeat,
1328 1825 1433 1908 primo·
1517 1821 1518 1872 l

381 1929 516 1972 murmur
539 1929 575 1970 ac
599 1908 736 1970 fremitus
761 1909 988 1987 admirantium,
1020 1910 1174 1973 silentium
1201 1931 1275 1973 mox
1301 1931 1322 1972 a
1342 1931 1428 1974 vere·

382 1995 494 2058 cundia
517 1995 606 2057 simul
631 1995 764 2077 pristinas
791 1994 958 2076 dignitatis,
980 2016 1017 2058 ac
1042 1996 1251 2058 misericordia
1272 1999 1430 2079 prasentia

379 2081 511 2145 fbrtunoe
526 2091 626 2144 ortum
641 2090 699 2142 est.
731 2080 886 2144 Potestate
901 2099 1020 2164 quoque
1035 2081 1157 2146 dicendi
1172 2083 1435 2167 factaprincipio·
1517 2103 1518 2106 ¹

382 2168 568 2252 suppliciter,
590 2167 774 2250 procedente
790 2179 892 2229 autem
914 2168 1064 2246 oratione,
1086 2167 1139 2229 ubi
1161 2169 1202 2229 ad
1226 2169 1354 2231 crimina
1378 2169 1428 2231 di·

380 2254 493 2317 luenda
506 2266 632 2316 ventum
647 2265 705 2332 est,
728 2275 797 2316 cum
821 2265 910 2316 tanta
931 2253 1053 2330 fiducia,
1077 2265 1224 2334 quantam
1248 2255 1428 2318 innocentia

363 2341 484 2419 dabat,
499 2340 723 2403 disseruerunt:
759 2353 925 2422 postremo,
950 2343 978 2386 ⁷⁴
990 2339 1068 2402 ultro
1092 2340 1207 2421 aliquid
1221 2341 1313 2403 etianr
1328 2342 1427 2424 queri,

377 2438 411 2487 et
424 2428 574 2508 castigare
589 2428 781 2508 iniquitatem
797 2426 886 2488 simul
901 2428 932 2487 in
948 2447 980 2489 se
996 2425 1267 2509 crudelitatemque
1281 2428 1361 2507 ausi,
1382 2428 1426 2489 ita

375 2511 556 2574 adfecerunt
575 2502 763 2592 animos‚'ut
778 2513 891 2590 omnia,
912 2531 977 2592 quse
992 2513 1024 2574 in
1040 2531 1092 2575 eos
1108 2512 1231 2576 decreta
1251 2525 1350 2592 erant,
1365 2513 1426 2574 fre·

377 2612 505 2683 quentes
520 2599 662 2662 tollerent
678 2621 695 2659 r·
711 2619 808 2679 neque
823 2619 861 2660 eo
876 2597 975 2660 minus
996 2599 1182 2661 redeundum
1197 2600 1229 2660 in
1240 2597 1424 2662 societatem

379 2683 521 2771 Philippi,
533 2685 784 2766 abnuendamque
799 2681 1008 2747 Romanorum
1023 2686 1197 2764 amicitiam,
1206 2697 1384 2746 censerent.

209 2778 341 2832 truatur-
421 2771 523 2836 XVII.
549 2771 691 2834 Leucade
718 2773 782 2833 brec
808 2781 880 2832 sunt
903 2770 1037 2833 decreta.
1063 2772 1096 2834 id
1121 2782 1211 2854 caput
1235 2769 1425 2832 Acarnaniae

209 2848 257 2898 '³²¹¹
267 2847 357 2896 teooe.
379 2873 456 2942 erat,
481 2879 579 2941 eoque
603 2859 634 2919 in
658 2858 822 2921 concilium
838 2877 943 2918 omnes
959 2858 1065 2942 populi
1080 2856 1311 2920 conveniebant.
1359 2853 1426 2918 lta·

208 2913 266 3026 2:2¹
275 2911 360 2978 obpug-
380 2971 450 3034 que,
465 2965 559 3032 quum
570 2946 634 3007 haec
649 2944 809 3027 repentina
823 2944 955 3006 mutatio
971 2942 1137 3026 Corcyram
1149 2944 1188 3018 ad
1202 2944 1340 3024 legatum
1354 2939 1428 3003 ltu-

379 3037 530 3101 mininum
559 3032 678 3116 perlata
707 3041 798 3108 esset,
826 3030 983 3112 extemplo
1020 3049 1090 3091 cum
1127 3030 1224 3092 classe
1256 3027 1425 3110 profectus,

372 3121 541 3186 ¹Leucade·
563 3118 604 3180 ad
619 3116 771 3194 Herceum,
792 3115 874 3198 quod
896 3126 1017 3193 vocant,
1033 3135 1124 3178 naves
1145 3113 1304 3198 adplicuit.
1350 3107 1425 3175 lude

375 3229 448 3273 cum
481 3206 564 3270 omni
594 3223 705 3287 genere
741 3211 960 3264 tormentorum
997 3202 1278 3284 machinarumque,
1316 3200 1425 3281 quibua

378 3304 591 3381 expugnantur
613 3293 711 3369 urbas,
733 3290 773 3351 ad
795 3309 898 3351 murce
913 3288 1052 3365 accesit,
1075 3289 1114 3350 ad
1130 3289 1261 3370 primum
1278 3297 1426 3350 terrorem

380 3395 462 3448 ratus
477 3380 615 3443 inclinari
630 3378 747 3440 animoa
764 3395 862 3458 posse.
908 3371 1070 3456 Postquam
1094 3375 1198 3457 pacati
1220 3371 1297 3436 nihil
1319 3383 1426 3434 osten·

382 3469 520 3545 debatur,
542 3478 608 3528 tum
623 3464 724 3525 uineas
739 3475 894 3542 renesque
909 3461 1038 3542 erlgere,
1059 3471 1091 3522 et
1114 3460 1241 3524 err-istem
1265 3458 1429 3520 sumam

381 3554 475 3615 muris
500 3551 602 3633 coepit.
659 3547 835 3611 Acarnania
864 3547 1014 3624 universa,
1047 3546 1127 3610 inter
1157 3543 1308 3608 AEtoliam
1335 3555 1430 3623 atque

382 3637 510 3721 Epirum
524 3636 636 3719 posita,
658 3633 968 3718 solemloocideatem
988 3644 1022 3695 et
1042 3653 1125 3697 mare
1145 3629 1283 3694 Siculum
1299 3639 1432 3713 spectat.

306 3738 312 3754 ·
382 3729 409 3774 ⁷⁶
425 3721 579 3788 hucadia
601 3741 683 3784 nunc
706 3719 816 3798 insula,
837 3731 870 3782 ct
895 3719 1010 3780 vadoso
1036 3717 1126 3797 freto,
1150 3717 1233 3801 quod
1259 3715 1431 3800 perfossum

755 3939 765 3966 ¹
780 3929 903 3984 baedam
918 3933 993 3981 oron.
1004 3929 1073 3981 Crev-

407 4099 430 4136 ⁷³
448 4097 566 4146 Primtam
586 4094 705 4158 doraum]
736 4095 783 4151 Ao,
802 4095 883 4143 decre·
914 4095 976 4144 idere
993 4091 1105 4157 We
1122 4089 1203 4142 ndo·
1223 4087 1372 4140 memorarit.
1402 4084 1429 4136 st

377 4173 388 4208 t
450 4175 498 4214 act
509 4163 580 4212 totius
596 4160 830 4224 annumeraris
840 4173 882 4207 no·
914 4159 965 4224 quie
975 4171 1055 4209 renen
1064 4156 1216 4221 neliurquid
1233 4152 1383 4220 inpetere,
1397 4166 1429 4202 eo

379 4240 441 4274 mue
461 4227 544 4287 lemen,
561 4227 605 4276 red
622 4228 771 4290 quorumdum
791 4235 882 4274 uatum
908 4225 1014 4274 'liberter
1024 4235 1128 4274 mur.

378 4290 533 4355 poprrlorum.²
558 4291 614 4344 Hae
634 4307 690 4342 teuc
707 4291 814 4342 ridentur
830 4305 884 4339 rur·
947 4289 970 4328 ⁷⁴
986 4289 1001 4320 ⁸
1020 4287 1096 4354 llum]
1112 4285 1389 4338 isid-noa39.edr.5.

378 4353 433 4403 dere
454 4369 481 4402 aa
504 4371 555 4418 qure
582 4357 724 4422 prmdm
748 4357 787 4405 ubi
807 4369 884 4419 neque
947 4355 969 4392 ⁷⁵
986 4351 1099 4404 laudis
1118 4367 1179 4401 auore
1199 4348 1274 4398 issula
1293 4357 1316 4397 et
1337 4345 1429 4408 νὼ]

378 4421 615 4470 cummanum
633 4422 657 4470 in
674 4421 796 4470 concilium
811 4437 883 4485 popu·
917 4418 982 4468 Huic
992 4418 1176 4468 loeo-uitam
1191 4413 1278 4480 perlati
1296 4411 1431 4464 nomint

378 4483 421 4544 lor,
445 4499 522 4550 neque
541 4485 646 4536 mnium
671 4489 711 4551 qui
730 4497 885 4539 mentm
915 4483 1170 4540 retentorum.
1195 4475 1436 4543 Ααῐθιὶσεὺωὸ
