3080 5196
436 371 515 432 LlB.
528 371 686 434 XXXVII.
707 371 790 434 CAP.
812 373 882 434 XX.
908 467 911 474 Ι
1123 381 1185 436 Μ
1262 405 1266 414 ’

137 533 170 586 et
184 525 274 606 periti
299 525 369 589 belli
392 540 489 607 erant,
505 541 536 592 et
560 530 625 612 ipse
640 531 715 594 dux'
725 528 970 613 Philopoemenis,
986 532 1094 592 summi
1115 539 1181 594 arm
1195 545 1346 598 uum
1416 595 1422 610 ,

136 612 277 673 omnium
299 610 471 676 Graecorum
495 616 698 698 imperatoris,
722 617 895 699 discipulus.
919 619 969 699 qui
991 618 1116 680 biduum
1139 613 1338 686 salec-3⁹⁰·

139 697 204 760 mul
218 699 258 760 ad
279 698 412 780 quietem
427 701 585 764 hominurn
609 723 824 784 equorumque,
839 716 871 766 et
893 705 932 766 ad
948 705 1085 766 visendas
1108 705 1181 767 hos-

138 782 217 845 tium
231 786 390 864 stationes,
412 789 519 867 quibus
534 789 608 850 locis
632 791 878 871 temporibusque
900 792 1081 852 accederent
1102 792 1180 852 reci-
1249 816 1253 824 ·

139 881 306 954 perentque
329 893 406 951 sese,
423 887 611 936 'sumserunt
654 873 706 936 Ad
731 875 848 937 radices
873 876 936 938 lere
956 877 1052 954 collis,
1067 877 1098 936 in
1115 895 1182 958 quo

142 957 245 1038 posita
257 970 305 1020 est
317 959 398 1036 urbs,
423 961 497 1042 regii
512 961 726 1024 succedebant.
751 963 796 1024 ita
810 961 905 1023 libera
919 963 957 1022 ab
981 975 1068 1042 tergo
1083 981 1182 1044 popu*

140 1043 216 1105 latio
232 1055 308 1122 erat,
334 1047 416 1106 nullo
431 1048 470 1107 ab
485 1049 568 1125 urbe,
594 1067 632 1108 ne
647 1049 678 1108 in
694 1048 841 1110 stationes
856 1048 979 1129 quidem
1003 1048 1053 1127 qui
1077 1045 1181 1130 procul

137 1127 333 1210 jacularetur,
363 1145 550 1195 excurrente.
606 1132 769 1216 Postquam
799 1133 893 1194 semel
923 1133 1070 1216 compulsi
1100 1143 1185 1195 metu

141 1235 175 1276 se
190 1217 339 1279 moenibus
355 1218 551 1298 incluserunt,
566 1233 738 1283 contemtus
753 1241 869 1296 eorum,
883 1235 914 1281 et
933 1221 1004 1281 inde
1020 1220 1184 1302 neglcgen-

140 1302 196 1380 tia,
212 1304 292 1383 apud
309 1305 407 1385 regios
422 1307 517 1368 oritur
526 1329 536 1384 3
560 1327 622 1368 non
637 1317 758 1383 stratos,
773 1318 835 1368 non
855 1309 879 1346 ⁶¹
892 1303 1058 1368 infrenatos
1073 1323 1185 1386 magna

140 1409 212 1470 pars
239 1389 392 1453 habebant
419 1411 521 1473 equos.
546 1393 650 1475 paucis
676 1392 716 1454 ad
741 1411 827 1454 arma
850 1402 883 1453 et
908 1391 1030 1452 ordines
1060 1392 1184 1468 relictis,

139 1474 250 1558 dilapsi
266 1478 358 1538 ceteri
374 1491 545 1560 sparserant
559 1499 593 1540 se
608 1489 673 1540 toto
688 1479 801 1561 passim
821 1497 943 1559 campo,
958 1497 1029 1559 pars
1054 1479 1085 1538 in
1096 1476 1184 1558 jare·

141 1561 246 1622 nolesb
271 1562 351 1624 luam
377 1564 590 1646 lasciviamque
605 1567 693 1641 versi,
719 1584 790 1645 pars
810 1575 967 1626 vescentes
988 1565 1044 1624 sub
1066 1563 1184 1640 umbra,

143 1648 268 1728 quidam
283 1669 392 1711 somno
417 1652 510 1712 etiam
532 1652 631 1713 strati.
675 1649 761 1712 Haec«
774 1650 951 1732 Diophanes
974 1671 1013 1710 ex
1027 1650 1093 1712 alta
1110 1650 1186 1727 urbe

143 1731 305 1815 Pergamo·
322 1737 555 1818 contemplatus,
590 1757 677 1800 arma
702 1759 772 1799 suos
805 1757 925 1819 capere,
955 1749 988 1798 et
1016 1737 1054 1797 sd
1079 1735 1185 1818 “iussae

141 1833 253 1903 praesto
268 1841 334 1883 esse
352 1821 456 1903 jubet:
479 1825 544 1906 ipse
558 1823 697 1886 Attalum
712 1824 799 1901 adiit,
822 1825 898 1886 etin
915 1824 1017 1884 animo
1041 1823 1098 1884 sibi
1121 1839 1186 1884 esse

144 1907 235 1984 dixit,
261 1908 394 1970 hostium
420 1911 583 1972 stationem
606 1921 733 1972 tentare.
777 1907 873 1991 AEgre
897 1908 932 1970 id¹
952 1913 978 1948 ⁶²
991 1910 1187 1990 permittente

142 1991 262 2072 Attalo,
291 1997 403 2078 quippe
432 1997 483 2076 qui
514 2009 636 2058 centum
665 1996 816 2077 equitibus
846 1995 988 2056 adversus
1024 2005 1187 2071 trecentos,

143 2078 228 2142 mille
243 2081 395 2163 peditibus
417 2102 487 2143 cum
504 2095 633 2163 quatuor
659 2083 792 2144 millibus
815 2093 1019 2164 pugnaturum
1040 2092 1188 2159 cerneret,

143 2177 235 2247 porta
260 2187 407 2248 egressus,
434 2169 518 2230 baud
540 2168 646 2250 procul
673 2168 804 2230 statione
828 2168 973 2246 hostium,
995 2169 1188 2228 occasionem

143 2253 318 2335 opperiens,
341 2254 491 2316 umsedit.
533 2253 575 2316 Et
588 2256 639 2336 qui
656 2253 793 2336 Pergami
818 2265 916 2332 erant,
934 2255 1099 2315 amentiam
1122 2264 1281 2316 manahat
1291 2264 1350 2313 Per·

142 2339 205 2419 gis,
231 2359 323 2421 quam
349 2340 507 2402 audaciam
529 2341 652 2403 credere
674 2361 755 2401 esse:
784 2350 816 2401 et
838 2341 951 2418 hostes,
974 2341 1135 2422 paullisper
1155 2339 1353 2400 mmm·

142 2445 201 2486 eos
226 2425 315 2503 versi,
340 2437 376 2486 ut
397 2426 473 2488 nibil
498 2428 610 2488 moveri
636 2427 785 2504 viderunt,
807 2445 864 2488 nec
886 2427 943 2508 ipsi
967 2426 1129 2507 quidquam
1151 2409 1268 2488 expuat.

145 2511 242 2572 solita
256 2509 461 2593 neglegentia,
476 2513 597 2596 insuper
619 2514 712 2574 etiam
728 2513 885 2574 eludentes
900 2512 1099 2594 paucitatem,
1121 2531 1189 2573 mue

143 2607 262 2659 terunt.
307 2597 485 2680 Diophanes
507 2599 625 2680 quietos
640 2599 827 2679 aliquamdiu
851 2619 931 2676 suos,
945 2598 1081 2660 velutad
1102 2614 1190 2681 spec-

146 2684 285 2746 taculum
312 2685 404 2745 modo
430 2684 568 2763 eductos,
598 2686 770 2746 continuit:
808 2696 969 2768 postquam
992 2685 1125 2766 dilapsos
1150 2686 1212 2746 ab.

40 2769 44 2777 ’
144 2769 306 2831 ordinibus
332 2770 434 2832 hostes
452 2770 538 2848 vidit,
565 2771 728 2854 peditibus,
752 2783 900 2852 quantam
924 2770 1096 2833 adcelerare
1118 2791 1190 2854 pos»

147 2865 228 2933 sent,
244 2856 327 2940 sequi
339 2855 441 2937 jussis,
456 2857 520 2938 ipse
536 2858 676 2939 princeps
698 2858 778 2919 inter
792 2858 908 2938 equites
923 2877 993 2918 eum
1012 2869 1113 2919 turma
1125 2877 1191 2932 sua,

148 2960 242 3023 quam
268 2955 372 3024 posset
396 2943 581 3005 effusissimis
607 2943 744 3022 habenis,
771 2945 903 3005 clamore
931 2945 969 3004 ab
992 2945 1076 3005 omni
1103 2943 1192 3004 simul

146 3028 255 3112 pedite
278 3041 370 3110 atque
396 3030 498 3110 equite
524 3030 653 3107 sublato,
678 3031 841 3092 stationem
870 3030 1004 3090 hostium
1031 3029 1193 3111 improviso

148 3114 276 3176 invadit
319 3113 391 3176 Non
414 3116 554 3177 homines
579 3117 688 3190 solum,
704 3116 759 3177 sed
781 3116 850 3196 equi
865 3115 960 3177 etiam
978 3115 1086 3192 territi,
1101 3133 1194 3196 quum

149 3201 273 3262 vincula
298 3198 499 3284 abrupissent,
525 3203 759 3285 trepidationem
784 3213 816 3263 et
838 3202 1001 3262 tumultum
1025 3202 1104 3262 inter
1126 3219 1195 3261 suos

149 3287 290 3349 fecerunt
301 3309 310 3365 3
334 3289 425 3370 pauci
447 3289 572 3350 stabant
586 3288 719 3369 inpavidi
741 3287 832 3368 equi:
867 3308 920 3348 eos
939 3288 1021 3368 ipsos
1035 3307 1100 3347 non
1120 3297 1196 3346 star·

152 3393 239 3451 nere,
261 3393 324 3436 non
350 3374 512 3452 infrenare,
538 3385 592 3436 aut
606 3373 789 3436 adscendere
812 3373 902 3436 facile
924 3385 1078 3455 poterant,
1099 3371 1197 3434 multo

155 3459 315 3541 majorem,
330 3481 421 3542 quarn
437 3480 493 3541 pro
507 3481 634 3522 numero
649 3461 795 3540 equitum,
818 3473 964 3522 terrorem
978 3459 1098 3520 Achaeis
1120 3455 1199 3519 mia·

155 3547 303 3608 rentibus.
356 3545 477 3608 Pedites
505 3567 576 3609 vero
604 3547 736 3608 ordinati
758 3560 790 3608 et
812 3545 977 3628 'preparati
1000 3565 1120 3628 sparsos
1146 3565 1199 3627 per

154 3633 393 3714 neglegentiam,
418 3645 450 3695 et
479 3631 703 3695 semisomnos‘l
728 3652 823 3715 prope
851 3631 948 3693 adorti
975 3644 1082 3694 suntt*
1102 3631 1198 3693 cadas

154 3721 271 3800 passim
286 3719 418 3800 fugaque
443 3741 497 3802 per
512 3739 637 3802 campos
663 3720 746 3782 facta
771 3730 826 3780 est
869 3716 1057 3800 Diophanes,
1080 3727 1199 3779 secutus

156 3805 278 3884 effusos,
293 3809 320 3846 ⁴³
332 3806 433 3890 quoad
455 3817 555 3872 tutum
571 3807 640 3884 luit,
654 3827 767 3888 magno
791 3805 970 3868 Achaeorum
985 3805 1068 3888 genti
1090 3804 1200 3866 decore

231 3927 357 3991 *jamnus
369 3929 524 3978 Groncmr.
619 3935 727 3993 ⁰p0rtum
737 3929 801 3977 liud.
897 3927 1049 3976 denitunam
1058 3927 1125 3976 Eud.

188 4033 211 4068 ⁶¹
237 4033 372 4100 Infirmas]
399 4035 462 4083 Nora
488 4037 527 4084 hic
548 4034 666 4099 r'rffrmtor
697 4035 759 4084 Plio.
769 4034 786 4082 1.
798 4047 835 4082 ru.
848 4050 869 4082 c.
880 4036 918 4084 31.
930 4031 978 4082 erl.
991 4046 1104 4083 xxxiac.
1117 4035 1139 4082 l.

155 4101 241 4149 codem
256 4115 332 4157 oerrru,
345 4115 392 4163 qao
404 4101 516 4164 scortator,
530 4101 633 4164 quamvis
649 4099 665 4148 l.
729 4098 751 4134 Β
768 4098 910 4148 Permittetis
925 4097 1011 4164 Attalo]
1030 4099 1132 4146 Andreas
1151 4113 1204 4159 per-

159 4177 219 4213 xxr.
233 4183 254 4214 c.
269 4169 308 4213 tt.
326 4169 455 4228 opposuerit
469 4165 668 4230 omunsrcnatoe,
697 4167 782 4212 mittero
807 4163 909 4211 amur:
932 4165 993 4226 quod
1018 4178 1065 4212 nou
1087 4163 1204 4214 immisto

156 4239 185 4276 ct
207 4230 334 4294 infrenata.
367 4231 421 4280 Nec
441 4232 546 4280 vitiosam
561 4231 599 4278 bic
616 4245 666 4278 ease
697 4229 785 4294 placuit
796 4229 920 4276 Gronovio.

158 4309 239 4342 vaccar
260 4296 355 4358 probant
371 4297 421 4345 hac
437 4298 613 4358 rerbahujurce
629 4295 666 4360 ip·
728 4293 751 4328 ⁶³
769 4291 933 4355 Quadratum]
952 4293 1014 4342 Hrec
1035 4294 1084 4358 ipss
1100 4306 1137 4342 est
1155 4295 1204 4343 cod.

156 4360 208 4406 sius
218 4361 299 4454 cupitis
311 4361 384 4413 iufraz
405 4378 449 4410 reon
458 4373 551 4410 annm
569 4361 666 4476 (aquas).
697 4357 977 4473 ζξὲοιηῃὲἷῃοιςιὶηὰὶῖιω
990 4359 1060 4474 1κὲιίιῖ
1070 4371 1205 4476 itiam·

156 4427 338 4538 mmm:
348 4426 667 4554 iiirmssriruimquoiqiis
697 4439 969 4554 carcerariqrruadllontnum.¹
987 4441 1017 4489 qu

158 4551 267 4616 Virgilius
284 4567 328 4615 est,
348 4555 403 4605 AEu.
421 4557 439 4606 l.
458 4570 506 4607 xri.
525 4573 548 4607 r.
570 4557 626 4606 287.
643 4567 667 4604 cr
