3068 5186
397 273 474 334 nra.
495 273 670 350 xxxvrn.
688 274 771 352 oar.
790 273 877 333 xrx.
1068 279 1158 342 ‚sss

114 420 334 506 Propontidem
359 448 426 490 sese
451 427 608 510 effunditp
639 449 701 490 non
726 439 831 490 tamen
856 436 920 488 tam
944 428 1155 508 magnitudine
1168 443 1313 496 {acm

112 513 329 592 memorabilis,
343 535 435 598 quarn
454 513 536 595 quod
551 515 680 597 piscium
694 510 808 576 adcolis
825 515 979 596 ingentem
998 515 1059 576 vim
1079 535 1154 596 pr:-
1167 510 1199 560 A.
1209 509 1238 560 θ
1251 513 1310 562 ¹⁸³⁴

112 597 178 660 bet.
243 595 452 682 Transgressis
480 610 575 683 ponte
604 597 738 684 perfecto
769 599 891 679 flumen,
919 612 1027 684 praeter
1055 603 1154 684 ripam

113 683 255 746 amitibus
282 681 362 748 Galli
388 683 499 748 blattis
521 681 644 768 Magnae
666 709 685 748 a
704 683 885 753 Pessinunte
905 689 1063 750 obcurrere
1079 709 1154 752 eum

111 767 283 852 insignibus
298 773 371 852 suis,
392 773 594 835 vaticinantes
607 771 744 836 lanatico
764 773 910 853 nomine,
924 771 1024 836 Deam
1039 773 1155 838 Roma·

110 855 161 924 nis
175 857 256 920 viam
271 859 341 921 belli
368 870 400 921 et
413 859 570 922 victoriam
585 854 671 936 dare,
694 859 913 942 imperiumque
921 857 993 942 'ejus
1015 862 1156 942 regionis.

112 941 264 1026 Accipere
288 965 320 1008 se
335 967 426 1008 omen
441 967 533 1028 quum
557 946 683 1009 dixisset
698 946 816 1025 consul,
834 957 936 1010 castra
950 969 988 1010 eo
1004 947 1073 1030 ipso
1086 949 1157 1010 loco

110 1031 226 1112 posuit.
241 1043 364 1114 postero
378 1033 428 1094 die
442 1033 483 1094 sd
497 1031 645 1095 Gordium
660 1033 807 1115 pervenit.
851 1030 887 1095 ld
902 1033 985 1094 baud
1012 1055 1156 1116 uragrrum

111 1115 237 1196 quidem
252 1117 396 1200 oppidum
423 1130 479 1197 est,
494 1119 548 1182 scd
573 1123 600 1166 ⁷⁰
610 1119 688 1201 plus,
704 1139 794 1202 quarn
816 1117 1082 1198 mediterraneum,
1105 1143 1157 1184 ce·

113 1201 198 1264 lebre
214 1207 245 1266 et'
260 1203 399 1286 frequens
422 1207 603 1289 emporium.
618 1205 678 1267 tria
700 1205 797 1266 maria
838 1206 882 1267 ari
897 1203 991 1268 ferme
1013 1207 1158 1270 distantia

109 1288 276 1358 intervallo
300 1291 402 1370 habet,
428 1295 451 1338 7¹
464 1289 735 1376 Hellespontum,
757 1291 797 1352 ad
812 1227 964 1372 ἕίιιοριξιι,Ι
979 1305 1011 1354 et
1034 1295 1158 1357 alterius

110 1395 175 1468 pra
197 1373 299 1455 litora,
325 1399 385 1459 qua
411 1377 520 1441 Cilices
547 1377 690 1440 maritimi
705 1376 820 1454 colunt.
844 1375 1007 1440 multarum
1029 1401 1157 1461 magna-

110 1481 243 1543 rumque
264 1477 410 1545 preterea
422 1467 560 1546 gentium
584 1463 659 1526 lines
673 1463 835 1545 contingit,
859 1483 984 1546 quarum
1006 1486 1157 1528 commer-

114 1541 198 1608 cium
219 1549 250 1609 in
265 1569 334 1612 curn
349 1552 482 1612 maxime
505 1550 605 1614 locum
629 1550 726 1612 mutui
741 1571 813 1614 usus
835 1561 1024 1614 contraxere.
1045 1553 1077 1614 id
1091 1565 1158 1614 tum

27 1625 32 1632 ’
115 1631 270 1696 desertum
285 1635 359 1718 fuga
371 1637 537 1698 incolarum
557 1636 714 1721 oppidum,
738 1636 884 1699 refertum
899 1637 981 1698 idem
997 1639 1088 1720 copia
1110 1660 1158 1700 re·

116 1741 183 1782 rum
198 1722 346 1800 omnium,
369 1723 557 1786 invenerunt.
601 1721 644 1784 lbi
668 1723 778 1784 stativa
803 1723 984 1786 habentibus
1003 1724 1097 1806 legati
1120 1725 1160 1788 ab

113 1799 483 1890 Eposognatoxenerunt,
498 1810 690 1887 nunciantes,
712 1810 722 1842 ‘
739 1807 913 1872 Profectum
927 1831 997 1872 enm
1015 1812 1056 1872 ad
1070 1831 1158 1894 regu-

117 1892 190 1956 ‘loa
215 1893 370 1958 Gallorum
389 1896 466 1957 nibil
481 1898 555 1980 aqui
579 1897 766 1978 impetrasse.
788 1917 828 1958 ex
852 1897 1072 1980 campestribus
1086 1897 1160 1958 vicis

63 2033 70 2041 .
116 1980 125 2010 ‘
141 1980 282 2066 agrisque
297 1981 471 2063 frequentes
488 1983 669 2064 demigrare,
678 1993 710 2044 et
722 1975 791 2044 curii
804 1981 984 2064 conjugibus
998 2003 1035 2046 ac
1048 1983 1161 2060 liberis,¹

114 2065 126 2130 .‘
141 2083 208 2148 quae
224 2067 302 2130 ferre
312 2082 404 2150 atque
421 2089 510 2150 agere
526 2069 644 2151 possint
650 2079 672 2146 ¹,
687 2090 747 2150 pree
759 2090 792 2130 se
804 2081 930 2150 egentes
943 2081 1161 2152 portantesque

116 2149 305 2237 ‘Olympum
330 2167 466 2218 muntem
490 2168 605 2238 petere,
620 2168 655 2217 ut
678 2155 749 2217 inde
768 2155 859 2216 armis
882 2155 1078 2237 locorumque
1100 2157 1162 2220 situ

116 2237 209 2308 fsese
226 2239 388 2303 tueantur.'
608 2243 611 2251 '
833 2277 840 2288 ·

116 2391 120 2398 ,
159 2325 251 2388 ΧΙΧ.
285 2327 424 2390 Certiora
452 2337 558 2412 postea
586 2331 613 2374 ⁷²
623 2325 889 2390 Oroandensium·
918 2327 1012 2410 legati
1042 2329 1161 2392 adtule·
1176 2332 1271 2382 Gattiin

116 2425 211 2496 runt:
237 2409 519 2476 ‘Tolistoboiorum
534 2413 686 2476 civitatem
701 2411 865 2498 Olympum
881 2428 1017 2476 montem
1028 2415 1160 2496 aepiss03
1176 2412 1264 2512 postes
1273 2414 1331 2448 ‘⁰⁰'

116 2498 127 2530 ‘
145 2499 280 2562 diversos
290 2497 479 2582 Tectosagos
491 2499 582 2562 alium
595 2513 743 2577 montem,
756 2501 807 2581 qui
819 2497 956 2582 lllagaba
965 2501 1095 2580 dicatur,
1108 2523 1162 2584 pe·
1187 2477 1275 2528 ugrum.

116 2584 226 2654 ftisse.
254 2585 428 2664 Trocmos,
442 2586 622 2668 conjugibus
637 2606 673 2647 ac
688 2585 790 2647 liberis
805 2587 891 2674 apud
901 2583 1090 2668 Tectosagos
1108 2590 1161 2650 de-

117 2671 262 2754 fpositis,
286 2685 470 2734 armatorum
487 2673 609 2753 agmine
632 2665 662 2732 T
662 2671 831 2734 olistoboiis
848 2671 991 2735 statuisse
1015 2675 1161 2736 auxilinm

116 2757 127 2794 ‘
141 2755 241 2820 ferre?
273 2749 369 2820 Erant
384 2769 484 2820 autem
500 2771 572 2820 tunc
587 2759 678 2820 triurn
692 2759 872 2841 populorum
888 2761 984 2842 reguli
999 2759 1162 2842 Ortiagon,

118 2855 149 2916 et
163 2843 427 2921 Combolomarus,
447 2858 480 2906 et
494 2843 654 2908 Gaulotus.
697 2837 738 2907 lis
754 2845 817 2906 baec
841 2846 975 2908 maxime
988 2847 1060 2908 belli
1083 2849 1162 2910 ratio

119 2931 256 2995 sumendi
273 2931 382 3008 fuerat,
398 2931 491 3013 qnod,¹
506 2951 599 3013 quum
623 2943 743 2994 montes
765 2928 949 2994 editissimos
972 2931 1036 3014 ejus
1059 2935 1161 3014 regio·

120 3017 166 3078 nis
194 3031 347 3096 tenerent,
378 3017 532 3080 convectis
563 3019 715 3094 omnibus,
746 3037 812 3097 quae
841 3017 879 3078 ad
911 3039 999 3080 usum
1025 3021 1162 3100 quamvis

120 3101 211 3186 longi.
232 3105 377 3251 tempperis
408 3103 600 3182 subiicerent,
631 3103 722 3165 raedio
752 3123 785 3164 se
815 3102 994 3250 fatigatione
1025 3107 1162 3206 bostem*

120 3191 325 3339 iffi...
339 3211 413 3338 t}
428 3199 1163 3360 iili?iiiiiilss'.ii”ss.ii.”ls.²fl⁰i.illii

119 3357 178 3430 tac
207 3363 361 3426 deturbari
386 3385 484 3447 posse.
509 3385 565 3426 nec
589 3363 722 3444 quietos,
746 3363 777 3423 in
808 3361 959 3424 radicibus
989 3364 1161 3446 gelidorum

33 3469 54 3488 ··
120 3448 291 3512 ‘montium
307 3452 461 3529 sedentes,
485 3450 580 3532 frigus
599 3460 652 3510 aut
675 3449 810 3532 inopiam
834 3447 968 3526 laturos!
1012 3451 1054 3514 Et
1068 3471 1162 3532 quum

120 3535 183 3624 ipsa
208 3538 340 3600 altitudo
354 3538 489 3599 locorum
505 3558 556 3599 eos
578 3546 738 3614 tutaretur,
763 3535 875 3598 fossam
900 3557 1019 3619 quoqne
1045 3550 1078 3600 et
1103 3537 1164 3599 elia

121 3623 309 3686 munimenta
336 3624 499 3686 vertimbns
528 3625 576 3700 iis,
607 3643 684 3705 qnos
712 3623 900 3702 insederant,
936 3623 1163 3707 circumjacere.

126 3768 131 3776 ‘
151 3767 202 3813 sau
213 3742 376 3826 Hellespontum
387 3765 456 3813 cm.
565 3769 576 3796 ³
588 3773 671 3825 masat
682 3761 757 3812 Gran.
769 3761 839 3811 Cres.
955 3771 966 3796 ⁸
979 3761 1168 3812 OEonndersim
1191 3815 1195 3822 ,

123 3825 193 3883 ΘΜ,
291 3836 298 3864 ¹
312 3831 379 3878 besta
388 3827 463 3878 Groo.
474 3829 542 3878 cro.
800 3855 803 3864 ⁴
1079 3871 1088 3880 .

122 3938 171 3993 Into
185 3947 208 3992 ia
227 3943 330 4002 Pastum,
346 3945 407 4008 qood
425 3955 504 3992 munet
521 3941 627 4004 Sigonius
658 3943 805 4005 telligendom
817 3953 853 3990 est
864 3939 1166 4005 measttetespom:

123 4009 146 4058 in
166 4023 218 4088 nnn
235 4011 263 4058 ad
285 4011 348 4059 harre
365 4012 450 4068 loeurrr,
466 4021 491 4058 et
507 4010 630 4068 Collatus,
659 4009 1174 4088 iesmllsllespoerumstnrpmreg‘ns,

125 4076 341 4204 A'llm‘ual'lrl:sudditi
352 4077 549 4203 billiecrrdleum]
573 4137 628 4189 Pius
660 4089 923 4202 ¹wll*wllriliblllnsinnr]
947 4137 984 4186 ste
1009 4149 1067 4186 vett.
1095 4129 1167 4186 editt:

126 4221 189 4268 quam
200 4207 258 4256 solet
275 4207 415 4269 frequentari
432 4208 559 4268 emporium
578 4223 626 4256 ms·
661 4217 685 4256 ct
697 4205 720 4254 bi
735 4221 819 4266 nempe
830 4205 898 4252 iidem
908 4217 972 4262 rant,
988 4205 1026 4266 qui
1041 4219 1062 4254 t.
1077 4219 1167 4317 proee-

103 4325 105 4330 ,
126 4273 271 4320 diisinterris
282 4273 350 4334 losrgc
361 4289 373 4320 a
384 4270 525 4320 meriritum.
661 4269 727 4320 denti
744 4267 849 4336 appellati
860 4281 921 4318 sunt.
956 4266 1020 4317 Male
1035 4269 1058 4315 in
1100 4285 1170 4318 mo·

154 4333 176 4373 ’Π
203 4339 239 4386 Ad
268 4331 446 4400 Hellespontsml
475 4337 513 4386 sta
543 4335 630 4386 babere
662 4336 732 4386 viani!
756 4335 892 4384 edbicnibtn
921 4333 1004 4394 legitur
1031 4332 1170 4384 (Βωλα-

125 4411 210 4452 veteres
220 4419 298 4452 ornnes
307 4403 405 4452 affirmat
421 4399 557 4452 Gronovius.
591 4401 630 4450 lu·
661 4405 727 4452 nun.
761 4399 820 4449 vide
836 4397 1173 4474 etm27·edc.³7.inlrr·

724 4485 809 4534 ΔΗ
