3100 5194
442 331 519 391 LIB.
533 330 649 390 XXXI.
669 331 749 390 CAP.
771 329 881 390 XLVI.
1147 343 1183 394 41

129 483 270 546 civitatis
285 484 348 568 ejus
363 486 474 562 vicum,
498 499 633 548 tenuere.
658 485 728 546 inde
750 505 855 566 quum,
877 494 1018 567 superato
1040 507 1186 568 promon-
1201 499 1233 552 U.
1243 503 1271 552 c.
1283 509 1338 554 552.

130 573 228 650 torio,
256 571 296 632 ad
323 573 389 654 ipsa
418 573 532 634 moenia
560 573 642 644 urhis
671 572 887 652 circumagere
906 572 1034 632 classem
1061 568 1369 646 interam-2⁰⁰„

132 679 215 720 saeva
245 670 353 720 coorta
379 670 574 741 tempestate,
609 678 704 740 prope
735 659 834 719 obruti
866 655 1017 736 fluctibus,
1048 659 1186 741 dispersi,

132 765 251 826 inagna
266 767 304 806 ex
325 761 412 826 parte
434 745 551 807 arnissis
576 745 784 816 armamentis,
811 745 842 804 in
869 756 982 805 terram
1005 744 1201 826 effugermrt..

134 831 238 892 Omen
255 851 376 911 quoque
395 854 432 893 ea
455 832 611 894 maritima
635 842 801 912 tempestas
824 829 863 891 ad
888 852 952 892 rem
979 842 1060 893 terra
1078 851 1201 910 geren-,

136 917 209 978 dam
241 916 309 995 suit.
325 985 330 994 Ι
344 939 427 995 narn,
454 918 601 980 conlectis
633 918 663 978 in
693 939 787 977 nuum
813 917 951 992 navibus,
982 918 1188 998 expositisque

135 1003 245 1084 copiis,
272 1003 406 1084 adgressi
429 1005 545 1080 urbem,
572 1025 642 1065 cum
668 1004 771 1064 multis
793 1003 964 1067 vulneribus
990 1004 1111 1084 repulsi,
1143 1003 1201 1081 (et.

135 1101 203 1151 crat
222 1089 355 1162 validum
383 1091 425 1152 ibi
448 1091 564 1172 regium
587 1089 772 1171 praesidium)
799 1090 884 1150 irrito
910 1090 1032 1172 incepto
1060 1091 1187 1171 regressi

138 1173 374 1237 Canastraeum¹
406 1177 542 1238 Pallenes
572 1175 729 1257 trajecere.
762 1175 845 1252 inde,
883 1188 1023 1256 superato
1057 1176 1188 1237 Toronae

134 1263 382 1344 promontorio,⁸⁸
399 1264 577 1344 navigantes
614 1262 789 1323 Acanthum
826 1261 951 1344 petiere.
1002 1260 1048 1322 lbi
1088 1264 1189 1344 primo

138 1369 213 1429 ager
237 1360 383 1426 vastatus,
411 1349 520 1410 deinde
547 1349 616 1429 ipsa
640 1349 711 1408 urbs
738 1348 765 1407 vi
789 1358 882 1429 capta
911 1368 947 1407 ac
976 1347 1105 1429 direpta.
1131 1369 1203 1414 nee:

136 1434 219 1495 ultra
238 1437 388 1516 progressi
414 1435 488 1516 (jam
506 1435 587 1495 eninr
603 1446 634 1494 et
653 1455 759 1514 graves
780 1432 881 1514 praeda
902 1453 994 1492 nares
1020 1433 1203 1512 nabebantr

136 1531 233 1598 retro,
248 1521 329 1582 unde
343 1533 498 1598 venerant,
514 1519 683 1598 Sciathum,
709 1530 740 1582 et
761 1521 799 1580 ab
815 1515 941 1580 Sciatho
963 1518 1111 1580 Euboeam
1122 1555 1124 1562 ·
1137 1541 1187 1579 re-

135 1617 256 1688 petunt.

182 1689 295 1754 XLVI.
318 1693 364 1754 lbi
381 1695 485 1756 relicta
507 1694 614 1771 classe,
635 1694 742 1754 decem
763 1693 889 1753 navibus
910 1692 1063 1773 expeditis
1086 1693 1186 1753 sinum

137 1777 308 1840 Maliacum
334 1782 491 1860 intravere,
516 1781 555 1840 acl
574 1780 820 1860 conloquendum
843 1799 914 1839 cnm
937 1776 1051 1840 AEtolis
1077 1779 1115 1839 de
1138 1800 1185 1838 ra·
1198 1782 1325 1848 Conloqui-

137 1865 223 1940 tione
237 1867 363 1946 gerendi
379 1869 459 1930 belli.
482 1909 483 1914 κ
504 1864 693 1950 Sipyrrhicas
718 1865 842 1927 AEtolus
863 1865 1003 1946 princeps
1024 1865 1185 1946 legationis
1198 1850 1342 1964 ffmffl‘l

136 1949 203 2032 ejus
215 1951 285 2028 luit,
302 1955 328 1991 ⁶²
341 1973 407 2034 quae
422 1955 460 2014 ad
484 1953 739 2015 communicanda
761 1952 889 2013 consilia
910 1948 1091 2013 Heracleam
1116 1973 1185 2014 curn
1200 1981 1312 2030 Am„

137 2058 210 2118 rege
232 2049 265 2099 et
289 2059 359 2112 cnm
383 2039 522 2101 Romano
549 2040 649 2120 legato
674 2039 768 2099 venit.
813 2038 945 2100 Petitum
961 2060 1001 2099 ex
1017 2038 1130 2099 foedere
1147 2040 1185 2100 ab
1201 2045 1320 2096 Romans.

135 2121 246 2185 Attalo
264 2135 322 2201 est,
341 2137 376 2187 ut
398 2127 480 2186 mille
501 2126 612 2187 milites
637 2137 802 2207 praestaret.
826 2135 947 2186 tantum
972 2125 1054 2185 enim
1078 2145 1186 2186 nurne-

137 2230 203 2271 rum
232 2211 348 2273 bellurn
378 2213 551 2291 gerentibus
587 2213 728 2291 adversus
756 2209 929 2293 Philippum
953 2211 1103 2282 debebat.¹
1149 2210 1186 2272 ld

137 2307 284 2376 negatum
307 2295 437 2360 AEtolis:
462 2299 543 2379 quod
567 2299 609 2359 illi
634 2318 752 2377 quoque
778 2297 895 2378 gravati
920 2297 1001 2378 prius
1028 2307 1128 2357 esseut
1147 2298 1203 2358 adv

137 2383 348 2462 populandam
387 2383 602 2445 Macedoniam
642 2385 736 2460 exire,
772 2404 833 2464 quo
865 2396 1012 2465 ternpore,
1045 2381 1202 2464 Philippo,

137 2468 220 2528 circa
244 2467 425 2550 Pergamum
455 2483 561 2532 urente
588 2490 674 2531 saera
700 2470 897 2550 profanaque,
919 2468 1095 2540 abstrahere
1118 2491 1186 2530 eum

138 2554 209 2615 inde
236 2558 262 2594 ⁶³
274 2569 412 2638 respectu
435 2579 534 2618 rerum
560 2577 682 2628 suamm
706 2557 886 2638 potuissent.
932 2555 979 2616 lta
997 2552 1096 2616 AEtoli
1116 2576 1202 2616 cum.

138 2661 192 2722 spe
209 2643 317 2723 magis,
345 2641 492 2706 Romanis
511 2645 616 2706 omnia
635 2642 860 2725 pollicentibus,
876 2662 967 2722 quam
982 2663 1051 2703 eum
1074 2642 1187 2704 auxilio

140 2727 268 2789 dimissi.
313 2727 461 2809 Apustius
493 2752 561 2792 cnm
587 2729 701 2790 Attalo.
728 2728 767 2790 ad
798 2729 926 2790 classem
961 2727 1059 2789 rediit.
1109 2725 1202 2788 lnde,

140 2815 308 2875 consultari
326 2816 364 2877 de
385 2816 466 2878 Oreo
486 2817 691 2900 obpugnando
714 2827 873 2898 coeptum..
904 2812 1014 2876 Valida
1028 2835 1066 2873 ea
1079 2814 1187 2875 civitas
1236 2869 1240 2874 .

140 2911 172 2960 et
187 2902 349 2978 menibus,
363 2915 405 2981 et,
422 2904 492 2985 quia
507 2917 578 2965 ante
592 2903 690 2964 suerat
705 2913 834 2979 tentata,
854 2902 942 2962 firmo
963 2911 1028 2962 erat
1038 2900 1202 2981 prasidio..
1307 2902 1310 2910 ’

140 2983 372 3067 Coujnnxerant
396 3011 428 3050 se
450 2991 486 3049 iis
508 3003 577 3071 post
604 2987 863 3070 expugnationem
886 2987 982 3048 Andri
1012 3006 1081 3046 cum
1111 3005 1186 3067 prae-

139 3071 220 3134 lecto
240 3073 469 3156 ¹Agesimbroto
503 3077 611 3156 viginti
650 3073 778 3137 Rhodiae
815 3072 917 3151 naves,
951 3085 1038 3136 teetae
1071 3092 1201 3140 omnes.

138 3179 207 3220 eam
224 3161 352 3222 classem
367 3163 396 3223 in
413 3164 577 3224 stationem
594 3165 620 3202 ὓ*
632 3161 671 3224 sd
686 3161 839 3222 Zelasium
855 3162 1013 3238 miserunt,
1039 3158 1201 3237 (lstlrmiae.

138 3243 174 3305 id
193 3266 284 3327 super
302 3246 529 3310 Demetriadem
553 3249 794 3330 promontorium
819 3261 866 3308 est
889 3257 1113 3328 peropportune
1129 3246 1202 3308 ob-.¹

135 3328 272 3409 jectum)
303 3346 347 3411 ut,
377 3335 401 3394 si
427 3336 499 3417 quid
521 3335 593 3396 inde
615 3345 772 3396 moverent
798 3331 1007 3392 Macedonum
1030 3351 1130 3406 naves,
1154 3331 1185 3392 in

139 3417 284 3496 praesldio
316 3432 424 3483 essent.
480 3419 658 3482 Heraclides
685 3420 843 3502 praelectus
869 3417 970 3497 regius
993 3417 1118 3477 classem
1143 3417 1184 3477 ibi

138 3503 277 3581 tenebat,
308 3508 405 3588 magis
426 3529 481 3590 per
503 3508 706 3584 occasionem,
729 3507 753 3566 si
782 3525 874 3586 quam
896 3503 1090 3585 neglegentia
1113 3503 1185 3564 hos-

137 3588 216 3652 tium
241 3591 384 3672 dedisset,
408 3615 498 3677 quam
521 3609 628 3678 aperta
649 3594 678 3654 vi
701 3593 877 3674 quidquam¹
890 3611 1025 3652 susums.
1071 3591 1184 3653 Oreum
1198 3610 1287 3660 Oreum
1300 3613 1340 3660 ob·
1395 3615 1400 3622 ¹

1198 3691 1331 3743 pugnaturn.

502 3747 515 3773 ¹
527 3741 658 3788 Centaurum
667 3737 739 3786 Gran.
752 3736 821 3786 Cret.

172 3851 303 3908 &Quam
313 3853 502 3916 communicanda]
531 3855 594 3902 Libri
605 3855 664 3902 ha-.
679 3861 719 3900 est.
753 3851 857 3898 Phaloria
875 3859 909 3896 est
926 3848 1113 3960 promontorium
1137 3847 1186 3893 Eu·

139 3919 254 4011 bentpm'.
289 3921 391 3968 Mutarit
404 3921 542 3968 Gronovius.
679 3918 747 3964 boeoe.
785 3913 857 3962 lstr'aea
879 3927 903 3961 et
947 3931 1005 3961 reum
1030 3915 1075 3960 duo
1100 3913 1187 3959 diversa

171 3981 195 4017 ⁶³
234 3981 343 4046 Rerpeeta
367 4002 440 4034 rerum
466 3983 568 4047 mmmm]
603 3985 649 4033 Co·
680 3983 772 4030 nomina
788 3991 841 4027 sunt
858 3981 960 4043 ejusdem
981 3977 1050 4034 urbis,
1068 3977 1105 4023 rel
1123 3989 1186 4024 eerre

140 4049 215 4110 gendo
226 4065 280 4098 eum
292 4049 406 4114 respicere
424 4062 449 4099 et
465 4051 550 4099 reverti
567 4050 594 4096 ad
613 4063 650 4096 res
681 4049 776 4096 duarum
788 4044 886 4100 urbium,
897 4060 948 4106 quoe
966 4045 990 4089 in
1004 4058 1074 4090 norm
1093 4039 1186 4088 coalue-

137 4115 317 4169 mmtutandas‚
682 4114 736 4162 rint.
769 4111 850 4170 Itaque
877 4107 977 4155 lstr'aeotr'r
1002 4109 1046 4153 erit
1070 4106 1132 4166 regio
1158 4107 1186 4151 ad

174 4179 245 4227 “Aa
255 4183 420 4232 Zelasium...
437 4178 573 4246 (lrtlrmieid
587 4194 651 4238 mper
682 4176 847 4231 lstioeam‚sive
856 4174 955 4230 Oreum,
967 4173 1090 4249 pertinens.
1117 4169 1201 4248 seraper·⁴

141 4245 315 4309 Daren-taam]
336 4247 454 4307 Zelasium,
467 4246 559 4294 Isthmio
569 4243 650 4292 fictitia
682 4241 841 4291 Derrretriodem
858 4249 892 4288 est
904 4251 1019 4298 eregrone
1029 4235 1187 4284 Demetriadis

140 4325 194 4360 sunt
209 4311 311 4362 nomina.
346 4311 446 4374 Conjicit
457 4310 603 4359 Gronovius:
619 4311 650 4356 ud
683 4309 705 4354 in
727 4306 773 4354 alto
795 4305 859 4352 mari.
897 4301 958 4350 llaec
976 4303 1023 4350 lere
1045 4302 1186 4351 Gronovius.

138 4375 268 4424 Phaloriam
283 4379 400 4438 miserunt,
416 4375 500 4438 lmirrae,
517 4377 565 4422 rire
578 4373 646 4420 lstiae·
678 4373 724 4420 Adi
736 4385 826 4433 quoque
837 4365 930 4416 cellarii
942 4365 1111 4434 Geogrsphiam
1127 4365 1186 4416 anti·

138 4441 205 4494 olidos
218 4457 284 4506 super
302 4439 463 4492 Dunetriadem
479 4438 648 4503 promontorium
680 4452 748 4501 quam
759 4435 782 4484 in
794 4434 889 4484 Euboea.
