3080 5196
376 367 437 422 289
804 359 895 422 ΤῘΤΙ·
909 359 1010 421 len

210 521 353 574 uuum.
379 514 498 577 ‘immo
521 525 587 577 tam
609 515 741 578 alimum
763 516 851 576 rebus
870 513 976 576 vestris
998 525 1055 576 est.
1099 513 1221 603 Quippe
1235 516 1301 578 sirie
1317 519 1428 598 gratia,¹

209 587 281 638 Μ·
300 589 354 640 ¹9²·
379 601 471 664 ‘sine
486 601 648 682 dignitate,
664 601 820 682 premium
836 599 957 662 victoris
972 599 1076 663 eritis!

422 685 458 749 L.
480 685 547 748 Nec
568 687 697 750 absurde
720 686 862 748 adversus
882 697 1027 766 utrosque
1050 688 1241 770 respondisse
1264 689 1346 750 visus
1370 701 1426 768 est,
1453 740 1456 747 ,

379 783 412 833 et
425 773 515 834 facile
530 783 597 834 erat
619 771 788 834 orationem
804 772 886 854 apud
903 771 1040 834 faventes
1055 775 1147 854 eequis
1161 775 1282 836 auribus
1299 775 1427 856 acccipi.

378 859 463 920 nulla
477 859 559 922 enim
574 877 632 919 nee
648 858 842 940 disceptatio,
864 878 921 919 nec
947 858 1097 921 dubitatio
1122 859 1190 938 fuit,
1212 861 1286 942 quin
1310 881 1427 940 omnes,

379 945 503 1006 eosdem
529 945 614 1026 genti
639 943 821 1006 Achaeorum
849 944 949 1005 hostes
964 945 1008 1005 'et
1036 945 1161 1024 amieos,
1193 966 1281 1026 quos·
1299 946 1429 1028 populus

378 1028 536 1092 Romanus
551 1031 729 1108 censuisset,
747 1029 931 1112 judicarent,
954 1030 1126 1112 bellumque
1152 1043 1184 1093 et
1197 1032 1377 1111 Antiocho,
1398 1045 1430 1094 et

376 1112 643 1179 AEtolisnuneiari
655 1115 809 1198 juberent.
845 1117 970 1178 Auxilia
985 1119 1088 1195 etiam,
1103 1137 1163 1199 quo
1177 1118 1299 1180 censuit
1314 1117 1429 1187 Quirrc»

376 1203 446 1280 tius,
469 1202 704 1284 quingentorum
734 1203 866 1264 militum
893 1201 1083 1281 Chalcidem,
1117 1204 1355 1285 quingentorum
1376 1203 1427 1265 Pi·

376 1293 486 1352 raeeum
502 1289 658 1370 extemplo
674 1288 829 1351 miserunt.
873 1287 948 1350 Erat
962 1289 1043 1350 enim
1059 1289 1141 1350 haud
1155 1290 1261 1372 procul
1277 1290 1426 1352 seditione

374 1373 508 1440 Athenis
524 1395 581 1452 res,
603 1375 794 1436 trahentibus
810 1375 850 1436 ad
864 1373 1051 1437 Antiochum
1068 1375 1247 1456 quibusdam
1264 1397 1319 1458 spe
1335 1376 1426 1457 largi·

375 1461 647 1535 tionum,venalem
667 1461 766 1542 pretio
782 1459 1031 1539 multitudinem3
1058 1461 1157 1522 donec
1172 1462 1274 1540 abiis,
1295 1463 1347 1544 qui
1364 1462 1426 1524 Ro-

375 1565 473 1607 marrae
486 1547 581 1628 partis
596 1558 694 1624 erant,
706 1546 865 1616 Quinctius
880 1559 927 1610 cst
939 1547 1066 1625 adcitus,
1077 1559 1121 1625 et,
1132 1559 1295 1610 accusante
1308 1545 1430 1610 Leonte

376 1633 520 1714 quodam,
546 1633 758 1715 Apollodorus
770 1645 878 1695 auctor
893 1633 1072 1695 defectionis
1088 1634 1261 1713 damnatus,
1283 1645 1379 1714 atque
1393 1634 1425 1695 in

376 1719 514 1780 exsilium
532 1732 579 1781 est
600 1717 725 1800 ejectus.
768 1718 810 1780 Et
831 1720 870 1780 ab
893 1720 1011 1781 Achaeis
1032 1719 1155 1802 quidem
1179 1741 1249 1782 eum
1272 1721 1355 1782 tristi
1378 1726 1426 1783 re·

375 1825 490 1888 sponso
506 1805 618 1886 legatio
632 1804 673 1866 ad
688 1825 791 1888 regem
810 1805 908 1867 rediit.
952 1805 1052 1868 Boeoti
1068 1807 1143 1868 nihil
1161 1807 1237 1868 certi
1257 1807 1426 1888 responde·

376 1905 466 1954 runt:
490 1892 501 1925 ‘
515 1911 609 1973 quum
623 1891 794 1954 Antiochus
809 1893 842 1953 in
857 1889 1008 1953 Boeotiam
1023 1893 1165 1969 venisset,
1187 1903 1264 1971 tum,
1280 1893 1355 1974 quid
1370 1893 1429 1954 sibi

375 1977 551 2040 faciundum
567 1989 656 2055 esset,
671 1999 704 2039 se
720 1977 1037 2066 deliberaturoeesse!
1072 1979 1263 2058 Antiochus,
1278 1987 1372 2060 qunni
1387 1980 1425 2041 ad

376 2062 532 2127 Chalcidis
548 2064 734 2147 presidium,
755 2074 788 2126 et
803 2063 931 2126 thaeos
947 2076 978 2126 et
992 2063 1162 2128 Eumenem
1180 2087 1283 2148 regem
1307 2065 1424 2128 misisse

377 2149 519 2230 audisset,
542 2152 756 2215 maturandum
783 2163 877 2229 ratus,
898 2164 933 2214 ut
959 2164 991 2214 et
1016 2153 1215 2235 prevenirent
1237 2153 1295 2230 sui,
1319 2164 1351 2214 et
1373 2153 1430 2213 ved

355 2238 506 2316 *nientes
522 2238 547 2300 si
563 2251 699 2322 possent,
719 2239 905 2321 exciperent,
922 2235 1105 2322 Menippum
1125 2259 1196 2300 cum
1210 2240 1310 2301 tribus
1330 2238 1426 2300 fenne

375 2323 509 2387 millibus
533 2326 677 2406 militum,
700 2339 732 2390 et
755 2346 825 2389 cum
851 2325 934 2388 omni
956 2325 1051 2388 classe
1073 2325 1292 2412 Polyxenidam
1317 2325 1430 2388 mittin

375 2411 442 2498 ipse
451 2433 564 2499 paucos
573 2425 644 2498 post
653 2414 717 2476 dies
728 2435 782 2477 sex
794 2414 890 2477 millia
899 2435 1020 2477 suorum
1029 2413 1172 2494 militum,
1183 2426 1265 2478 etex
1276 2435 1313 2476 ea
1324 2412 1425 2496 copie,

377 2523 442 2586 quae
464 2498 577 2564 Lemiae
602 2513 727 2587 repente
749 2501 853 2583 colligi
876 2503 987 2586 potuit,
1009 2523 1072 2565 non
1098 2503 1143 2563 ita
1163 2501 1276 2564 multos
1301 2499 1427 2562 AEtolos

377 2587 472 2654 ducit.
516 2587 621 2651 Achaei
636 2589 806 2674 quingenti,
830 2599 861 2650 et
882 2591 921 2651 ab
936 2587 1073 2651 Eumene
1088 2609 1159 2670 rege
1171 2589 1326 2650 modicum
1339 2587 1428 2650 euxi-

378 2677 451 2741 lium
472 2676 609 2756 missum,
628 2676 706 2737 duce
726 2673 897 2738 Xenoclide
913 2675 1118 2753 Chalcidensi,
1140 2675 1273 2736 nondum
1294 2675 1430 2736 obsessis

307 2765 315 2782 ⁹
379 2765 548 2845 itineribus,
563 2775 631 2828 tuto
646 2761 823 2844 transgressi
839 2760 996 2845 Euripum,
1018 2760 1197 2823 Chalcidem
1217 2771 1431 2842 peruenerunt.

379 2849 512 2914 Romani
529 2851 651 2929 milites,
662 2848 820 2932 quingenti
835 2848 929 2910 ferme
946 2847 1061 2931 stipsi,
1077 2867 1169 2928 quum
1182 2845 1244 2928 jam
1255 2843 1433 2926 Menippus

380 2949 482 3000 eastra
497 2948 569 3000 ante
588 2933 740 3020 Salganea
756 2935 795 2996 ad
810 2931 996 3012 Hermaeum,
1019 2954 1079 3016 qua
1093 2934 1235 2994 transitus
1249 2952 1287 2993 ex
1300 2929 1432 2992 Boeotia

380 3026 413 3088 in
424 3023 572 3086 Euboeam
588 3024 717 3085 insulam
730 3033 787 3101 est,
802 3022 1105 3100 haheret‚venernnt.
1149 3017 1260 3080 Mictio
1275 3029 1342 3079 erat
1357 3034 1427 3078 cum

380 3111 428 3186 iis,
443 3111 562 3192 legatus
578 3131 597 3172 a
611 3109 758 3172 Chalcide
774 3109 813 3170 ad
829 3107 1018 3186 Quinctium,
1041 3105 1078 3168 ad
1096 3107 1128 3168 id
1143 3107 1240 3188 ipsum
1255 3102 1429 3186 praesidiuin

378 3197 557 3280 petendum,
573 3197 692 3258 missus.
708 3197 759 3276 qui
775 3205 936 3278 postquam
951 3195 1088 3254 obsessas
1108 3193 1147 3253 ab
1169 3191 1308 3268 hostibus
1324 3189 1428 3252 fauces

378 3283 467 3366 vidit,
489 3285 602 3348 omisso
622 3283 662 3346 ed
682 3280 825 3344 Aulidem
846 3281 965 3358 itinere,
982 3277 1106 3341 Delium
1125 3276 1286 3355 convertit,
1302 3287 1339 3337 ut
1358 3274 1428 3335 inde

379 3373 412 3442 in
426 3373 574 3440 Euboeam
589 3369 828 3432 transmissurus.

210 3455 362 3536 depellare
423 3459 474 3527 LI.
508 3459 673 3544 Templum
702 3467 757 3518 -est
789 3454 939 3538 Apollinis
971 3451 1106 3531 Delium,
1140 3450 1292 3513 inminens
1326 3447 1425 3511 mari:

211 3537 267 3570 Μ
277 3523 361 3572 ”mm
381 3545 621 3630 quinquemillia
635 3563 776 3626 passuum
795 3563 814 3604 a
827 3540 970 3624 Tanagra
990 3541 1085 3601 abest.
1101 3539 1198 3600 minus
1213 3547 1344 3618 quatuor
1355 3531 1426 3622 “¹5¹7

382 3633 457 3694 lium
477 3631 547 3692 inde
572 3631 603 3692 in
617 3631 757 3714 proxima
775 3627 899 3691 Euboeae
913 3638 960 3689 est
974 3627 1050 3688 mari
1066 3623 1219 3706 trajectus.
1272 3619 1332 3684 Ubi
1354 3623 1380 3659 ‘¹
1393 3629 1426 3678 et

382 3717 414 3780 in
437 3718 510 3780 sano
534 3717 673 3799 lucoque,
694 3737 731 3778 ea
756 3715 901 3796 religione
921 3724 954 3776 et
976 3735 1013 3774 eo
1033 3711 1103 3794 jure
1124 3721 1243 3786 sancto,
1275 3729 1337 3789 quo
1360 3717 1430 3766 sunt
1538 3769 1539 3790 ζ

381 3804 508 3891 templa,
522 3807 605 3893 quasi
629 3803 712 3892 asyla
730 3799 828 3865 Graeci
849 3801 1014 3884 adpellant,
1036 3811 1068 3862 et
1082 3797 1220 3861 nondum
1242 3805 1294 3858 aut
1311 3791 1430 3856 indicto

211 3585 323 3654 Roman.

651 4017 654 4030 ,
761 3959 769 3991 ⁸
783 3975 831 4026 que
841 3959 887 4010 del.
898 3957 971 4008 Gron-
982 3956 1052 4008 Cres.

381 4115 461 4168 Primo
479 4113 623 4183 reposuimus
639 4111 726 4174 dhare,
746 4123 788 4177 pro
804 4105 889 4172 dicum,
923 4100 1052 4157 Gronovius
1072 4103 1208 4178 qrrlhrsdam
1230 4100 1304 4150 allatis
1324 4095 1434 4178 cremplis

382 4198 476 4233 auctore
488 4183 614 4242 Gronovio,
632 4182 671 4246 qui
682 4181 714 4227 ita
723 4179 807 4228 hebere
818 4177 890 4239 scrip·
922 4176 945 4223 id
957 4173 1018 4220 tueri
1027 4183 1131 4220 conatur.
1147 4170 1222 4234 Nobis
1229 4169 1314 4214 durum
1324 4165 1423 4213 ridetur.

382 4261 420 4298 tos
430 4260 455 4296 et
472 4258 532 4298 vett.
547 4248 620 4296 editos
629 4257 744 4303 testatum
770 4253 794 4291 et
812 4254 890 4304 postu·
952 4237 975 4274 θ)
991 4237 1022 4285 Et
1039 4235 1129 4300 infimo
1148 4235 1238 4296 lucoque
1251 4267 1258 4281 .
1269 4267 1275 4280 .
1286 4266 1293 4278 .
1303 4241 1326 4279 et
1337 4230 1433 4278 amdan

382 4313 447 4361 laute
458 4312 545 4360 Larius
554 4325 676 4362 sructura
687 4310 782 4358 rarione.
798 4305 891 4354 Deinde
923 4312 962 4352 aut
980 4303 1062 4350 indicto
1076 4299 1140 4377 hplh]
1156 4298 1218 4376 Duae
1230 4309 1390 4351 ennemase,
1403 4292 1434 4340 ob

287 4380 290 4387 '
383 4377 461 4440 scripti
474 4377 543 4426 etiam
555 4375 759 4424 Gronoaianieum
771 4371 891 4428 Victorino
921 4383 978 4432 ques
998 4366 1097 4416 Romam
1119 4379 1194 4440 secun
1212 4364 1358 4426 palarentur:
1382 4371 1435 4434 qen

384 4443 570 4508 presentatum
577 4439 739 4500 iaterpmeodi:
752 4435 790 4484 ubi
800 4450 892 4484 necesse
922 4447 1006 4494 nempe
1017 4443 1041 4479 et
1052 4441 1117 4479 erant
1129 4445 1152 4476 nr
1162 4429 1217 4476 seno
1228 4429 1326 4504 lucoque
1337 4437 1437 4473 uouis-

384 4511 447 4558 loret
459 4504 555 4567 intelligi
565 4505 686 4563 comitium,
692 4515 731 4552 aur
743 4501 827 4563 aliquid
838 4499 892 4551 tale.
923 4498 989 4558 simo,
999 4507 1022 4546 er
1032 4495 1119 4545 aeuum
1130 4495 1232 4543 auidum
1243 4493 1358 4544 munuae
1368 4499 1426 4539 erut.
