3026 5164
259 331 264 338 ’
360 355 420 414 ua
769 343 853 408 utut
873 341 972 404 Ltvn

194 520 334 576 u.u.nro.
359 503 504 569 Antiochi
531 499 698 579 Hannibal,
724 511 757 564 et
781 499 894 566 bellum
921 499 1061 564 aduersus
1087 497 1256 570 Eumenem
1285 510 1403 570 motum

192 589 224 636 A.
235 587 263 639 Β·
277 589 330 642 193·
359 592 500 656 faciebat.
526 589 580 669 ibi,
607 593 640 630 ⁹⁴·
652 608 707 650 seu
722 587 793 670 quia
809 609 827 650 a
843 585 1012 651 Flaminino
1027 587 1106 648 inter
1129 597 1233 648 cetera
1248 585 1402 667 objecurm

358 678 466 742 Prusia
489 689 564 754 erat,
590 676 746 740 hominem
764 674 911 752 onnrium,
937 674 990 756 qui
1005 673 1149 752 viverent,
1171 671 1405 736 infestissimum

357 765 471 848 populo
495 763 636 828 Romano
660 762 742 844 apud
768 781 837 822 eum
861 781 938 837 esse,
963 761 1014 840 qui
1042 761 1146 842 patria
1170 781 1231 822 suae
1258 760 1405 842 primurn,

359 850 479 928 deinde,
501 845 602 914 fractis
618 847 682 929 ejus
705 849 823 928 opibus,
847 846 1003 911 Antiocho
1030 848 1092 929 regi
1117 857 1224 910 auctor
1248 844 1323 908 belli
1350 846 1404 908 ad·

358 957 459 1000 uersus
487 935 632 1020 populum
657 933 831 999 Romanum
858 933 985 996 suissetr
1020 953 1074 996 seu
1096 935 1167 1015 qnia
1189 933 1257 1015 ipse
1273 932 1406 1010 Prusias,

358 1033 393 1088 ut
407 1023 627 1104 gratificaretur
642 1016 783 1104 praesinti
800 1019 971 1084 Flaminino
986 1019 1203 1101 Romanisque,
1228 1040 1285 1103 per
1301 1040 1336 1082 ae
1352 1040 1407 1082 ue-

354 1101 447 1174 uadi
472 1121 526 1174 aut
547 1108 688 1173 tradendi
710 1106 775 1189 ejus
799 1107 830 1170 in
855 1117 1040 1190 potestatem
1063 1107 1221 1170 consilium
1245 1106 1354 1190 cepit3
1388 1127 1408 1173 a

357 1197 634 1344 primoconloqpio
650 1193 812 1258 Flaminini
828 1194 940 1259 milites
951 1194 1108 1276 extemplo
1119 1193 1159 1254 ad
1174 1193 1302 1256 domum
1314 1191 1406 1254 Han-

357 1283 468 1348 nibalis
483 1296 569 1346 custo
592 1282 714 1344 leudam
738 1281 820 1345 missi
843 1293 924 1344 sunt.
968 1276 1095 1363 Semper
1115 1281 1208 1345 talem
1223 1281 1346 1350 exitum
1362 1280 1407 1342 ri-

358 1381 396 1434 ta
412 1391 472 1432 sue
495 1367 650 1432 Hannibal
675 1379 871 1451 prospexerat
892 1366 1008 1445 animo,
1033 1380 1065 1430 ct
1080 1366 1288 1431 Rornanorum
1316 1367 1407 1428 inex·

357 1457 470 1538 piabile
486 1455 589 1518 odium
604 1455 634 1516 in
650 1476 682 1515 se
697 1475 833 1532 cernens,
857 1465 889 1516 et
903 1453 972 1516 fidei
989 1473 1094 1534 regum
1110 1454 1185 1516 nihil
1208 1474 1283 1516 sane
1306 1453 1406 1516 conb-

280 1563 283 1574 ’
356 1563 416 1604 sas.
461 1547 487 1582 ⁰⁵
502 1540 611 1604 Prusiae
623 1561 696 1602 ¹vero
723 1541 877 1604 levitatem
892 1541 986 1602 etiarn
1008 1553 1149 1623 expertus
1164 1553 1239 1604 erat.
1287 1539 1407 1602 Flami-

357 1629 420 1690 nini
443 1649 560 1709 quoque
595 1628 758 1690 advenbsm
783 1627 865 1690 velut
894 1627 1020 1698 fatalem
1049 1627 1105 1688 sibi
1135 1627 1307 1691 horruerat.
1352 1627 1405 1688 Ad

356 1716 461 1779 omnia
484 1707 616 1797 indique
632 1713 753 1790 infesta,
774 1726 810 1780 ut
829 1716 886 1776 iter
910 1735 1029 1796 semper
1052 1713 1174 1794 aliquod
1195 1725 1406 1797 praeparatum

356 1801 433 1884 fuge
457 1798 597 1878 haberet,
620 1803 646 1840 ⁹⁶
659 1811 777 1882 septum
792 1801 891 1862 exitus
906 1822 923 1862 e
938 1800 1030 1862 domo
1045 1800 1181 1876 ieceratt
1216 1813 1252 1862 et
1275 1805 1319 1862 eir
1343 1801 1407 1880 iis·

356 1888 503 1970 quosdam
518 1887 666 1965 occultos,
688 1908 727 1950 ne
742 1888 880 1950 custodia
894 1887 1074 1969 sopirentur.
1119 1886 1182 1949 Sed
1196 1908 1290 1968 grava
1304 1889 1404 1969 impe-

357 1976 434 2040 rium
460 1995 566 2056 regum
594 1973 669 2036 nihil
702 1974 937 2055 inexploratum,
967 1975 1049 2055 quod
1078 1974 1252 2055 investigari
1283 1974 1401 2050 volunt,

356 2063 460 2130 efficit.
476 2062 569 2124 totius
592 2061 752 2124 circuitum
779 2059 887 2124 domus
911 2061 956 2123 ita
970 2060 1115 2124 custodiis
1139 2061 1296 2144 complexi
1321 2075 1401 2134 urat,
1457 2090 1460 2098 c

357 2143 497 2212 ut'nemo
517 2148 589 2210 inde
610 2148 688 2210 elabi
713 2159 827 2230 possm.
871 2145 1037 2225 Hannibal,
1061 2159 1223 2230 postquam
1248 2160 1299 2212 est
1322 2169 1399 2210 nun-

356 2236 481 2312 ciatum,
506 2235 618 2299 milites
643 2235 742 2316 regios
768 2235 800 2298 in
815 2235 964 2300 vestibulo
979 2253 1055 2312 esse,
1080 2236 1209 2317 postico,
1236 2234 1322 2316 quod
1349 2235 1401 2298 de·

355 2323 436 2384 num
452 2322 584 2384 maxime
600 2333 690 2401 atque
710 2313 1021 2384 occultissimi'enitus
1036 2334 1113 2399 erat,
1134 2321 1239 2402 fugere
1262 2334 1401 2401 cauma,

355 2419 390 2470 ut
413 2408 444 2470 id
469 2429 588 2490 quoque
614 2409 741 2470 obcursu
767 2407 897 2470 militum
922 2407 1083 2490 obseptum
1107 2409 1212 2486 sensit,
1239 2420 1274 2472 et
1298 2411 1402 2472 omnia

356 2495 438 2556 circa
453 2493 556 2556 clausa
581 2495 726 2561 custodiis
753 2494 904 2578 dispositis
919 2515 995 2572 esse,
1021 2515 1170 2568 venenum
1188 2495 1285 2576 (quod
1302 2497 1400 2558 nrrrlto

357 2591 429 2643 ante
443 2591 641 2662 praeparatnm
658 2581 697 2644 ad
712 2580 788 2642 talos
811 2581 943 2644 habebat
959 2587 1057 2662 casus)
1076 2582 1226 2664 poposcit.
1249 2579 1400 2644 ‘Libere-

291 2679 294 2688 ·
356 2664 584 2746 ‘mus,’,inquit,
597 2667 755 2728 ‘diuturna
763 2689 836 2753 cqra
844 2668 990 2750 populum
1001 2667 1303 2750 Rornauum,quando
1310 2691 1396 2732 rnor-

355 2752 441 2816 ‘tem
457 2754 563 2816 ⁹⁷senis
579 2767 757 2834 exspectare
773 2754 898 2835 longum
913 2765 1046 2816 censent
1093 2753 1318 2836 Necmagoanr,
1334 2777 1394 2818 nec

355 2840 366 2871 ‘
378 2839 603 2903 memorabilem
609 2861 648 2902 ex
654 2841 947 2922 inermiproditoque
954 2840 1142 2904 Flamininus
1149 2842 1394 2906 notoriumieret.

355 2927 477 2990 ‘mores
493 2925 616 3006 quidem
635 2927 738 3010 populi
763 2927 893 2990 Romani
909 2939 1055 3008 quantum
1071 2930 1260 3004 mutaverint,
1279 2929 1330 2990 vel
1344 2929 1399 2992 hic

355 3015 365 3046 ‘
378 3014 441 3074 dies
451 3025 630 3094 argumento
639 3015 705 3076 erit.
725 3010 842 3075 Horum
853 3026 953 3095 patres
966 3013 1080 3097 Pyrrho
1089 3015 1164 3096 regi,
1176 3015 1256 3078 hosti
1266 3030 1402 3091 umato,

356 3100 542 3162 ‘exercitum
555 3100 583 3160 in
597 3098 687 3164 ltalia
696 3101 831 3176 habenti,
844 3113 878 3162 ut
890 3119 1033 3163 oveneno
1043 3113 1173 3179 caveret,
1185 3101 1401 3184 predixerunt.

355 3188 366 3220 ‘
379 3187 409 3250 hi
421 3186 554 3268 legatum
566 3187 765 3264 consularem,
777 3188 828 3268 qui
840 3199 946 3250 arrctor
957 3199 1037 3250 osset
1049 3187 1157 3250 Prusiae
1167 3209 1219 3270 par
1231 3189 1331 3252 scelus
1342 3211 1401 3253 oc-

355 3275 364 3306 ‘
377 3271 497 3334 uidendi
510 3273 647 3354 hospitis,
660 3272 825 3334 miserunt!
855 3272 1036 3336 Exsecratus
1049 3275 1157 3336 deinde
1171 3275 1204 3335 in
1219 3290 1314 3356 capnt
1329 3297 1401 3355 reg·

355 3379 486 3440 numque
501 3357 620 3438 Prusiae,
648 3373 680 3422 et
695 3359 860 3442 hospitales
879 3357 966 3424 ,Deos
982 3361 1101 3424 violatae
1126 3362 1165 3423 ab
1181 3382 1219 3422 eo
1246 3362 1317 3424 fidei
1334 3373 1399 3424 tee-

736 3489 853 3552 sfsperot:
870 3507 895 3540 er
904 3491 938 3540 hr'r
948 3491 1016 3540 Cres.

386 3579 463 3628 usia
479 3583 531 3642 quin
546 3597 561 3628 a
578 3577 714 3641 Flaminino]
742 3579 791 3627 Hic
806 3580 858 3629 Du·
892 3582 1057 3640 Macedonum,
1068 3599 1160 3638 ,nomeu
1170 3583 1404 3647 gentilceretilsirs-
1508 3581 1509 3586 ’

354 3646 426 3709 jstius
453 3647 544 3694 ednotm
581 3645 734 3704 Flamininum
767 3646 860 3708 privatae
892 3650 944 3705 tior,
978 3665 1103 3710 cognomen
1135 3645 1289 3708 Flamininus:

354 3709 448 3771 adrionis
466 3711 589 3775 cupiditate
607 3712 702 3766 accendi
720 3711 819 3774 potuisse
836 3713 860 3760 in
891 3714 978 3762 consuli
988 3718 1049 3764 ricto
1059 3715 1088 3762 sb
1101 3715 1212 3764 Annibale
1229 3719 1259 3766 sd
1274 3717 1405 3783 Trssprae.

354 3775 499 3834 Annibalem,
517 3775 585 3859 ¹cojpn
601 3791 668 3852 opera
688 3778 761 3861 rictps
778 3792 859 3826 cresus·
892 3793 947 3856 nuru
967 3780 1041 3832 lacurn
1059 3797 1144 3830 nomen
1160 3783 1248 3843 gentile
1266 3797 1327 3834 sset
1345 3783 1404 3832 Fu.

246 3873 249 3880 '
353 3841 859 3958 littttm‘sltm't1tttlltili
891 3859 1041 3958 milne
1058 3944 1066 3959 .
1086 3943 1093 3960 .
1111 3910 1229 3976 aram]
1251 3913 1407 3976 aniame

353 3972 484 4036 opinionem
511 3971 576 4022 illum
598 3971 736 4031 iqduxerunt
761 3972 858 4034 insignes
891 3975 997 4023 servilem
1008 3975 1073 4038 plane
1084 3975 1183 4026 indolem
1195 3979 1301 4028 describit
1314 3979 1406 4044 usim,

354 4037 497 4091 celeberrimi
532 4037 702 4098 Trsgoediarum
742 4039 858 4102 scripmris
889 4039 1065 4090 imorem,

353 4119 432 4152 uersus
443 4104 467 4152 in
479 4103 565 4152 Fabula
573 4118 624 4164 quae
642 4101 770 4152 inscribitur
784 4103 856 4152 Nico-
921 4103 943 4140 ⁹⁶
952 4105 1037 4168 Septem
1045 4106 1115 4156 ausu
1131 4141 1139 4154 ·
1158 4141 1165 4154 .
1184 4141 1192 4156 .
1204 4107 1309 4170 fuerat:
1330 4127 1359 4162 er
1370 4112 1407 4160 iis

262 4211 266 4220 ,
311 4163 313 4187 “
354 4169 447 4220 medes:
473 4167 664 4230 EtriFlosrisrius
678 4178 744 4216 aaut
763 4169 856 4230 locupi-
889 4172 999 4232 quosdam]
1035 4172 1073 4219 Sic
1099 4173 1174 4236 scripti
1196 4175 1351 4232 Gruuorisni.
1378 4189 1405 4228 et

355 4235 422 4288 ιαὶιιι,
439 4231 500 4280 Nous
515 4249 603 4282 aaaron
621 4234 655 4280 lui
670 4241 758 4280 truatur
774 4250 806 4282 un
823 4235 857 4282 loc
890 4245 967 4284 noster
982 4236 1043 4286 Vitt.
1059 4237 1136 4299 Vulgo
1152 4274 1159 4288 .
1176 4273 1183 4288 .
1200 4271 1207 4286 .
1214 4239 1319 4304 j'scerstr
1341 4251 1367 4292 ct
1379 4260 1406 4292 ss

354 4299 382 4344 dr
401 4295 539 4358 tropaea.
571 4297 659 4346 Verum
681 4297 718 4346 hic
740 4313 804 4346 error
822 4309 857 4348 est
888 4299 915 4346 iis
924 4302 1032 4360 quosdam.

353 4378 384 4412 ex
405 4361 552 4410 similitudine
573 4363 695 4412 nominum
722 4376 793 4422 ortus,
818 4364 857 4426 qui
921 4365 1051 4430 ahtana]
1066 4368 1252 4432 Tuncquintum
1263 4383 1291 4430 et
1304 4389 1405 4433 suspe-

353 4427 687 4491 tsmeuvitsril'rcilepotsret.
721 4425 784 4476 Huic
794 4433 857 4480 erum
888 4429 973 4479 simum
999 4447 1085 4480 sunum
1108 4437 1188 4495 sgehst
1212 4435 1322 4486 Annibal.
1344 4437 1404 4488 vra.

353 4493 429 4554 legato
444 4491 471 4539 sd
488 4489 598 4552 Prusian,
618 4493 698 4542 victori
715 4491 814 4560 Philippi
832 4506 857 4546 et
888 4509 955 4560 supra
965 4508 1013 4549 unt.
1024 4499 1051 4548 nl
1063 4509 1127 4555 xxx·
1138 4500 1177 4550 28.
