3110 5204
341 342 396 400 ifle
765 341 850 405 rm
868 346 969 406 LlVll

161 491 317 610 ἓξιῦὸἣ
338 495 482 579 ‘pidum
502 517 541 582 ne
564 498 647 580 quod
666 499 826 563 castellum
845 503 877 564 in
901 525 957 566 suo
978 504 1113 568 alienove
1136 523 1213 589 agro
1232 503 1393 572 conderet.

239 563 314 614 '¹²⁰⁸'
339 583 349 616 ‘
364 581 504 662 Obsides,
515 589 553 646 ea
562 585 727 665 itasutura,
740 588 827 650 daret
838 589 980 672 trulaque,
992 611 1068 673 (luas
1083 591 1259 676 imperatori
1272 593 1390 656 Roma·

339 670 405 732 ‘no
421 669 585 749 placuisset
594 694 603 750 ;
627 671 721 735 lilium
738 675 770 735 in
785 674 833 736 his
848 697 955 744 suurn:
980 689 1013 740 et
1027 680 1054 718 ¹⁸
1065 679 1182 742 talenta
1196 693 1323 743 centum
1340 701 1391 743 ar·

339 756 351 788 ‘
364 757 448 838 genti
466 757 496 818 in
512 760 663 840 presens,
679 772 711 821 et
725 763 947 844 quinquaginta
961 765 1078 828 talenta
1093 767 1124 828 in
1140 769 1275 850 singulos
1291 789 1391 830 annos

300 897 312 923 Ι.
339 842 350 875 ‘
364 863 417 925 per
430 863 526 905 annos
538 844 636 906 octo!

167 930 229 981 Non
286 946 327 1014 ,aa
382 927 531 991 xxxvl.
556 929 631 992 Haec
655 935 838 1018 conscripta,
870 939 978 1000 castris
1004 940 1129 1022 propius
1155 941 1261 1003 urbem
1286 942 1393 1019 motis,

257 1001 326 1053 '⁵¹4¹-
339 1012 587 1078 Lacedaemonem
613 1019 786 1082 mittuntur.
812 1043 869 1084 nec
893 1043 967 1088 sane
991 1025 1159 1108 quidquam
1185 1047 1290 1088 eanum
1316 1029 1393 1089 satia

163 996 218 1046 ⁵¹oe

339 1101 481 1185 placebat
505 1115 657 1188 tyranno:
691 1107 749 1168 nisi
773 1110 866 1188 quod,
889 1126 998 1192 praeter
1022 1132 1120 1194 apem,
1148 1113 1391 1176 reducendorum

338 1190 477 1252 exsulum
493 1191 609 1252 mentio
631 1193 715 1254 nulla
736 1193 819 1256 iacta
833 1207 908 1258 erat.
933 1200 1066 1261 maxime
1081 1211 1183 1261 autem
1200 1200 1337 1262 omnium
1351 1221 1392 1263 ea

332 1297 384 1343 rea
401 1276 598 1356 obfendcbat,
614 1279 697 1360 quod
711 1291 742 1341 et
756 1301 858 1360 nares,
880 1295 912 1346 et
927 1287 1087 1347 maritimae
1101 1287 1241 1348 civitates
1262 1287 1393 1350 ademta

318 1377 432 1432 mant.
478 1359 591 1427 Fuerat
608 1377 710 1428 autem
730 1368 758 1428 ei
779 1389 892 1450 magno
913 1370 1024 1434 fructui
1045 1393 1139 1450 mare,
1164 1393 1288 1434 omnem
1302 1393 1390 1436 oram

322 1456 347 1487 '³
361 1453 493 1518 Maleaee
518 1451 706 1540 praedatoriis
733 1455 858 1518 navibus
881 1458 1021 1520 infestam
1045 1459 1181 1521 habenti.
1192 1458 1390 1540 juventutem

319 1553 481 1623 ,jpraeterea
501 1542 669 1606 civitatium
695 1561 799 1604 earum
826 1543 865 1606 ad
890 1545 1134 1627 supplementum
1164 1545 1253 1628 longe
1278 1548 1393 1629 optimi

325 1629 452 1708 generis
464 1629 594 1692 militum
608 1631 750 1693 babebat.
774 1627 841 1692 Has
852 1631 1056 1712 conditiones,
1070 1653 1254 1714 quamquam
1270 1634 1338 1715 ipse
1354 1634 1387 1696 in

156 1725 307 1792 umacu-
329 1725 451 1777 secreto
476 1716 664 1781 volutaverat
691 1737 760 1780 cum
788 1717 905 1796 amicis,
927 1719 1019 1800 vulgo
1041 1733 1145 1782 tamen
1164 1739 1270 1781 omnes
1298 1719 1383 1783 fama

158 1793 312 1846 θώων
331 1800 480 1884 ferebant,
500 1808 526 1846 ²⁹
536 1805 632 1885 vanis,
654 1817 689 1868 ut
705 1807 743 1867 ad
760 1817 893 1867 ceteram
909 1805 1012 1884 iidem,
1024 1807 1067 1867 sic
1083 1806 1124 1866 ad
1139 1819 1257 1868 secreta
1272 1818 1382 1888 tegen-

331 1891 381 1975 da,
401 1893 566 1958 satellitum
588 1894 742 1975 regiorum
757 1892 897 1973 ingeniis.
942 1890 1013 1953 Non
1028 1904 1093 1956 tam
1114 1894 1217 1954 omnia
1239 1894 1381 1972 universi,

322 2003 422 2065 aquam
443 2003 491 2060 ea,
514 2001 579 2062 quae
606 1981 647 2042 ad
671 1999 822 2063 quemque
844 1979 1043 2062 pertinerent,
1066 1979 1177 2060 singuli
1201 1980 1380 2062 carpebant.

318 2071 381 2152 ‚qui
395 2069 534 2131 exsulum
548 2065 695 2148 'conjuges
710 2067 742 2126 in
758 2065 954 2128 matrimonio
969 2065 1132 2142 habebant,
1155 2077 1209 2127 aut
1233 2087 1273 2127 ex
1292 2067 1380 2128 bonis

320 2175 436 2220 veorum
452 2151 566 2236 aliquid
580 2153 790 2237 possederant,
802 2163 959 2234 tamquam
971 2153 1120 2229 amissuri,
1145 2173 1208 2213 rron
1220 2151 1376 2231 reddituri,

316 2242 577 2326 indignabantur.
595 2241 688 2301 seruis
703 2239 840 2315 liberatis
856 2259 875 2300 a
889 2250 1019 2322 tyranno
1035 2257 1096 2300 non
1112 2239 1199 2300 irrita
1213 2239 1305 2300 modo
1326 2238 1378 2299 iu-

321 2339 399 2391 tura
414 2329 547 2405 libertas,
571 2327 623 2388 sed
649 2325 747 2388 multo
762 2325 883 2404 foedior,
903 2345 994 2407 quam
1018 2325 1124 2386 irrisaet
1145 2335 1228 2402 ante,
1250 2327 1379 2387 servitus

330 2415 525 2478 redeuntibus
541 2415 572 2474 in
588 2413 732 2474 iratorum
749 2413 941 2473 dominorum
967 2421 1153 2493 potestatem
1177 2424 1248 2474 ante
1273 2411 1380 2474 oeulos

331 2500 557 2563 obversabatur.
573 2497 751 2560 mercenarii
774 2499 884 2560 milites
907 2510 939 2560 et
961 2499 1060 2580 pretia
1081 2497 1196 2560 militiae
1218 2517 1327 2561 casura
1351 2499 1383 2560 in

331 2605 409 2669 pace
422 2605 501 2667 aegre
515 2585 665 2662 ferebant,
688 2595 720 2646 et
735 2583 865 2646 reditum
881 2585 937 2646 sibi
957 2585 1074 2647 nullum
1096 2605 1161 2646 csse
1186 2585 1217 2646 in
1240 2585 1381 2648 civitates

331 2671 1373 2754 videbant,iniensasnontyrannismagis,quamsatellitibuseorum.

375 2755 540 2820 XXXVII.
565 2753 638 2818 Haec
651 2758 731 2819 inter
752 2777 784 2818 se
795 2758 894 2840 primo
906 2759 937 2820 in
952 2759 1071 2820 circulis
1087 2769 1216 2819 serentes
1230 2757 1379 2818 fremere:

318 2841 444 2905 sdeinde
459 2843 498 2906 ad
514 2863 599 2906 arma
610 2845 710 2906 subito
726 2843 940 2907 discurrerunt.
985 2844 1055 2915 Quo
1069 2845 1200 2907 tumultu
1212 2863 1303 2928 quum
1318 2863 1377 2926 per

325 2951 365 2992 -se
381 2930 454 2994 satis
467 2930 617 2992 irritatam
630 2931 859 2992 multitudinem
874 2942 1011 2992 cerneret
1025 2939 1184 3014 tyrannus,
1199 2930 1378 2992 concionem

300 3071 305 3078 .
325 3017 473 3080 aduocari
484 3016 586 3100 jussit.
600 3017 652 3078 nbi
675 3036 768 3099 quum
792 3037 839 3096 ea,
862 3038 927 3102 quae
942 3019 1163 3100 imperarentur
1181 3039 1200 3078 a
1221 3016 1379 3094 Romanis,

329 3103 531 3188 exposuisset,
553 3116 586 3165 et
611 3105 751 3186 grarima
774 3115 863 3188 atque
888 3105 1061 3186 indigniora
1077 3105 1214 3186 quaedam
1230 3103 1307 3164 falso
1322 3101 1385 3164 ad·'

330 3189 480 3269 finxisset,
492 3201 523 3254 et
534 3191 574 3254 ad
583 3189 713 3274 singula,
725 3211 805 3254 nunc
817 3192 855 3253 ab
867 3192 1024 3267 universis,
1036 3211 1117 3253 nunc
1127 3212 1146 3252 a
1158 3190 1294 3272 partibus
1304 3209 1381 3252 con·

331 3277 440 3356 aionis,
456 3281 483 3317 ³⁰
495 3277 728 3360 adcluurpreurr,
749 3277 957 3360 interrogavit,
973 3277 1077 3349 ‘Quid
1093 3299 1125 3340 se
1143 3275 1327 3360 respondere
1341 3277 1381 3337 ad

332 3383 379 3440 ea,
391 3381 444 3427 aut
465 3368 539 3448 quid
560 3367 660 3430 facere
675 3363 827 3428 vellentl'
851 3363 948 3448 Prope
963 3385 1025 3426 una
1038 3385 1111 3426 voce
1127 3383 1245 3440 omnes,
1268 3363 1279 3395 ‘
1294 3360 1380 3424 Nihil

154 3471 250 3524 §.mr
260 3489 287 3524 ce
332 3453 527 3534 respondere,
541 3453 655 3518 bellum
669 3450 754 3532 geri,’
773 3451 940 3534 jusserunt.
957 3463 989 3514 et
1009 3471 1064 3533 pro
1080 3471 1112 3512 se
1128 3450 1265 3531 quisque,
1281 3449 1383 3530 qualia

54 3543 57 3549 '
157 3538 297 3590 anuum.
331 3539 497 3600 multitudo
518 3540 605 3599 salet.
628 3539 740 3600 bunum
761 3540 897 3601 animum
913 3540 1034 3614 babere,
1056 3551 1090 3600 ct
1103 3537 1182 3598 bene
1196 3555 1318 3618 sperare
1327 3533 1382 3616 ju·

331 3625 451 3703 bentes,
466 3623 584 3686 ‘fortes
600 3623 752 3686 sommam
768 3625 932 3706 adjuvare,’
947 3625 1079 3687 aiebant.
1125 3622 1181 3686 His
1195 3622 1319 3685 vocibus
1333 3622 1384 3682 in·

328 3712 444 3776 citatus
459 3723 617 3795 tyrannus,
632 3723 664 3774 ct
677 3711 863 3776 Antiochum
879 3709 1061 3793 AEtolosque
1077 3709 1232 3792 adjuturos
1249 3728 1384 3791 pronun-

328 3799 417 3876 eiat;
441 3811 473 3860 et
487 3798 543 3860 sibi
566 3799 607 3860 ad
630 3797 821 3860 obsidionem
842 3799 1052 3861 sustinendam
1076 3798 1233 3879 copiarum
1257 3795 1385 3857 adfatim

330 3901 405 3948 esse.
450 3880 615 3948 Exciderat
639 3883 723 3968 pacis
739 3885 855 3948 mentio
871 3903 909 3948 ex
924 3885 1060 3947 omnium
1076 3884 1196 3960 animis,
1220 3893 1252 3944 et
1266 3883 1299 3942 in
1314 3891 1382 3942 ata-

330 3969 429 4036 tiunea
452 3993 518 4036 nou
541 3971 622 4034 ultra
644 3971 772 4053 quieturi
795 3969 978 4036 discurrunt.
1034 3969 1202 4032 Paucorum
1224 3967 1376 4030 lacessen-

263 4103 267 4120 .
330 4058 406 4121 tium
422 4059 563 4122 excursio
577 4071 612 4121 ct
624 4059 734 4120 emissa
746 4056 850 4140 jacula
866 4057 1021 4141 extemplo
1042 4056 1097 4118 etd
1121 4054 1269 4118 mmsis
1290 4053 1382 4117 dubi-

462 4204 475 4234 θ
489 4191 591 4248 α’ΜοΙαι
599 4201 676 4248 Gran·
687 4200 759 4249 erar.
870 4207 872 4214 '
1068 4200 1082 4236 ὓ
1095 4211 1117 4248 α
1126 4200 1174 4248 dal.
1186 4198 1251 4250 aaa.

360 4293 386 4330 ⁸
402 4293 493 4348 Talnae
513 4309 601 4350 matura
621 4295 721 4364 urgenti]
747 4299 838 4350 uacca·
869 4297 1024 4366 rumiagenia
1041 4313 1106 4346 rann
1123 4303 1150 4346 et
1168 4295 1239 4344 durae
1258 4290 1311 4342 ater
1328 4293 1386 4350 rint,

327 4371 443 4414 m
460 4365 536 4414 9³75·
558 4360 726 4428 usupugua
746 4366 838 4416 ulcero.
870 4364 1023 4416 etincetaria
1033 4366 1110 4422 mbae,
1128 4371 1153 4412 et
1171 4359 1290 4427 speciatim
1305 4359 1382 4408 etn-

327 4423 567 4478 muscatam
579 4439 677 4492 qmtuor
687 4429 767 4480 antiis.
836 4469 838 4478 .
871 4429 1043 4492 canategendr.
1372 4461 1379 4474 .

360 4491 416 4529 ὓ*
435 4489 457 4547 l'
485 4489 512 4558 ]
527 4489 610 4548 Quum
625 4491 836 4557 affingis·
901 4489 1371 4560 ”numerumnunerum
