3044 5194
363 357 407 446 ³⁸,
688 425 693 434 ,
782 359 868 427 rru
886 359 988 426 um

197 509 339 630 [bg-{⁰⁵}
364 532 491 611 comque
516 515 688 618 manipulos
710 517 789 619 ⁸levis
818 527 987 618 armatura,
1018 528 1162 620 aquatum
1191 520 1235 584 ire
1261 527 1293 582 et
1315 537 1409 622 prur-
1521 497 1522 510 ἶ

260 609 268 628 ’
328 611 336 628 ·
365 598 437 662 dere
456 601 566 682 jubet:
604 603 679 666 ahos
709 625 741 666 m
770 616 902 668 statione
932 617 1066 672 armatos
1096 619 1218 685 retinet,
1244 627 1408 691 oppencns

195 577 229 628 A.

365 707 475 770 agmen
502 689 641 772 peditum
670 693 786 755 tardius
824 692 949 757 ductum
987 705 1109 776 propter
1144 695 1328 773 gravitatem
1358 715 1407 756 ru-

364 794 494 838 morum.
538 776 626 848 Quod
643 779 695 840 ubi
715 779 847 856 advenit,
871 789 904 842 et
928 780 1000 862 ipsis
1021 780 1215 864 imperatum,
1234 791 1278 859 ut
1305 791 1406 846 sutu-

365 861 404 923 tis
424 863 517 945 signis
541 864 691 946 armisque
717 875 789 928 ante
814 886 847 928 se
862 865 981 948 positis,
996 868 1108 949 raptim
1130 867 1233 930 cibum
1250 879 1408 950 caperent,

363 949 443 1010 binis
459 950 587 1012 ternisve
601 971 752 1014 summum
773 973 811 1014 ex
832 953 994 1034 manipulis
1008 953 1139 1036 aquandi
1156 974 1262 1016 caussa
1285 954 1407 1017 missiae

359 1034 485 1098 interim
500 1057 592 1118 eques
612 1057 681 1100 cum
706 1038 763 1100 levi
790 1051 943 1102 armatura
965 1055 1086 1121 paratus
1102 1041 1329 1124 instructusque
1344 1051 1407 1106 ste·

361 1121 412 1200 tit,
432 1123 545 1205 siquid
561 1125 656 1186 hostis
672 1135 814 1188 moveret.
858 1123 968 1203 AEtoli‚
993 1125 1069 1208 (jam
1094 1127 1176 1188 enim
1199 1138 1241 1204 et,
1269 1148 1335 1208 qua
1353 1147 1408 1210 per

353 1227 451 1288 agros
467 1209 630 1274 multitudo
646 1232 751 1294 sparsa
765 1211 875 1290 fuerat,
894 1225 1051 1295 receperat
1067 1233 1099 1274 se
1114 1213 1146 1274 in
1162 1213 1275 1292 castra)
1301 1224 1338 1276 ut
1351 1213 1407 1276 de·

195 1298 340 1348 musae-
361 1291 473 1358 lensuri
498 1297 698 1375 munimenta,
723 1298 805 1365 circa
828 1309 931 1380 portas
952 1298 1124 1379 vallumque
1149 1311 1284 1362 armatos
1300 1299 1411 1382 dispo-

188 1377 341 1422 ’ΨΜ
360 1393 447 1458 nunt,
470 1382 542 1444 dum
566 1384 686 1464 quietos
710 1384 812 1445 hostes
838 1385 895 1466 ipsi
918 1384 1034 1446 feroces
1059 1405 1099 1448 ex
1122 1397 1190 1448 tuto
1213 1385 1407 1468 spectabant.

301 1539 308 1550 ,
360 1480 524 1553 postquam
547 1482 633 1533 mota
657 1471 744 1550 signa
770 1469 977 1532 Macedonum
1006 1465 1086 1549 sunt,
1116 1484 1149 1534 et
1178 1472 1343 1534 succedere
1365 1473 1407 1536 ad

361 1557 473 1622 vallum
495 1558 594 1638 parati
616 1568 706 1638 atque
725 1557 863 1618 instructi
879 1578 1010 1640 coepere,
1033 1578 1140 1620 omnes
1156 1571 1293 1640 repente,
1316 1559 1407 1622 relie-

358 1645 401 1706 tis
416 1643 610 1720 stationibus,
631 1663 685 1726 per
702 1663 838 1706 aversam
859 1655 976 1726 partem
1000 1654 1168 1706 castrorum
1186 1644 1228 1706 ad
1243 1645 1408 1723 tumidum,

357 1729 401 1790 ad
419 1741 521 1792 castra
541 1729 749 1792 Athamanum
771 1729 954 1812 perfugiunt.
979 1730 1066 1792 multi
1082 1732 1114 1792 in
1129 1732 1187 1792 hac
1203 1751 1325 1811 quoque
1339 1741 1406 1796 tam

361 1816 482 1898 trepida
504 1815 577 1899 fuga
597 1817 680 1898 capti
701 1817 829 1897 cassique
851 1827 923 1878 sunt
943 1813 1129 1880 AEtolorum.
1181 1815 1350 1898 Philippus,
1379 1816 1406 1880 si

348 1904 435 1966 -satis
461 1903 521 1965 diei
543 1914 721 1985 superesset,
743 1923 805 1964 non
829 1903 947 1979 dubius,
975 1903 1048 1986 quin
1071 1902 1261 1966 Athamanes
1286 1922 1405 1986 quoque

356 1989 430 2052 exui
454 1990 560 2050 castris
575 1990 757 2072 potuissent,
782 1988 832 2050 die
856 2010 909 2070 per
934 1989 1084 2071 proelium,
1108 1989 1219 2052 deinde
1234 2008 1288 2070 per
1303 1989 1407 2070 direp-

359 2076 476 2138 tionem
503 2086 669 2138 castrorum
695 2076 846 2154 absumo,
873 2077 929 2138 sub
951 2075 1068 2140 tumulo
1093 2074 1124 2136 in
1147 2076 1289 2158 proxima
1307 2075 1408 2156 plani-

361 2163 404 2224 tie
418 2162 570 2240 consedit,
585 2162 685 2244 prima
699 2162 767 2223 luce
782 2162 970 2242 insequentis
985 2162 1046 2224 diei
1063 2162 1185 2224 hostem
1201 2161 1409 2242 adgressurus.

193 2261 293 2322 rugium
305 2261 329 2308 n
362 2247 424 2312 Sed
438 2246 538 2310 AEtoli
560 2248 670 2310 eodem
691 2268 813 2330 pavore,
837 2269 897 2329 quo
912 2269 966 2310 sua
981 2259 1081 2310 castre
1103 2248 1296 2327 reliquerant,
1311 2257 1406 2310 nocte

196 2326 305 2376 AErolam
362 2337 502 2421 proxima
516 2335 642 2417 dispersi
668 2333 819 2415 fugerunt.
865 2332 1042 2396 ⁵¹Maximo
1069 2334 1137 2396 usui
1161 2333 1221 2396 fuit
1245 2333 1408 2414 Amynan·

184 2389 330 2506 ffiff'
363 2424 427 2500 der,
440 2444 500 2504 quo
515 2421 591 2488 duce
606 2420 806 2497 Athamanes,
829 2420 972 2484 itinerum
987 2421 1087 2504 periti,
1111 2421 1236 2482 summis
1251 2418 1409 2482 montibus

362 2514 456 2592 ⁵’per
478 2507 571 2570 calles
598 2507 720 2588 ignotos
747 2507 939 2586 sequentibus
962 2527 1014 2568 eos
1040 2507 1178 2568 hostibus
1201 2506 1232 2568 in
1255 2503 1408 2568 AEtolinnr
1514 2504 1518 2554 l

363 2595 580 2679 perduxerunt.
605 2613 668 2656 non
684 2591 729 2652 ita
749 2591 862 2653 multos
885 2593 916 2654 in
937 2593 1075 2674 dispersa
1101 2592 1175 2674 fuga
1197 2612 1278 2654 error
1302 2591 1410 2654 intulit

364 2684 396 2746 in
427 2679 635 2744 Macedonum
669 2678 798 2758 equites,
833 2698 908 2758 quos
943 2680 1010 2740 luce
1040 2679 1138 2762 prima
1169 2675 1337 2758 Philippus,
1374 2687 1412 2738 ut

362 2769 516 2832 desertum
546 2764 696 2828 tumulum
725 2763 813 2842 vidit,
847 2765 887 2827 ad
917 2765 1102 2848 carpendum
1133 2765 1264 2828 hostium
1294 2781 1410 2844 agmen

365 2855 459 2920 misit.

409 2939 524 3004 Xhlll.
551 2937 608 3002 Per
633 2961 686 3002 eos
709 2939 786 3015 dies,
817 2950 849 3000 et
874 2936 1087 3020 Athenagoras
1115 2938 1216 3020 regius
1239 2935 1412 3020 praelectus,

368 3029 529 3094 Dardanos
545 3028 725 3111 recipientes
741 3047 774 3089 se
788 3025 820 3086 in
835 3025 910 3088 fines
926 3025 1065 3108 adeptus,
1091 3035 1277 3107 postremum
1301 3041 1413 3104 Quaen

200 3129 319 3245 lla-:lemnii
370 3117 469 3199 primo
498 3115 643 3214 turbavit.
674 3115 755 3192 dein,
792 3123 955 3209 postquam
978 3111 1116 3260 Dardani
1141 3110 1293 3257 converzis
1317 3109 1411 3190 signis

270 3211 293 3244 m
320 3225 332 3236 ·
393 3205 400 3218 ’

371 3205 1416 3375 inhabitantium,”thetttthhth'th

372 3377 487 3440 nullum
503 3374 572 3437 talis
594 3373 698 3436 auxilii
723 3393 818 3454 genus
841 3371 988 3434 habentes
1012 3370 1186 3448 Dardanos,
1208 3379 1352 3432 oneratos
1367 3368 1416 3430 ina

371 3462 534 3526 mobilibus
557 3459 659 3536 armis,
680 3459 852 3520 vexabant:
875 3467 908 3518 et
928 3457 999 3520 loca
1022 3455 1088 3539 ipsa
1113 3455 1308 3538 adjuvabant.
1351 3453 1415 3518 Oc·

372 3548 427 3628 cisi
442 3546 586 3628 perpauci
601 3555 683 3624 sunt,
706 3545 807 3625 plures
827 3543 986 3622 vulnerati,
1010 3555 1115 3626 captus
1139 3563 1242 3620 nemo,
1265 3541 1340 3623 quia
1352 3559 1416 3604 non

324 3702 328 3712 ,
372 3633 527 3696 excedunt
541 3643 654 3694 umere
674 3630 831 3692 ordinibus
855 3629 926 3706 suis,
948 3630 1001 3691 sed
1028 3630 1189 3697 confertim
1213 3639 1245 3690 et
1265 3637 1416 3710 pugnant,

372 3730 407 3782 et
420 3719 545 3780 cedunt.
589 3715 638 3780 lta
663 3717 775 3780 damna
801 3714 942 3778 Romano
965 3727 1090 3798 accepta
1106 3716 1200 3793 bello,
1223 3715 1341 3776 duabus
1362 3734 1417 3798 per

374 3816 562 3888 opportunas
586 3802 797 3885 expeditiones
819 3800 960 3864 coercitis
974 3802 1127 3882 gentibus,
1149 3801 1323 3866 restituerat
1343 3797 1416 3862 Phi·

374 3893 484 3976 lippus,
504 3892 628 3972 incepto
652 3888 735 3967 forti,
761 3909 823 3950 non
844 3907 987 3970 pmspero
1012 3889 1111 3952 solum
1136 3899 1257 3950 eventu.
1300 3885 1419 3952 Minuit

373 3978 485 4040 deinde
514 3977 543 4038 ei
568 3975 648 4038 forte
678 3976 782 4038 oblata
806 3996 854 4036 res
884 3974 1017 4036 hostium
1046 3973 1220 4038 AEtolorum
1246 3991 1418 4037 numerum.

376 4063 492 4148 Scopas
507 4063 648 4146 princeps
662 4063 774 4144 gentis,
800 4061 838 4122 ab
862 4059 1047 4124 Alexandria
1067 4081 1266 4146 magnacum
1281 4059 1418 4144 pondere

381 4275 386 4284 ·
411 4247 432 4282 ⁵¹
449 4245 674 4313 Mndwmisuit]
689 4245 764 4309 Vulgo
779 4250 883 4298 marine.
913 4247 1298 4315 equiutut....mcrimoumisait.

378 4311 423 4361 Sed
436 4311 529 4361 'l‘huan
548 4316 627 4363 coda
647 4313 698 4362 lac.
714 4311 830 4361 Grcnorio
847 4313 882 4362 iu.
947 4314 969 4348 Η
985 4314 1030 4362 Per
1044 4317 1109 4364 calles
1143 4317 1197 4364 Hoc
1217 4315 1303 4378 recepit
1320 4312 1345 4360 in
1364 4323 1419 4360 cot·

377 4373 478 4442 spectus
498 4389 522 4424 et
541 4391 619 4428 nomer
639 4378 732 4427 Matar.
754 4379 776 4425 id
798 4377 882 4428 babent
915 4389 1004 4428 tentum
1017 4379 1146 4430 Gronovius
1156 4395 1197 4445 pro
1212 4395 1253 4442 pn
1267 4379 1339 4434 wll&
1353 4375 1420 4424 '5²⁰⁸

376 4443 438 4504 quod
457 4442 574 4492 edidimus.
606 4443 697 4500 Eodem
715 4455 794 4493 tamen
815 4445 883 4498 ruodo
915 4447 1051 4494 actuoritate
1069 4447 1149 4510 primae
1177 4446 1282 4496 omniurn
1303 4442 1420 4496 edicunt.

376 4506 501 4567 Liriml.
523 4517 590 4556 ιιιι.
613 4523 635 4557 ο.
655 4511 694 4558 59.
736 4509 885 4559 lhmlomn
916 4509 1191 4560 termenandum
