3026 5164
410 355 488 417 LlB.
508 351 655 418 XXXlX.
675 353 757 418 csP.
776 349 854 418 mv.
1080 356 1139 414 449

97 527 164 570 mos
178 529 199 570 s
212 506 384 593 suspicione
399 511 507 576 tsiium
521 511 715 576 consiliorum
729 521 823 588 retus,
843 503 977 572 medinm
992 504 1023 568 in
1036 501 1138 568 Thre-
1151 543 1185 594 U·
1198 543 1227 594 ο,
1237 549 1294 598 tos.

96 594 176 658 ciam
187 597 354 661 exercitum
365 599 396 662 in
408 599 553 684 Odrysas,
561 595 866 674 et¹⁰Dentheletos⁶,
878 597 911 658 et
921 592 1032 656 Bessos
1043 594 1139 656 duxit
1151 613 1181 663 n.
1192 605 1222 662 c.
1235 614 1289 664 iss.

96 680 320 767 Philippopolin
346 687 463 764 urbem,
486 687 559 769 iuge
586 686 735 748 desertum
766 683 1000 766 oppidanorum,
1030 680 1082 763 qui
1107 681 1139 742 in

96 769 237 852 proxime
250 773 400 836 montium
421 772 498 855 juga
513 793 583 836 cum
598 773 721 834 familiis
744 781 923 853 receperant
937 789 1013 846 sese,
1038 768 1137 850 cepit:

96 869 339 940 campestresque
354 859 508 939 bsrbsros,
531 860 730 943 depopulatus
755 878 844 940 agros
866 875 982 934 eorum,
1007 855 1039 916 in
1054 855 1139 918 dedi·

96 941 211 1004 tionem
228 945 357 1028 accepit
373 946 479 1008 relicto
494 946 566 1008 inde
585 946 626 1008 sd
644 944 871 1028 Philippopolin
886 943 1034 1026 presidio,
1057 941 1140 1024 quod
1158 995 1163 1002 .

96 1027 181 1092 heud
195 1031 293 1094 multo
308 1043 379 1115 post
392 1034 431 1094 eb
443 1032 569 1118 Odrysis
585 1033 742 1116 expulsum
762 1042 820 1110 est,
843 1030 991 1113 oppidum
1009 1030 1041 1090 in
1056 1025 1140 1092 Deu-

98 1115 185 1198 riopo
200 1118 331 1180 condere
345 1119 485 1184 instituit.
528 1117 653 1182 Pseonioe
667 1141 704 1181 ea
717 1118 802 1200 regio
816 1129 864 1178 est
871 1137 966 1200 prope
975 1115 1141 1197 Erigonum

99 1201 220 1264 fluvium
229 1226 239 1282 ς
263 1205 326 1286 qui,
348 1227 387 1268 ex
403 1204 522 1290 lllyrico
537 1227 591 1290 per
604 1205 754 1268 Pseonism
778 1204 883 1281 fluens,
902 1203 934 1264 in
948 1203 1060 1266 Artium
1075 1223 1141 1264 nm·

96 1309 169 1352 nem
184 1289 292 1354 editur.
335 1290 429 1354 Haud
442 1292 547 1375 procul
563 1291 679 1371 Stobis,
692 1301 793 1352 vetere
807 1291 891 1368 urbe,
911 1309 1021 1352 novem
1036 1289 1141 1352 urbem

98 1373 259 1457 Perseide,
274 1389 310 1440 ut
320 1379 345 1441 is
356 1378 420 1442 filio
436 1378 545 1462 majori
560 1380 722 1442 haberetur
733 1378 843 1468 honos,
859 1376 1004 1460 adpellari
1015 1374 1120 1458 jussit.

140 1459 223 1525 tlv.
247 1461 331 1526 Dum
346 1465 411 1528 luec
434 1465 465 1528 in
480 1463 666 1528 Macedonis
688 1475 843 1545 geruntur,
866 1463 1005 1524 consules
1025 1463 1056 1524 in
1070 1483 1142 1545 pro-

96 1547 212 1612 vincius
227 1550 367 1634 proiecti.
411 1550 575 1614 Marcellus
590 1552 734 1615 nuncium
748 1549 891 1633 premisit
905 1549 946 1611 sd
958 1546 994 1611 ll.
1004 1547 1144 1610 Porcium

97 1637 323 1718 proconsulem,
346 1649 381 1702 ut
400 1638 441 1700 sd
465 1659 575 1701 novum
598 1635 755 1700 Gallorum
776 1636 922 1720 oppidum
937 1635 1073 1717 legiones
1089 1634 1144 1697 nd·

94 1735 247 1800 moveret.
289 1724 472 1788 Advenienti
492 1725 609 1788 consuli
621 1722 702 1787 Gelli
722 1744 787 1786 sese
813 1722 1006 1786 dediderunt.
1028 1722 1145 1786 duode·
1159 1747 1187 1798 1,
1195 1747 1293 1798 vm

99 1811 163 1872 cim
178 1811 281 1874 millis.
293 1824 479 1876 srmstorum
502 1823 599 1876 erunt.
623 1812 758 1896 plerique
784 1831 867 1872 etms
893 1831 932 1872 ex
956 1810 1035 1892 egris
1060 1821 1147 1892 rupto
1159 1813 1220 1884 Gup
1233 1831 1258 1862 ι·
1268 1817 1310 1864 d·-

98 1897 266 1961 hebebsnt.
288 1919 327 1962 es
345 1920 424 1981 tegre
438 1899 623 1982 potientibus
647 1898 684 1960 iis
709 1899 841 1977 ademta,
864 1917 988 1979 quaeque
1014 1897 1074 1960 ulis
1094 1881 1282 1997 sutffi‘m‘

97 1984 807 2156 ttt¹²tt⁸qttttttss¹ttitbtttt
835 1983 1017 2134 tdnt‘·
1040 1984 1147 2134 liti

99 2156 187 2218 ducti
211 2159 243 2220 in
270 2173 408 2224 senatum
434 2182 454 2222 s
477 2158 513 2222 C.
528 2157 650 2224 Valerio
677 2171 802 2243 praetore
828 2169 1042 2247 exposuenrnt,
1069 2155 1149 2238 ‘Se,

98 2243 110 2276 ‘
124 2257 292 2327 superante
307 2245 339 2308 iu
353 2244 453 2310 Gellio
466 2247 673 2325 multitudine,
687 2247 792 2329 inopie
806 2255 928 2308 coecms
940 2247 1005 2329 egri
1017 2257 1049 2309 et
1061 2266 1147 2328 eges·=
1224 2297 1227 2304 .

98 2330 109 2364 ‘
125 2341 202 2410 tete,
223 2332 260 2396 ed
276 2334 465 2416 quaerendem
489 2334 591 2398 sedem
606 2334 700 2416 Alpes
716 2345 929 2416 transgressos.
955 2353 1020 2415 quse
1035 2332 1149 2396 inculte

100 2417 184 2538 :per
198 2419 377 2519 solitudines
401 2420 547 2522 viderent,
570 2421 611 2482 ibi
636 2421 700 2521 sine
724 2421 813 2482 ullius
833 2419 1148 2521 injuriscpnsedisse.

101 2503 288 2676 diligi}
304 2506 1149 2676 tttttdtlttt“ttttntz'ltlllttt‘:

101 2677 113 2710 ‘
130 2677 293 2743 Claudium
306 2681 347 2742 sd
361 2701 394 2744 se
408 2681 553 2744 nuncium
568 2681 695 2760 misisse,
714 2681 827 2742 bellum
841 2702 874 2742 se
889 2701 958 2742 cum
972 2680 1019 2758 iis,
1042 2680 1073 2740 ni
1095 2679 1149 2743 de·

102 2765 114 2797 ‘
130 2763 288 2846 detentur,
302 2779 466 2849 gestumm.
510 2767 561 2847 Se,
575 2780 703 2845 certem,
717 2768 775 2830 etsi
788 2770 811 2806 ¹¹
822 2788 884 2830 non
900 2767 1079 2850 speciosam,
1094 2787 1149 2850 pu·

101 2849 211 2931 ‘cem,
234 2870 324 2936 quem
340 2855 457 2918 incerte
476 2855 558 2934 belli,
585 2865 797 2938 praeoptantes,
823 2853 1005 2916 ”dedidisse
1021 2854 1150 2936 seprius

102 2938 113 2972 ‘
128 2939 163 3000 in
178 2937 282 3018 iidem,
297 2961 387 3024 quem
401 2943 431 3004 in
445 2953 643 3026 potestatem,
654 2941 759 3026 populi
772 2941 913 3002 Romani.
949 2938 1022 3002 Post
1034 2959 1150 3021 paucos

101 3025 113 3058 ‘
130 3025 211 3106 dies,
221 3025 322 3109 jussos
336 3039 368 3090 et
381 3049 455 3111 egro
472 3041 503 3092 et
518 3029 592 3092 urbe
607 3029 764 3105 decedere,
779 3047 844 3088 sese
856 3027 966 3110 tacitos
983 3025 1075 3104 abire,
1090 3021 1150 3106 qu'o
1278 3085 1283 3094 ,

101 3112 282 3176 ‘terrenum
296 3127 431 3198 possent,
455 3116 606 3179 inanimo
626 3115 778 3178 habuisse.
794 3134 878 3176 etms
898 3111 1008 3176 deinde
1029 3113 1096 3190 sibi,
1118 3123 1151 3174 et

101 3199 286 3282 ‘postremo
313 3202 417 3264 omnic
441 3203 511 3282 elie,
542 3224 606 3285 quse
636 3202 750 3263 ferrent
773 3209 987 3282 agerentque‘,
1017 3197 1151 3262 sdemte

101 3283 227 3350 ‘Orare
242 3309 274 3350 se
289 3301 429 3352 senstum
441 3289 645 3373 populumque
661 3287 843 3364 Romanum,
865 3307 903 3348 ne
918 3287 950 3348 in
965 3305 997 3347 se
1012 3285 1151 3348 innoxios

18 3429 25 3442 ,
100 3371 254 3436 ‘deditos
269 3376 416 3454 acerbius,
432 3397 525 3458 qumn
540 3377 572 3438 in
588 3376 702 3454 hostes,
724 3371 879 3437 saevirent'
924 3371 1005 3434 Huic
1021 3371 1150 3434 orationi

100 3471 230 3524 senatuis
242 3461 286 3524 ite
294 3463 469 3546 responderi
480 3461 588 3546 jussit:
606 3460 736 3543 ‘Neque
746 3462 815 3523 illos
827 3469 910 3523 recte
926 3459 1049 3521 lecisse‘
1059 3479 1151 3541 quum

101 3547 166 3695 :pp
192 3545 312 3649 ltaliam
326 3551 492 3650 venerintss,
519 3549 724 3651 oppidumque
749 3547 780 3648 ip
809 3549 907 3610 alieno
932 3567 1016 3629 agro,
1041 3545 1152 3646 nuliius

100 3649 487 3787 ‹stlttslttti‘tlt
503 3641 1151 3809 ittttttlttttssttnttntt:

121 3867 471 3986 aflqzbkmsironssrer.
548 3873 762 3940 ‘ncommod
843 3867 942 3938 ‘gmina
953 3869 1014 3920 End.
1095 3877 1154 3918 ssu·

98 3953 127 3986 su
248 3971 255 3988 .

140 4069 166 4103 ¹⁰
180 4067 331 4133 Dentheletos]
358 4070 395 4121 Sic
417 4071 462 4134 legi
486 4072 555 4135 lussit
577 4071 611 4122 st.
644 4073 670 4121 io
693 4077 815 4135 osteum
835 4067 911 4132 populi
931 4063 1037 4130 mons]
1059 4065 1095 4118 ua
1115 4080 1153 4116 se·
1268 4085 1271 4093 ι

101 4135 198 4196 genitu·
209 4151 237 4184 ex
257 4137 369 4185 Strabone
387 4150 411 4186 et
426 4139 508 4186 cereris
527 4137 616 4190 Groecie
647 4154 672 4186 rs
683 4138 804 4194 dedidisse,
821 4145 846 4182 ut
861 4135 937 4198 potius
952 4133 1004 4180 fidei
1023 4148 1047 4181 rs
1066 4133 1152 4181 Rome·

100 4201 262 4264 scriptoribus.
295 4201 360 4251 Olim
378 4203 431 4252 libri
445 4203 489 4252 boc
507 4203 559 4252 into
573 4204 615 4252 bs·
647 4218 729 4252 norum
751 4201 933 4256 committerent,
956 4215 1025 4262 quum
1046 4197 1156 4262 portenti

100 4265 356 4318 bebtntDsntlttletnt·
649 4270 804 4330 subjicerent:
832 4281 859 4313 sc
881 4265 976 4329 proinde
998 4265 1089 4312 tractus·
1112 4265 1154 4312 de·-

140 4329 164 4363 ¹¹
177 4329 253 4379 'Non
261 4335 385 4402 pecuum]
396 4333 481 4382 Porum
489 4334 617 4382 ltcnesttrn.
648 4336 723 4384 buisse
742 4343 769 4380 ut
790 4330 901 4395 supplices
919 4330 957 4393 qui
979 4329 1047 4378 fidem
1063 4329 1156 4378 habuis-

101 4395 186 4510 {epm
196 4407 264 4445 xrs.
274 4399 315 4446 30.
334 4397 384 4448 Titi
398 4402 471 4462 snspu
485 4417 513 4450 oe
528 4401 619 4462 posim
649 4412 701 4450 sent
715 4397 836 4458 nummu,
851 4410 899 4450 non
916 4406 943 4448 ut
961 4408 1046 4458 servos,
1060 4395 1084 4448 in
1100 4410 1159 4462 quot

142 4523 167 4560 ¹⁹
184 4523 621 4597 'Dfflt'tttttpritttinfidm,quun
