3068 5186
369 345 471 430 'ota
484 363 660 430 xtrxvnr.
679 367 763 440 cnr.
787 365 869 426 xit.
1098 373 1158 428 so

111 524 162 588 cni
187 525 301 588 lecerat
326 543 438 588 nomen
467 521 570 603 Indus,
602 525 641 586 ab
668 524 850 607 elephanto¹
877 521 1021 604 dejectus.
1065 493 1159 584 Haud
1172 483 1310 585 tithei.

113 612 221 695 procul
236 634 255 673 a
270 611 383 710 Cibyra
397 613 542 674 aberant:
569 631 626 673 nec
641 611 756 692 legatio
771 601 833 672 ulla
849 629 867 670 a
881 607 1039 692 Moagete,
1048 619 1158 694 tyran·
1171 599 1241 649 ‘hc-
1254 598 1310 650 ¹⁸⁹·
1327 623 1330 628 ·

112 718 157 760 no
180 699 312 761 civitatis
337 718 411 779 ejus,
433 698 557 759 homine
581 697 621 758 ad
645 697 749 758 omnia
771 696 865 758 infido
880 707 970 777 atque
986 697 1158 779 inportuno,
1172 665 1293 794 &23:¹ss

112 783 265 847 veniebat.
308 783 358 846 Ad
383 785 564 846 tentandum
588 782 653 866 ejus
679 785 815 844 animum
842 781 877 844 C.
907 781 1060 860 Heluium,
1090 803 1159 845 curn
1173 795 1307 844 metebant-

114 881 245 953 quutuor
258 870 390 932 millibus
404 870 543 952 peditum
558 879 591 930 et
606 870 778 952 quingentis
793 869 955 950 equitibus,
967 870 1072 931 consul
1085 891 1160 953 prae-
1172 873 1210 909 ¹¹¹⁸
1220 877 1233 937 ἓ
1244 860 1294 908 R0·

114 959 223 1021 tnittit.
268 955 349 1018 Huic
365 957 491 1038 agmini,
511 955 577 1038 jorn
592 955 668 1017 lines
684 956 877 1037 ingredienti,
901 955 993 1037 legati
1018 957 1161 1018 obcurre·
1174 941 1254 978 Μ

115 1055 196 1122 runt,
222 1045 414 1121 nunciantes,
438 1055 578 1125 paratum
604 1063 669 1104 esse
695 1054 856 1124 tyrannum
881 1043 1030 1125 imperata
1053 1042 1162 1105 lacere.

116 1133 256 1208 orabant,
278 1142 313 1192 ut
338 1139 463 1212 pacatus
486 1129 562 1191 fines
585 1128 686 1204 iniret,
701 1129 917 1210 cohiberetque
933 1129 1163 1212 apopulatione

115 1219 181 1300 agri
196 1217 336 1281 militem.
361 1220 456 1277 ”ct⁸
475 1236 620 1278 coronam
645 1235 767 1276 aureum
792 1215 965 1295 quindecim
985 1215 1164 1278 taientnmb

26 1344 35 1355 ,
81 1317 87 1323 ·
118 1305 308 1369 adferebant.
331 1301 467 1381 Helvius,
479 1303 612 1384 integros
627 1323 646 1363 a
660 1301 859 1384 populatione
874 1321 962 1382 agros
978 1313 1164 1366 servaturum
1254 1383 1256 1386 Ι
1359 1377 1360 1380 ¹

116 1390 283 1474 pollicitus,
306 1390 349 1452 ire
370 1389 578 1450 adconsulem
594 1388 710 1470 legatos
720 1387 822 1469 jussit.
839 1387 945 1467 quibus
961 1389 1069 1449 eadem
1085 1389 1165 1450 rele-

116 1479 266 1556 rentibus,
281 1476 397 1554 consul,
421 1475 549 1558 ‘Neque
565 1471 717 1550 Romani,'
740 1473 849 1554 inquit,
871 1473 983 1535 ‘bonae
998 1475 1164 1537 voluntatis

116 1563 241 1624 ‘ullum
268 1563 387 1644 signum
411 1582 484 1643 erga
507 1582 562 1623 nos
584 1560 703 1644 tyranni
720 1559 885 1620 habemus:
908 1571 940 1620 et
955 1560 1052 1642 ipsum
1068 1561 1162 1622 talem

118 1649 213 1711 ‘esse
229 1650 307 1710 inter
323 1667 429 1710 ornnes
444 1659 575 1724 constat,
598 1659 632 1708 ut
647 1645 685 1708 de
701 1665 792 1728 prena
806 1644 870 1728 ejus
886 1647 994 1727 magis,
1016 1667 1108 1727 quarn
1125 1647 1164 1708 de

119 1735 131 1768 ‘
147 1736 293 1812 amicitia,
308 1735 394 1796 nobis
410 1733 606 1816 cogitandum
622 1731 682 1794 sit!
727 1732 893 1794 l‘etturbati
909 1733 968 1794 hsn
982 1754 1056 1794 voce
1071 1734 1163 1814 legati

72 1881 77 1890 ,
118 1823 197 1884 nihil
213 1821 294 1883 uliud
309 1833 422 1904 petere,
444 1840 536 1901 quum
561 1833 596 1882 ut
610 1839 753 1881 coronam
770 1820 940 1901 acciperet3
962 1820 1175 1901 veniendique⁴

119 1909 162 1970 ad
176 1929 244 1971 euin
260 1919 443 1991 potestatem
459 1917 599 1990 tyranno,
621 1901 653 1968 el
668 1906 788 1989 copiam
806 1905 947 1987 loquendi
964 1926 999 1966 ac
1015 1907 1164 1988 purgandi

119 2015 166 2073 se,
182 1995 305 2056 faceret.
348 1993 498 2056 Permisau
514 1992 645 2055 consulis
659 2005 782 2074 postero
798 1991 848 2052 die
862 1993 894 2052 in
909 2003 1009 2054 caetra
1020 2003 1165 2076 tyrannus

119 2082 204 2145 uenit
212 2105 223 2161 3
246 2081 371 2143 vestitus
386 2081 610 2163 comitatusque
623 2079 730 2141 vixad
746 2079 853 2160 privati
870 2078 990 2140 modice
1005 2079 1165 2161 locupletis

132 2211 492 2294 'zaqnnsoronoea
622 2230 809 2280 mustea
921 2226 1100 2278 tenu-ned.

155 2360 179 2394 ⁵⁰
196 2359 225 2407 Ee
242 2363 267 2408 in
282 2375 382 2409 coronam
401 2375 490 2408 otmunt
509 2361 630 2422 quindecim
663 2361 719 2424 apud
732 2359 838 2407 eumdem
850 2357 1050 2414 Suidnm,inroce
1061 2359 1169 2417 Στακτὴ,

120 2424 219 2490 talenta]
231 2425 347 2488 Polybius,
360 2424 487 2486 lagendd.
499 2427 560 2474 benc
569 2441 630 2474 earu·
661 2427 732 2474 refert
740 2425 881 2474 Antiochum
890 2431 903 2470 ι’
912 2423 1168 2474 Gerrlnsiscoronstum

118 2491 176 2538 dem
194 2506 244 2538 rem
255 2491 297 2549 ,alc
312 2491 428 2554 exprimit,
445 2490 566 2550 στέφανον
585 2487 632 2538 deb
663 2506 712 2538 esse
734 2489 863 2553 quingentis
882 2490 968 2549 argenti
989 2489 1090 2547 telensis,
1105 2492 1168 2540 mille

119 2554 298 2602 πεντεκαίδεκα
320 2553 455 2613 ταλάντων,
479 2571 577 2601 wionem
606 2572 632 2602 es·
664 2557 746 2612 thuris,
761 2557 867 2603 ducentis
882 2567 983 2602 stactes:
1006 2557 1189 2604 animantes«.

120 2619 247 2680 quindecim
258 2620 351 2666 talentis.
382 2618 439 2664 Fieri
450 2630 527 2665 remen
539 2620 632 2667 omnino
664 2631 763 2682 tulmest
776 2621 1065 2682 exthurectstncte,quae
1074 2622 1169 2670 minime

124 2695 266 2746 nonporest,
277 2683 346 2730 ursel
353 2683 476 2739 Liviucvcl
485 2684 553 2731 etiarn
562 2685 632 2748 Poly·
664 2687 687 2732 in
699 2699 792 2734 corones
810 2685 911 2748 impendi
926 2687 1028 2747 pinsum,
1044 2697 1169 2736 namuurum
1184 2710 1188 2718 ¹

123 2747 187 2806 blus,
200 2747 357 2796 intellexerint
365 2749 631 2810 coronamcquindccinr
664 2752 720 2798 nihil
742 2753 802 2800 aliud
825 2767 885 2807 esse,
902 2765 969 2812 quem
986 2767 1066 2798 ecronae
1084 2755 1171 2800 nominc

122 2812 217 2860 talentis
227 2814 300 2876 pondo
310 2813 368 2869 enti,
386 2811 407 2858 id
426 2825 471 2870 est,
487 2815 569 2862 marcis
581 2815 631 2862 curi
663 2817 775 2866 deitatum.
814 2815 869 2862 Non
887 2827 964 2863 tsmcn
983 2831 1091 2877 negnmus
1107 2834 1170 2866 verns

125 2878 264 2926 nostratibus
284 2879 352 2926 1406.
369 2873 442 2925 unciis¹
459 2879 483 2926 2.
502 2881 561 2940 quod
572 2893 631 2929 esser
664 2897 753 2944 qnoque
772 2896 865 2928 coronas
884 2881 947 2928 datas
963 2897 1011 2929 esse
1024 2881 1055 2928 irn
1087 2884 1169 2930 tatori-

123 2943 227 2992 irnnrene
244 2955 268 2990 et
284 2944 385 3006 pretium
404 2954 428 2989 et
448 2945 543 3007 pondus.
579 2945 632 2994 Nec
664 2947 706 2994 bus
720 2945 974 3009 Romanissprovinciis
982 2957 1005 2993 et
1014 2949 1061 3007 regi
1077 2963 1169 3010 unques
1248 2971 1252 2982 ·

126 3009 219 3056 videtur
240 3023 329 3070 quoqne
351 3007 446 3068 intelligi
467 3025 531 3072 posse
550 3024 633 3060 corona
664 3012 688 3059 in
700 3013 817 3074 triumpho
826 3011 950 3071 ferrentur,
966 3022 992 3059 ut
1002 3013 1082 3074 pereira
1094 3014 1117 3059 in
1128 3014 1171 3060 ds.

73 3088 76 3096 ·
126 3089 205 3130 suren,
223 3089 273 3135 quae
292 3073 368 3138 pretio
386 3085 486 3134 aequaret
504 3075 634 3137 quindecim
664 3077 822 3140 scriptionibus
848 3075 1013 3140 triumphorum
1038 3075 1107 3140 hujus
1127 3078 1170 3124 asti

127 3139 635 3202 ergenrirelentr,neponduscoronoe,licct
665 3153 777 3189 nrernornt
803 3141 890 3188 Livius.
938 3141 1051 3188 Novimus
1080 3155 1169 3204 quoqne

124 3206 175 3264 ysne
186 3204 439 3264 multominus,tsrnen
450 3205 633 3267 sicquoqusre·
665 3213 818 3256 memorsium
836 3206 949 3262 iuvenali,
968 3207 1016 3254 Set.
1039 3221 1066 3256 x.
1087 3223 1109 3255 v.
1127 3209 1169 3256 40.

126 3269 322 3317 sisimilitudinsm
330 3285 422 3316 omnent
432 3272 534 3318 excedet.
553 3269 633 3318 Ouum
665 3289 746 3320 coronet
757 3281 843 3318 tanturn
853 3272 932 3330 othon,
950 3280 1030 3331 perante
1040 3273 1111 3320 critic
1126 3287 1172 3320 uon

127 3335 192 3381 enim
210 3347 273 3390 tunc,
290 3333 502 3381 ut'observuvirnus
520 3336 546 3382 ad
562 3353 582 3384 c.
597 3337 633 3384 ll.
666 3335 815 3398 nfflritulla:
832 3351 877 3398 quo
888 3337 974 3384 referre
985 3337 1040 3384 licet
1053 3335 1171 3384 Donaticus

127 3415 206 3464 supra,
222 3398 337 3463 proportio
353 3399 403 3446 turi
420 3399 447 3446 ed
464 3413 581 3460 argentum
593 3401 634 3446 de·
667 3403 725 3464 apud
737 3403 832 3449 Festum
844 3416 938 3458 curarint,
949 3415 999 3463 qun
1010 3412 1119 3458 ernnr,ut
1132 3401 1171 3448 ille

128 3464 197 3529 cupis
208 3457 275 3521 cadet,
286 3465 417 3527 quindecim
434 3468 524 3525 argenti
541 3467 636 3523 talento,
666 3467 844 3529 inquinemur
851 3467 937 3513 modun
947 3475 1048 3528 optarius
1058 3467 1170 3528 capitibus.

127 3531 176 3578 sire
190 3532 258 3579 ltuu.
269 3546 361 3589 rnarcae,
373 3529 483 3591 neglectis
494 3533 520 3578 iis
531 3549 583 3595 qun
593 3548 634 3580 er·
669 3533 736 3582 Unde
746 3545 769 3582 et
780 3547 861 3580 corona
870 3532 1019 3595 triumphanti
1027 3533 1172 3580 sintinebotur·

128 3607 233 3651 currunt,
242 3608 332 3657 aequant
345 3611 430 3642 marcas
441 3597 490 3642 euri
500 3597 552 3645 140.
566 3597 633 3645 Unde
665 3617 679 3646 a
697 3608 764 3662 tergo,
781 3609 841 3644 teste
860 3595 943 3656 Plinio,
961 3596 978 3643 l.
996 3609 1092 3644 xxxin.
1111 3614 1132 3645 c.
1149 3598 1171 3643 l.

130 3659 221 3708 etiamsi
231 3653 363 3708 detrahetur
374 3663 454 3709 tnenlls
464 3662 576 3726 pretium,
594 3677 632 3710 co·
665 3665 768 3710 menibus
775 3663 833 3710 servi
841 3662 932 3724 publici,
937 3673 963 3710 nt
972 3664 1037 3710 docet
1046 3661 1061 3709 J
1064 3661 1171 3708 uvenilis.

130 3741 189 3774 rone
200 3725 237 3773 illc
249 3725 314 3787 longe
324 3737 441 3788 superaret
451 3739 528 3774 tomen
541 3737 634 3776 centurn
666 3730 710 3776 Sed
722 3729 775 3776 hinc
786 3730 943 3776 tantummodo
953 3728 1062 3790 sequitur,
1072 3738 1095 3774 er
1107 3741 1173 3774 coro·

129 3806 219 3840 merces
233 3793 313 3854 pondo.
345 3791 416 3846 ‚Quod
434 3803 458 3839 et
468 3807 509 3856 per
520 3808 544 3839 se
556 3808 635 3856 parurn
666 3811 707 3842 naa
717 3795 792 3855 magni
803 3794 917 3841 interdum
929 3794 1041 3858 ponderis,
1056 3803 1080 3840 et
1091 3807 1172 3840 turum

129 3856 237 3905 credibile
256 3867 306 3904 est:
332 3869 355 3904 et
366 3867 475 3920 praeterea
485 3858 566 3906 salsum
579 3874 635 3906 con-
668 3875 757 3908 coronu·
768 3858 859 3907 nornine
871 3875 883 3904 s
895 3859 1022 3907 civitatibus
1037 3858 1084 3904 dori
1097 3857 1173 3906 solita.
1189 3909 1192 3918 ,

128 3923 228 3970 vincitur
250 3938 279 3969 ex
297 3937 325 3970 eo
347 3923 406 3985 quod
425 3922 441 3969 l.
457 3935 552 3972 xxxix,
572 3931 593 3971 c'.
612 3925 635 3972 7.
668 3923 746 3988 Atque
765 3925 807 3974 hoc
828 3926 887 3985 quod
906 3925 1011 3984 dicimus,
1033 3923 1106 3970 firmat
1125 3921 1173 3968 Dio

130 4003 224 4035 coronns
242 4003 316 4035 anreae
335 4003 348 4035 e
369 3988 458 4035 Manlio
477 3988 500 4033 in
519 3987 636 4053 triumpho
668 3989 815 4056 apudValcs.
833 3990 849 4036 l.
862 4001 963 4038 cxxvii.
983 4005 1005 4052 p.
1021 3989 1075 4037 745.
1094 3987 1173 4036 distin·

59 4081 61 4086 .
128 4053 185 4100 letne
203 4053 310 4101 dicuntur
328 4053 398 4100 fuisse
417 4052 536 4100 duodecim
555 4056 637 4118 pondo.
667 4071 747 4120 gneus,
756 4055 821 4119 plane
833 4065 858 4101 ut
869 4053 982 4112 volumus,
1003 4051 1032 4098 rb
1050 4055 1097 4099 τῶν
1112 4061 1172 4113 sep·

130 4119 240 4182 Superest
257 4133 319 4179 ergo,
333 4131 360 4166 ut
377 4117 527 4178 intelligamus
542 4122 636 4184 quindc·
669 4121 730 4170 ἄνων
750 4119 850 4178 ποίημα,
872 4130 895 4166 et
916 4117 945 4166 ‘td
968 4121 1014 4165 τῶν
1043 4115 1174 4178 xpnpcror

105 4197 108 4204 ’
128 4183 635 4244 cimtclentasrgentidatacoronoenomine.
668 4185 766 4240 nitidos
781 4185 829 4230 τῶν
845 4181 880 4229 ἐτ’
903 4180 999 4242 ὀνόματι
1024 4179 1084 4231 cirri
1109 4181 1173 4227 brio-

129 4248 358 4305 Etreroessuids,
372 4251 463 4297 insece
481 4250 638 4312 Στιφανικὸν,
668 4249 752 4308 μένων.
796 4247 927 4309 Utrumque
953 4245 1173 4311 veniebutnonritte

127 4325 221 4378 apparet
238 4329 372 4364 coronarum
388 4315 480 4362 nomine
494 4315 636 4362 intellectum
668 4315 720 4360 suri
727 4313 1027 4376 eororrnrii,rujusircquens
1036 4312 1095 4374 opud
1102 4313 1174 4374 scrip.

127 4395 184 4428 esse
204 4380 312 4442 quidquid
330 4395 377 4428 noa
396 4395 424 4428 er
444 4379 525 4428 tributi
537 4381 637 4428 nscessi-
668 4390 730 4426 tores
741 4379 835 4425 mentio.
853 4377 908 4425 vid.
920 4377 984 4442 Lips‚
995 4379 1011 4428 l.
1025 4389 1052 4427 tt.
1065 4377 1093 4426 de
1105 4379 1173 4438 Mag·

127 4455 186 4501 tste‚
201 4447 241 4492 sed
254 4444 526 4508 tanqtnmerolent'rbus
537 4445 638 4493 muneris
668 4444 773 4493 nitidius
785 4443 853 4494 Rom.
866 4458 885 4492 t.
896 4447 919 4493 9.
985 4451 989 4458 '

126 4508 179 4561 loco
190 4512 285 4561 deiectu
294 4511 424 4576 impetenti.
431 4512 521 4576 ,ltaque
531 4510 638 4576 Polybius
