3026 5164
354 311 412 386 aas
757 301 840 363 rm
859 299 960 360 mvn

190 465 327 519 U·056²·
350 458 433 538 inter
448 470 627 528 nocturnam
654 455 889 538 trepidationem
913 465 1009 535 erant,
1033 454 1243 540 diripuerunt:
1275 471 1396 534 regres-

188 533 219 584 Α
235 589 237 599 ‚
252 565 259 579 ·
273 526 327 582 ¹⁹⁵·
354 547 437 628 sique
452 543 483 610 in
498 567 554 608 sua
573 557 682 621 castra,
706 564 819 626 paucos
844 541 908 602 dies
935 541 1042 622 quietis
1068 540 1183 618 stativis
1207 549 1398 602 manserunt.

328 632 561 694 sRomanorum
587 631 807 726 sociorumque,
833 629 865 690 iu
911 628 996 689 roelio
1025 627 1166 714 fugaque,
1193 628 1234 688 od
1259 625 1395 707 quinque

353 718 450 782 millia
475 721 596 792 occisa3
625 737 752 801 quorum
779 737 811 776 se
835 648 938 796 spoliis
958 716 1062 776 hostes
1077 723 1242 775 armarunt.
1261 711 1335 772 inde
1356 707 1395 770 ad

352 803 472 888 Tagum
503 803 614 866 flumen
637 802 764 885 profecti
793 813 873 876 suut.
927 797 1070 863 Praetores
1099 800 1220 874 interim
1259 793 1394 882 Romani

354 913 443 971 omne
470 892 503 955 id
524 903 644 972 tempus
666 887 879 951 contrahendis
901 909 939 948 ex
961 885 1132 948 civitatibus
1156 887 1247 948 sociis
1279 882 1396 969 Hispa-

352 999 460 1062 norum
495 975 624 1053 auxiliis,
660 974 889 1056 reficiendisque
922 975 961 1036 ab
986 987 1099 1036 terrore
1122 973 1255 1034 adversar
1285 989 1397 1054 pugnae

352 1063 484 1134 militum
507 1064 626 1139 animis,
651 1072 889 1138 consumserunt.
910 1061 961 1122 ubi
985 1060 1058 1121 satis
1081 1059 1219 1142 placuere
1242 1057 1337 1134 vires,
1365 1065 1397 1116 et

348 1148 414 1234 jani
430 1147 516 1212 miles
539 1169 667 1230 quoque,
682 1149 722 1210 ad
742 1147 902 1209 delendam
924 1147 1057 1230 priorem
1080 1143 1294 1227 ignominiam,
1322 1143 1396 1206 hos-

353 1221 416 1324 tem
431 1237 596 1320 poscebat,
627 1233 788 1306 duodecim
815 1233 910 1296 millia
935 1253 1075 1318 passuqm
1102 1233 1138 1311 ab
1160 1219 1251 1314 Tago
1268 1227 1396 1304 flumine

352 1316 520 1404 posuerunt
542 1333 650 1384 castra.
672 1317 744 1394 inde
772 1321 861 1382 tertia
889 1319 992 1402 vigilia
1025 1310 1151 1396 sublatis
1180 1318 1287 1402 signis,
1320 1335 1396 1396 qua·

354 1408 441 1482 drato
471 1395 592 1490 agmine
621 1407 770 1490 principio
799 1402 874 1484 ln'cis
897 1405 936 1482 ad
961 1403 1039 1488 Tagi
1062 1406 1158 1488 ripam
1180 1413 1397 1490 pervenerunt.

351 1491 449 1572 Trans
465 1490 586 1559 fluvium
602 1494 633 1555 in
650 1494 727 1554 colle
752 1491 884 1566 hostium
905 1504 1005 1572 castra
1031 1503 1126 1572 erant.
1148 1490 1320 1572 externplo,
1337 1507 1397 1572 qua

351 1577 468 1660 duobus
484 1582 558 1643 locis
572 1581 650 1642 vada
671 1575 806 1640 nudabat
826 1580 934 1655 amnis,
959 1578 1083 1656 dextera
1096 1589 1183 1662 parte
1199 1571 1396 1658 Calpurnius,

353 1667 425 1740 laeva
450 1667 610 1740 Quinctius
638 1667 803 1726 exercitum
830 1661 1043 1740 traduxerant3
1075 1666 1177 1746 quieto
1200 1665 1305 1744 hoste,
1322 1661 1394 1722 dnm

352 1755 476 1824 miratur
509 1753 641 1824 subitum
678 1753 853 1828 adventurn,
891 1752 1112 1832 consultatque,
1144 1751 1193 1832 qni
1225 1749 1394 1812 tumultum

352 1834 711 1923 injicere'trepidantibus
735 1839 765 1898 in
792 1839 859 1919 ipso
878 1839 1007 1899 transitu
1024 1836 1121 1898 amnis
1136 1838 1298 1920 potuisset.
1344 1832 1395 1904 ln-

352 1922 441 1988 terim
457 1925 600 2000 Romani,
624 1923 839 2010 inpedimentis
855 1943 973 2006 quoque
996 1925 1136 1986 omnibus
1153 1923 1303 1986 traductis
1319 1941 1392 1982 cou-

351 2009 515 2094 tractisque
539 2013 571 2074 iu
597 2032 690 2072 unum
716 2011 827 2087 locum,
847 2011 917 2092 <piria
937 2009 1004 2091 jam
1031 2008 1142 2070 moveri
1157 2007 1307 2071 videbant
1322 2007 1391 2068 lins-

352 2110 425 2175 tem,
441 2121 497 2160 nee
514 2099 646 2182 spatium
662 2108 728 2157 erat
743 2109 844 2158 castra
858 2096 1095 2174 communiendi,
1119 2097 1216 2158 aciem
1237 2093 1389 2156 instruxe-

352 2195 431 2253 runt.
462 2187 494 2249 iu
528 2183 629 2258 medio
661 2184 767 2246 locatae
801 2183 906 2264 quinta
938 2179 1093 2265 Calpurnii
1123 2177 1205 2264 legio
1228 2195 1262 2244 et
1285 2196 1392 2242 octava

351 2269 495 2341 Quinctii.
519 2273 551 2333 id
574 2271 663 2331 robur
685 2281 753 2332 toto
783 2269 918 2330 exercitu
950 2279 1025 2331 erat.
1072 2267 1223 2352 Campum
1248 2279 1388 2349 apertum

351 2377 445 2439 usque
460 2358 500 2422 ad
515 2359 649 2432 hostiurn
675 2368 774 2419 castra
800 2355 962 2434 habebant,
989 2355 1114 2416 liberum
1131 2378 1149 2417 a
1165 2367 1250 2418 metu
1267 2354 1392 2420 iusidia-

350 2465 428 2506 rum.

393 2524 511 2595 XXXI.
535 2526 676 2612 Hispani,
699 2541 861 2612 postquam
883 2529 915 2589 in
938 2529 1076 2604 citeriore
1099 2527 1165 2611 ripa
1187 2527 1247 2590 duo
1275 2525 1402 2606 Roma-n

351 2636 458 2688 norum
475 2615 597 2699 agmina
620 2628 851 2697 conspexerunt,
877 2627 921 2693 ut,
948 2615 1122 2698 priusquam
1148 2635 1180 2676 se
1198 2614 1326 2696 jungere
1341 2623 1389 2673 at·

351 2723 409 2784 que
424 2701 571 2768 instruere
587 2713 721 2782 possent,
736 2713 921 2784 occuparent
935 2683 1012 2779 eos,⁶
1024 2701 1130 2772 castris
1157 2693 1274 2800 repente
1298 2695 1384 2760 ellirsi

350 2809 438 2853 cursu
469 2787 507 2850 ad
538 2808 672 2870 pugnam
702 2786 841 2864 tendunt.
886 2787 984 2849 Atrox
1015 2788 1045 2848 in
1068 2785 1213 2870 principio
1242 2786 1383 2870 proelium

350 2874 418 2951 fuit,
432 2885 465 2936 et
479 2871 623 2955 Hispanis
640 2874 753 2952 recenti
773 2875 902 2935 victoria
924 2871 1084 2951 ferocibus,
1110 2887 1143 2942 et
1167 2875 1279 2934 insueta
1292 2873 1384 2956 igno·-

350 2962 444 3024 minia
458 2959 555 3031 milite
582 2959 723 3038 Romano
748 2981 885 3022 accenso.
911 2961 1055 3022 acerrime
1080 2958 1186 3021 mediat
1207 2960 1296 3034 acies,
1319 2955 1389 3018 ‘due

350 3038 517 3126 fortissimae
541 3038 687 3128 legiones,
712 3047 917 3134 dimicabam
945 3067 1018 3128 quas
1042 3065 1135 3128 quum
1162 3047 1249 3108 aliter
1275 3043 1389 3106 moveri

350 3134 417 3195 loco
433 3155 495 3195 non
518 3155 605 3216 posse
628 3133 722 3194 hostis
750 3145 895 3210 cerneret,
920 3154 1017 3194 cuneo
1044 3133 1154 3194 institit
1177 3151 1333 3218 pugnare:
1358 3143 1389 3192 et

349 3240 442 3302 usque
458 3219 559 3301 plures
581 3219 848 3300 confertioresque,
874 3219 990 3280 medios
1013 3220 1190 3301 urguebant
1236 3212 1280 3279 lbi
1304 3231 1392 3300 post-

248 3319 251 3328 '
349 3327 439 3407 quam
466 3307 602 3368 laborare
629 3307 725 3366 aciem
752 3301 931 3388 Calpurnius
956 3317 1066 3388 praetor
1088 3305 1175 3383 vidit,
1193 3303 1232 3366 T.
1247 3303 1390 3374 Quincti-

349 3394 422 3453 lium
439 3390 553 3453 Varum
569 3402 625 3454 etr
652 3390 688 3454 L.
710 3389 886 3453 Juvcntium
901 3389 1053 3452 Thalnam
1068 3392 1184 3474 legatos
1200 3391 1239 3452 ad
1255 3391 1390 3471 singulas

348 3480 482 3562 legiones
507 3479 718 3556 adhortandas
746 3500 874 3562 propere
900 3477 1003 3539 mittit.
1058 3479 1176 3540 Docere
1207 3489 1239 3538 et
1265 3497 1390 3538 monere

343 3563 442 3646 jubet,
458 3567 467 3596 ‘
483 3565 588 3625 inillis
605 3585 688 3647 spem
704 3585 825 3626 omnem
841 3564 982 3625 vincendi
998 3576 1030 3626 ct
1047 3564 1211 3626 retinendae
1232 3562 1387 3646 Hispaniae

348 3653 358 3684 ‘
373 3673 447 3712 esse.
480 3649 512 3711 Si
528 3651 572 3711 illi
587 3651 656 3712 loco
672 3651 794 3726 cedant,
809 3651 961 3711 neminem
975 3649 1039 3730 ejus
1051 3652 1201 3713 exercitus
1217 3671 1280 3711 nou
1295 3651 1388 3711 modo

347 3740 356 3770 ‘
374 3737 504 3815 ltaliam,
513 3736 565 3798 sed
578 3758 616 3798 ne
626 3736 703 3818 'Tagi
715 3737 837 3821 quidem
848 3737 1022 3799 ulteriorem
1035 3737 1143 3819 ripam,
1152 3758 1296 3820 umquam
1308 3737 1389 3798 visu-

345 3823 459 3886 ‘rum.'
504 3821 583 3906 lpse,
610 3844 678 3884 cum
704 3823 854 3904 equitibus
880 3823 1006 3884 ‹luarnm
1037 3825 1190 3905 legionum
1221 3823 1389 3905 paullulum

346 3911 575 3986 circumvectus,
609 3909 640 3969 in
674 3931 816 3982 cuntenm¹
835 3911 978 3988 hostium,
1011 3911 1060 3991 qui
1084 3911 1216 3970 mediam
1238 3911 1390 3990 urguebat

345 3997 452 4075 aciem,
476 3997 514 4058 ab
537 3997 631 4058 latere
654 3996 788 4060 incurrit.
834 3995 1032 4066 uQuinctius
1054 4017 1123 4061 curn
1147 3997 1208 4057 suis
1235 3995 1387 4076 equitibus

723 4102 765 4143 vet
773 4097 819 4144 del.
831 4098 904 4148 Gran.
917 4096 984 4144 Crev.

377 4177 396 4215 ¹⁷
409 4175 526 4232 Quinctiae
536 4193 586 4225 enm
595 4179 639 4224 rua
648 4175 764 4239 aquiriam]
786 4178 848 4236 Qui·
897 4194 947 4225 uam
967 4179 1055 4242 equites
1076 4177 1130 4226 socii
1141 4197 1146 4224 ι
1166 4193 1223 4241 quoe
1243 4178 1285 4224 sibi
1303 4193 1390 4242 nempe

341 4257 394 4288 nam
413 4243 517 4290 tantilli
537 4243 627 4305 equites
647 4242 731 4305 proprii
750 4242 849 4299 Quintil,
880 4193 991 4296 larinum
1022 4245 1185 4306 desumptum,
1218 4260 1290 4306 quum
1318 4245 1390 4306 legio-

342 4322 413 4368 quum
431 4305 527 4354 duarum
548 4307 663 4366 legionum
685 4308 773 4370 equites
793 4308 847 4355 Cal·
880 4309 954 4356 narios
978 4309 1068 4372 equites
1087 4311 1137 4370 ejus
1161 4307 1248 4369 collega
1267 4309 1291 4356 ln
1310 4309 1391 4358 hostes

341 4371 435 4434 purnius
449 4371 538 4418 duxisse
556 4372 579 4418 in
598 4373 690 4420 hostem
709 4388 774 4436 supra
786 4371 845 4420 dica·
879 4375 980 4421 ducerer.
1014 4371 1163 4436 optaremus,
1171 4385 1199 4420 nt
1218 4373 1303 4422 clarius
1321 4389 1390 4421 men·

341 4437 399 4485 rur?
418 4435 464 4483 Alii
482 4449 529 4486 non
546 4437 652 4485 videntur
671 4437 763 4500 intelligi
782 4453 846 4503 porse
879 4449 927 4487 tem
939 4453 1001 4486 suam
1014 4439 1135 4502 aperuisset
1146 4437 1233 4485 Livius.
