3080 5196
413 357 494 422 ΗΒ.
510 357 656 423 xxxvl.
683 361 767 422 otu.
785 359 826 424 ΙΙ.
1082 366 1143 434 2⁸7

101 513 357 598 animmque
374 513 648 602 mbanoelegiouei
669 527 772 580 essent
793 527 917 602 prate,
937 535 1000 601 quo
1021 491 1147 584 renanrl
1164 519 1307 578 thorn.

100 601 273 664 censuisset.

140 683 181 748 ll.
202 685 261 750 llis
287 688 333 751 ita
346 687 378 752 in
401 701 508 752 senatu
532 690 595 752 ‘ad
611 687 653 768 id,
679 709 746 772 quoe
772 688 857 772 cujus
874 689 1029 774 provincia
1053 689 1146 770 t'oret,

97 773 237 852 decretis,
252 785 318 836 turn
334 773 457 840 demum
471 775 572 838 sortiri
587 776 729 840 coruulee
743 776 870 860 placuit.
902 775 1003 840 Acilio
1017 773 1146 856 Gracia,

100 857 240 922 Cornelio
255 857 346 933 ltalia
357 861 467 924 euenit.
511 859 606 924 Certa
622 862 732 926 deinde
754 875 837 925 sorte
851 864 1147 928 senatusconsultum

97 946 213 1064 facturn
228 957 297 1008 est:
321 945 355 985 ⁸⁸
369 947 452 1028 quod
467 947 607 1049 populus·
622 947 833 1074 Rompnusteo
856 959 993 1049 tempore
1014 949 1147 1049 duellum

99 1033 1149 1204 amitt..ittttttlittltnllttlttttt.ttt

101 1203 229 1284 ‘utique
241 1199 301 1266 Μ’.
313 1204 430 1268 Acilius
441 1207 546 1270 coruul
561 1207 650 1270 ludos
661 1229 789 1290 magnos
799 1205 869 1270 Jovi
880 1217 1013 1285 voveret,
1024 1219 1057 1270 et
1068 1208 1150 1270 dona

100 1288 166 1350 ‘ad
178 1290 284 1352 omnia
297 1290 485 1373 pulvinaria'
529 1289 566 1356 ld
580 1305 685 1357 vonum
699 1294 731 1355 in
752 1295 817 1355 hnc
830 1293 932 1369 verba,
948 1306 1101 1374 preeunte
1117 1291 1150 1356 P.

93 1371 220 1450 ,licinio
235 1377 381 1460 pontifice
407 1380 553 1462 marimo,
567 1380 673 1442 consul
689 1379 893 1478 nuncuparits
926 1371 940 1412 ‘'
953 1373 989 1440 Si
1002 1379 1150 1460 duellum,

98 1457 111 1494 ‘
123 1461 208 1543 quod
224 1483 295 1526 cum
303 1464 459 1527 Antiocho
474 1485 546 1547 rege
555 1465 633 1528 sumi
647 1465 775 1548 populus
786 1465 889 1546 russin
900 1464 932 1526 id
944 1484 983 1526 ex
995 1466 1149 1527 sententia

99 1546 247 1668 :mactus
259 1549 424 1632 populique
437 1549 568 1614 Romani
579 1551 754 1614 conlectum
765 1550 843 1628 crit3
858 1561 924 1614 tum
937 1551 1004 1630 tibi,
1015 1550 1148 1650 Jupiter,

100 1633 1148 1806 =tlttlt.Mltitltffltltlsstttsstllltlttl

102 1804 249 1868 ‘senatus
265 1807 442 1872 decreverit.
486 1807 630 1891 Quisquis
644 1811 841 1892 magistratus
856 1829 909 1872 eos
923 1809 1010 1872 ludos
1025 1807 1148 1889 quando

103 1890 237 1972 ‘ubique
253 1893 341 1972 laxit,
355 1895 387 1957 hi
410 1893 473 1958 ludi
488 1907 570 1958 recte
585 1896 671 1974 lacti,
686 1895 827 1978 donaque
847 1893 921 1958 data
934 1906 1018 1958 recte
1035 1891 1148 1956 sunto!

102 1973 291 2062 supplicatio
314 1979 386 2042 inde
410 1982 449 2044 ab
476 1981 594 2044 duobus
619 1983 794 2046 consulibus
817 1980 920 2044 edicta
945 2002 998 2064 per
1021 1978 1149 2041 biduum

101 2063 168 2126 luit.
212 2061 396 2130 Consulibus
420 2068 536 2130 sortitis
561 2069 741 2151 provincias,
767 2067 922 2150 extemplo
947 2078 979 2128 et
1009 2075 1150 2148 praetores

102 2149 199 2213 sortiti
215 2163 297 2214 sunt.
340 2151 391 2214 M.
404 2151 499 2230 Junio
513 2151 610 2216 Bruto
631 2152 806 2235 jurisdictio
827 2165 955 2234 utraque
978 2149 1089 2230 evenit,
1111 2151 1152 2213 A.

101 2233 248 2300 Cornelio
263 2237 441 2300 Mammula
465 2237 591 2316 Bruttii,
617 2237 664 2302 M.
676 2237 804 2302 AEnrilio
830 2236 949 2321 Lepido
973 2235 1090 2316 Sicilia,
1113 2233 1152 2298 L.

103 2321 207 2404 Oppio
222 2321 387 2386 Salinatori
402 2322 555 2402 Sardinia,
578 2323 614 2388 C.
628 2324 713 2388 Lirin
729 2323 892 2386 Salinatori
912 2323 1026 2402 classis,
1041 2320 1076 2384 L.
1091 2319 1151 2384 AE·

99 2407 187 2470 milio
200 2406 307 2471 Paullo
322 2407 474 2492 Hispania
488 2411 627 2492 ulterior.
655 2410 716 2474 His
731 2411 776 2474 ita
788 2409 940 2472 exercitus
956 2407 1082 2471 decreti.
1110 2406 1152 2470 A.

102 2491 249 2556 Cornelio
262 2495 333 2556 novi
348 2495 471 2575 milites,
491 2497 655 2576 conscripti
668 2495 770 2576 priore
785 2515 865 2556 anno
891 2515 931 2556 ex
953 2506 1151 2558 senatuscon-

102 2578 184 2642 sulto
199 2577 270 2642 aL.
286 2580 432 2652 Quinctio
455 2583 589 2658 consule,
604 2579 669 2642 dati
685 2591 757 2642 sunt
766 2603 776 2657 3
803 2577 965 2662 jussusque
981 2580 1056 2644 tucri
1081 2599 1150 2642 orn·

104 2685 176 2726 nem
211 2685 296 2728 orarn
326 2667 409 2727 circa
436 2665 601 2742 Tarentum
632 2663 899 2747 Brundisiumque.
956 2661 994 2728 L.
1021 2662 1152 2727 AEmilio

106 2748 211 2814 Paullo
240 2751 273 2814 in
303 2751 476 2814 ulteriorem
504 2749 687 2834 Hispaniam
720 2763 830 2834 proter
865 2772 936 2818 eum
973 2751 1151 2830 exercitum,

103 2857 193 2918 quem
217 2859 237 2900 a
261 2833 311 2901 M.
338 2835 442 2900 Fulvio
462 2849 646 2919 propraetorc
669 2851 850 2921 accepturus
876 2848 968 2916 essct,
994 2837 1150 2902 decretum

101 2933 183 3002 est‘,
210 2933 245 2986 ut
269 2944 417 2986 novorum
441 2925 572 2986 militum
592 2924 653 2986 tria
666 2924 763 2986 millia
783 2924 919 3001 duceret,
943 2935 976 2984 et
999 2934 1152 2986 trecentos

102 3010 221 3090 equites
234 3031 244 3086 ;
268 3009 312 3073 ita
324 3011 361 3072 'ut
376 3011 407 3071 in
423 3010 460 3072 iis
474 3010 540 3072 duae
554 3021 658 3092 partes
671 3009 788 3086 socium
806 3007 907 3071 Latini
923 3008 1065 3085 nominis,
1088 3021 1152 3070 ter·

105 3086 149 3158 tia
177 3096 290 3160 civium
317 3094 525 3158 Romanorum
554 3106 643 3158 essct.
702 3093 788 3158 ldem
816 3093 1019 3177 supplementi
1049 3093 1089 3156 ad
1115 3091 1154 3160 C·

104 3178 302 3259 Flaminium,
322 3181 372 3242 cui
396 3181 554 3264 imperium
640 3181 802 3263 rogabatur
828 3181 859 3241 in
874 3177 1055 3262 Hispaniam
1076 3177 1152 3241 cite-

105 3267 216 3330 riorem
240 3277 288 3329 cst
301 3267 438 3328 missum.
481 3263 528 3327 M.
595 3265 694 3328 milius
718 3263 852 3348 Lepidus
866 3285 885 3326 a
899 3263 935 3326 L.
949 3261 1083 3328 Valerio.
1104 3263 1154 3326 cui

1166 583 1307 656 acan.

104 3372 298 3416 successurus
324 3362 416 3430 esset,
442 3339 740 3434 simulprovinciam
765 3351 991 3432 exercitumque
1016 3351 1154 3432 accipere
1229 3363 1258 3438 Ἰ

102 3435 226 3516 jussus:
262 3435 298 3500 L.
322 3435 488 3517 Valerium,
512 3438 538 3500 si
553 3437 598 3500 ita
619 3437 783 3522 videretur,
807 3447 1004 3520 propraetore
1026 3435 1058 3498 in
1081 3457 1153 3520 pro-

107 3525 205 3586 vincia
229 3523 371 3604 retinere,
395 3535 426 3586 et
440 3523 628 3607 provinciam
643 3524 688 3586 ita
702 3522 847 3602 dividere,
870 3533 905 3584 ut
919 3543 982 3584 una
1001 3522 1040 3584 ab
1060 3521 1152 3605 Agri·

103 3621 201 3692 ,genta
232 3609 272 3672 ad
296 3607 471 3695 Pachynum
497 3621 588 3688 essct,
616 3610 712 3674 altera
740 3631 761 3672 a
786 3607 929 3695 Pachyno
954 3606 1154 3694 Tyndarlum.
1184 3607 1188 3614 ’

109 3693 184 3758 Fam
209 3696 394 3760 maritimam
423 3717 508 3760 oram
535 3693 573 3759 L.
601 3693 738 3759 Valerius
764 3695 871 3777 viginti
901 3695 1026 3760 navibus
1054 3693 1154 3776 longis

104 3783 286 3846 custodiret.
329 3779 439 3845 Eidem
464 3783 585 3868 praetori
611 3781 800 3864 mandatum,
827 3795 862 3845 ut
886 3783 984 3844 ⁷duas
1011 3780 1154 3843 decumas

282 3904 741 3972 *magnammomcm
803 3905 987 3956 ‘adalliun
1029 3908 1033 3918 ¹

143 4011 154 4047 ⁵
174 4013 211 4062 Ad
226 3984 320 4078 idque
335 4015 399 4076 cujus
414 4015 527 4076 prounde
537 4012 612 4078 forn]
647 4013 754 4064 tumne
764 4011 815 4077 ens]
834 4011 905 4062 Deles
917 4009 1046 4060 Gronovius
1060 4007 1155 4058 rsrlrurn

106 4075 137 4124 n
147 4077 204 4126 nihil
214 4079 256 4128 hic
266 4093 397 4143 corruptum
409 4091 453 4136 err.
469 4093 549 4128 sensus
568 4093 617 4127 eros
648 4095 698 4139 rue,
720 4080 781 4141 quod
800 4091 854 4128 uns
877 4078 1031 4126 necessarium
1047 4089 1093 4123 non
1112 4083 1157 4124 ert.

115 4142 214 4192 siderius
243 4160 315 4208 usque
336 4145 366 4194 cd
385 4145 410 4194 id
429 4155 507 4210 caput,
522 4157 618 4208 nempe,
649 4143 687 4194 Sic
705 4159 732 4192 ru
774 4142 815 4200 ,l.
834 4153 911 4193 rut.
930 4159 951 4190 c.
970 4143 993 4190 Β.
1009 4142 1065 4203 quod
1075 4139 1156 4187 hlium

113 4222 160 4268 ‚ne
180 4207 459 4274 erumnam:
485 4209 546 4272 nu
566 4209 619 4272 qe
649 4223 700 4258 a·
741 4206 1061 4270 mammarum·
1096 4203 1155 4252 aa

112 4274 169 4320 dem
179 4283 246 4337 ceput
257 4275 358 4322 noudum
377 4285 536 4324 renumeret.
569 4275 619 4320 Aa·
652 4285 719 4322 xttt.
737 4289 759 4321 c.
775 4273 814 4322 33.
832 4271 889 4336 quod
906 4271 986 4320 munau
1004 4276 1090 4318 scrutur
1105 4283 1156 4318 cun
1205 4281 1212 4296 ·

114 4338 181 4450 'iii'
192 4339 417 4418 &mmm
449 4337 620 4390 ΝΜ
651 4335 836 4450 ΡῩἙΜὙ
939 4407 1025 4450 mm
1072 4399 1156 4450 osae

116 4416 162 4534 qu}
178 4415 271 4526 8⁵3„
282 4470 380 4524 tumn
390 4471 490 4536 justitiet
505 4487 555 4524 cun
571 4485 622 4537 rege
652 4418 809 4522 nunculium
816 4399 944 4528 'ciiiilius
966 4399 1046 4536 quod]
1059 4417 1156 4539 renitor
