3068 5186
403 349 892 422 ms.xxxv111.cnt‘.xxxt
1092 363 1152 424 att

113 518 227 598 ¹quum
242 535 281 578 ex
295 515 399 598 paucis
414 517 551 598 quotidie
576 517 669 600 aliqui
689 537 793 580 eorum
809 503 1032 597 caderentaut
1046 521 1151 596 nilne·
1171 539 1205 590 υ.
1216 499 1312 592 obst.
1384 533 1387 542 “

22 649 26 660 .
111 616 260 681 meatur,
281 615 323 682 et,
345 604 395 684 qui
420 615 605 687 superarent,
635 604 706 666 lessi
732 617 764 668 et
789 607 964 687 corporibus
986 620 1019 669 et
1042 609 1152 670 animis
1174 605 1310 658 A·0·l¹¹⁹·

111 699 235 765 essent3
262 687 393 752 Romani
408 701 499 752 nocte
514 711 569 773 per
590 709 702 769 arcem,
726 709 817 772 quam
844 691 1005 776 Cyatidem
1029 707 1151 772 vocant,

116 775 144 856 (¹
157 793 228 837 nam
251 775 333 854 urbs,
355 776 387 836 in
409 796 493 838 mare
516 776 640 855 devexa,
663 777 695 838 in
717 777 907 840 occidentem
929 779 1038 862 vergit)
1065 801 1152 843 muro

113 871 271 943 superato,
285 861 317 926 in
332 862 429 924 lorum
445 873 654 944 pervenemnt.
699 859 820 942 Samaei,
841 876 1003 946 postquam
1030 879 1152 949 captam

114 947 199 1010 urbis
226 959 345 1030 partem
373 949 411 1010 ab
444 949 580 1012 hostibus
613 961 779 1029 senserunt,
808 970 876 1012 cum
906 951 1084 1035 conjugibus
1118 973 1154 1016 ac

116 1033 219 1096 liberis
234 1034 266 1096 in
281 1033 429 1116 majorem
452 1035 626 1118 refugerunt
651 1055 762 1098 arcem.
785 1036 856 1097 inde
878 1049 1000 1119 postero
1028 1039 1077 1116 die
1101 1040 1154 1103 de·

115 1119 185 1198 diti,
203 1119 323 1204 direpta
334 1123 418 1200 urbe,
433 1122 489 1183 sub
503 1137 617 1185 corona
627 1137 735 1184 omnes
748 1121 916 1185 venierunt.
979 1151 981 1156 ·

157 1205 262 1268 XXX.
284 1205 410 1287 Consul,
439 1209 615 1292 compositis
649 1209 737 1270 rebus
768 1207 983 1291 Cephalleniae,
1016 1211 1259 1295 presidiocon
1274 1219 1318 1270 Pe·

113 1289 216 1356 Same
230 1294 374 1378 inposito,
388 1295 419 1356 in
435 1294 687 1378 Peloponnesum,
699 1293 765 1376 jam
786 1294 837 1356 diu
863 1299 1083 1360 arcessentibus
1097 1297 1156 1360 AE-
1167 1283 1279 1366 ¹⁰P⁰¹¹¹¹¹2

95 1379 272 1461 ,giensibus
300 1381 432 1442 maxime
462 1401 498 1444 ac
527 1379 776 1458 Lacedaemoniis,
805 1379 936 1462 trajecit.
972 1373 1115 1465 'AEgium,
1139 1365 1292 1468 camb

113 1466 268 1548 principio
280 1467 411 1529 Achaici
434 1468 566 1545 concilii,
592 1487 711 1548 semper
735 1480 902 1530 conventus
926 1468 1026 1550 gentis
1049 1471 1157 1534 indicti

114 1564 210 1628 sunt3
234 1573 286 1614 seu
310 1553 452 1635 dignitati
476 1555 557 1615 urbis
580 1553 624 1637 id,
644 1573 698 1614 seu
719 1552 778 1614 loci
805 1555 1027 1636 opportunitati
1052 1556 1157 1618 datum

116 1647 176 1700 est.
192 1637 272 1700 hunc
288 1660 403 1702 morem
419 1638 627 1720 Philopoemen
648 1659 686 1699 eo
711 1639 842 1720 primum
868 1660 948 1702 anno
975 1641 1160 1706 labefactare

115 1735 260 1803 conatus,
275 1724 372 1806 legem
397 1725 525 1809 parabat
542 1725 630 1802 ferre,
645 1725 727 1787 utin
742 1727 881 1788 omnibus
896 1727 1078 1807 civitatibus,
1094 1751 1160 1811 quse

118 1810 252 1874 Achaici
276 1811 396 1873 concilii
420 1821 533 1889 essent,
560 1812 591 1873 in
619 1811 715 1872 vicem
741 1815 904 1874 conuentus
935 1827 1104 1896 agerentur.
1128 1829 1161 1879 et

117 1897 178 1958 sub
203 1898 366 1960 advemum
393 1898 536 1977 consulis,
561 1901 586 1938 ¹¹
598 1895 772 1980 Demiurgis
795 1899 974 1977 civitatium,
1000 1901 1050 1981 qui
1077 1923 1161 1964 sum-

120 2005 189 2046 mus
208 2033 211 2041 ,
228 1996 275 2046 est
306 1985 511 2067 magistratus,
554 1981 679 2066 AEgium
717 1985 922 2064 evocantibus,
952 1985 1161 2070 Philopoemen

122 2068 248 2151 (pretor
263 2083 328 2133 tum
344 2071 422 2152 erat)
440 2069 541 2153 Argos
568 2081 747 2134 conventum
770 2072 876 2134 edixit.
903 2093 963 2153 quo
989 2094 1082 2156 quum
1105 2074 1163 2138 ad·

118 2168 243 2238 pareret
257 2179 362 2220 omnes
377 2157 441 2219 lere
459 2167 671 2235 conventuros,
697 2157 801 2220 consul
825 2179 954 2242 quoque,
980 2180 1163 2242 quamquam

118 2240 315 2326 AEgiensium
342 2243 461 2306 favebat
485 2265 606 2321 canssoe,
624 2243 723 2325 Argos
742 2244 844 2306 venit:
869 2245 920 2306 ubi
936 2264 1027 2326 quum
1042 2246 1164 2329 discep-

117 2327 201 2392 tatio
219 2330 335 2409 luisset,
359 2342 392 2393 et
415 2350 479 2392 rem
505 2331 682 2392 inclinatam
707 2341 856 2409 cerneret,
882 2331 1005 2414 incepto
1031 2332 1162 2396 destitit.

117 2412 346 2480 Lacedaemonii
362 2415 473 2478 deinde
488 2437 557 2478 eum
571 2417 603 2477 in
618 2436 681 2483 sua,
691 2417 858 2478 certamina
879 2429 1062 2480 averterunt.
1092 2416 1164 2482 Sol·

117 2501 241 2566 licitam
263 2525 331 2566 eam
357 2502 656 2566 civitatem'exsules
681 2504 813 2565 maxime
839 2503 1013 2566 habebant:
1036 2524 1164 2585 quorum
1277 2507 1281 2514 “

118 2607 238 2670 magna
273 2610 341 2672 pars
374 2591 406 2651 in
434 2589 593 2651 maritimis
625 2587 782 2650 Laconicae
812 2610 871 2651 orae
893 2589 1034 2668 castellis,
1063 2594 1085 2629 ¹¹
1099 2611 1165 2672 quoe

119 2675 224 2737 omnis
240 2675 364 2738 ademta
382 2688 458 2752 erat,
481 2675 668 2736 habitabant.
691 2675 723 2736 id
745 2695 823 2757 egre
846 2677 995 2758 patientes
1022 2673 1167 2740 Laccdae-

120 2761 232 2838 monii,
268 2772 304 2823 ut
333 2759 459 2842 aliqna¹¹
492 2760 618 2822 liberum
645 2761 684 2822 ad
714 2779 798 2822 snare
821 2762 968 2825 haberent
990 2763 1118 2842 aditum,
1141 2765 1165 2825 si

120 2848 247 2928 quando
264 2846 396 2910 Romam
415 2847 510 2910 aliove
535 2866 596 2928 quo
621 2847 780 2910 mitterent
804 2848 932 2931 legatos,
958 2850 1106 2931 simulque
1132 2862 1168 2912 ut

118 2934 293 3016 emporium
308 2947 340 2996 et
364 2933 589 3016 receptaculum
614 2935 778 3016 peregrinis
804 2936 952 2996 mercibus
967 2936 1007 2996 ad
1027 2955 1166 2998 necessa-

119 3019 181 3082 rios
209 3041 283 3082 usus
316 3032 408 3098 esset,
436 3033 528 3082 nocte
560 3019 657 3082 adorti
690 3021 789 3082 vicum
820 3022 1016 3099 maritimum,
1042 3023 1166 3083 nomine
1233 3043 1238 3054 ·

117 3104 196 3184 Lan,
211 3107 368 3190 inproviso
382 3125 578 3188 occupavere.
620 3103 740 3185 Vicani,
762 3107 872 3190 quique
899 3106 940 3169 ibi
966 3107 1084 3186 exsules
1109 3108 1165 3169 hs-

117 3192 275 3272 bitabent,
289 3194 388 3276 primo
410 3193 569 3275 inopinata
590 3213 622 3254 re
648 3191 744 3254 territi
769 3205 854 3255 surrt:
886 3193 1006 3271 deinde,
1036 3193 1092 3254 sub
1116 3193 1164 3254 lu·

117 3299 188 3342 cem
212 3280 402 3362 congregati,
429 3279 486 3341 levi
502 3278 667 3340 certamine
698 3279 878 3361 expulerunt
907 3277 1164 3343 lacedemonios.

117 3375 217 3428 terror
245 3369 349 3428 mmen
368 3385 490 3428 omnem
506 3365 790 3428 maritimem'oram
805 3367 956 3448 peruasit:
988 3366 1164 3448 legatosque

119 3454 340 3531 communiter,
364 3464 398 3514 et
420 3447 558 3515 castellal
569 3453 673 3514 'omnia
695 3452 823 3533 vicique,
850 3465 881 3516 et
903 3450 1031 3532 exsules,
1058 3454 1164 3536 quibus

119 3538 162 3602 ibi
179 3539 340 3602 domicilia
354 3549 451 3617 erant,
466 3540 505 3600 ad
519 3537 647 3600 Achaeos
665 3538 821 3600 miserunt.
930 3538 933 3546 '

162 3624 285 3688 XXXl.
307 3624 515 3709 Philopoemen
530 3635 650 3707 pretor,
665 3623 731 3706 jam
758 3625 828 3687 inde
852 3626 891 3687 ab
916 3625 1004 3689 initio
1030 3629 1166 3690 exsulum
1179 3653 1308 3704 Decretum

119 3725 284 3776 caussaeet
300 3713 426 3790 amicus,
447 3733 479 3774 er
495 3721 601 3774 auctor
623 3732 742 3794 semper
767 3712 886 3775 Achaeis
910 3714 1066 3776 minuendi
1093 3737 1166 3799 opes
1179 3719 1316 3797 hebreorum

119 3809 154 3861 et
191 3800 405 3862 auctoritatem
441 3797 750 3878 lacedemoniorum,
781 3799 943 3862 concilium
975 3803 1167 3882 querentibus
1180 3801 1203 3833 ¹¹¹
1219 3785 1332 3864 tanede-

119 3885 219 3950 dedit.
243 3887 468 3968 decret'umque,
494 3906 532 3948 eo
558 3885 718 3964 referente,
743 3885 930 3966 factumest,
952 3889 978 3926 ¹¹
994 3888 1004 3920 ‘
1020 3887 1121 3958 Quum
1135 3889 1167 3950 in
1180 3865 1276 3900 ΜΟ*

508 3983 621 4048 ‘rupem
632 3983 706 4035 Gron.
718 3983 788 4035 Creu.

150 4063 167 4097 ¹
187 4063 266 4118 Qum
279 4083 314 4114 ter
338 4069 427 4130 puucis'
443 4067 538 4128 qnotidie
561 4065 632 4128 aliqui
664 4065 808 4116 ministrant:
821 4083 833 4114 e
846 4065 1171 4132 diponDoriccdtipoapoq

117 4141 197 4176 eorum
206 4128 320 4192 eudemi]
338 4131 459 4180 liedundst
468 4131 498 4180 rb
507 4145 587 4178 eonem.
662 4131 737 4194 polus,
747 4144 771 4180 et
783 4132 862 4195 ἔργον,
871 4147 934 4195 opus.
949 4132 1011 4181 '¹-De
1022 4127 1049 4180 iit'
1060 4133 1106 4183 tid.
1117 4149 1170 4182 nos.

155 4192 268 4241 ο*Νιιιιι
285 4194 347 4262 verbs]
379 4195 487 4250 Quonam
516 4197 630 4260 pertineat
663 4199 951 4246 trummmxxxn.22.

121 4257 175 4308 boc
190 4257 343 4323 pereuthetir,
361 4265 423 4312 unde
444 4263 552 4328 pendeat,
573 4261 632 4308 sate·
698 4263 716 4296 ¹¹
732 4214 812 4316 *gne
828 4262 895 4308 omnir
912 4262 1011 4323 adempto
1027 4264 1086 4326 erut]
1115 4261 1170 4314 nd.

119 4338 234 4372 mutuos
258 4342 339 4392 perum
362 4329 448 4378 videre.
480 4326 575 4391 Aliquid
594 4325 631 4374 bic
663 4343 731 4392 ruprs
760 4337 841 4376 xxxv.
875 4326 914 4376 12.
945 4338 970 4374 et
1000 4339 1049 4376 not.
1072 4331 1111 4378 25.
1143 4332 1171 4380 ed

119 4389 394 4458 mofflbeemspicamur.
663 4393 810 4442 xxx1v.35.

155 4453 332 4534 ¹⁰Dumiurgis]
357 4458 476 4522 Demiurgi
503 4475 531 4508 ex
550 4460 572 4508 vi
588 4475 630 4508 vo·
697 4457 743 4492 ’θ’
757 4456 832 4511 Quum
843 4455 939 4518 btfidem
954 4457 1090 4528 debetcum]
1115 4461 1169 4515 vid.

116 4517 263 4574 cucurum
281 4522 298 4572 it
317 4524 356 4590 qui
373 4526 464 4592 publica
484 4525 574 4588 negotia
590 4525 630 4576 td·
663 4535 826 4592 suprsxxxn
839 4521 877 4574 13.
908 4551 913 4562 ·
