3068 5186
403 374 480 436 LIB.
495 375 672 438 XXXVIII.
690 377 771 438 CAP.
784 377 868 438 XVI.
1093 385 1151 442 801

105 541 238 594 rentum
265 543 321 594 est.
364 529 478 596 Colunt
504 531 621 611 Pisidae,
652 533 742 615 longe
771 531 879 615 optimi
908 532 989 594 bello
1019 535 1303 616 registetensem

107 615 186 698 ejus
217 639 309 699 quum
335 641 372 682 ea
392 641 440 681 res
464 620 581 682 animos
611 620 695 697 facit,
720 631 786 680 tum
812 620 875 701 agri
901 619 1094 700 foecunditas,
1120 618 1236 686 etbc·
1249 621 1303 670 1⁸9³
1403 639 1404 654 ¹

105 703 277 767 multitudo
306 705 475 783 bominum,
506 717 539 768 et
563 707 649 768 situs·
669 707 882 788 interponens
911 708 1035 770 munitas
1058 710 1162 774 urbis..

107 787 240 870 Consul,
264 791 335 872 quia
358 792 442 854 nulla
465 791 578 874 legatio
602 793 641 854 ad
667 792 759 854 finem
783 803 893 875 praesto
908 793 1018 872 nent,
1033 796 1150 878 prudn-

105 889 175 938 tum
204 879 236 938 in
259 899 349 959 agros
372 880 465 941 misit.
490 891 556 941 tum
580 879 703 940 demum
728 879 828 942 fracta
852 881 1021 962 pertinacia
1044 894 1100 961 est,
1117 895 1152 945 ut

103 967 133 1008 ⁴⁸
149 963 225 1025 ferri
240 966 350 1047 agique
360 985 408 1027 res
421 986 490 1028 suas
504 965 655 1028 viderunt.
699 963 822 1048 Iaegstis
837 967 948 1044 missis,
962 969 1045 1049 pacti
1060 971 1149 1049 qnin-

105 1051 258 1131 quaginta
283 1053 417 1130 talentis,
442 1063 474 1114 et
499 1055 527 1092 ὅθ’
535 1053 643 1133 viginti
672 1053 805 1114 millibus
828 1053 1017 1115 medimnum
1048 1056 1152 1140 tritici,

103 1137 216 1218 viginti
247 1138 365 1217 bordei,
391 1159 501 1221 pacem
526 1143 773 1222 impetraverunt.
818 1137 995 1222 Progressus
1019 1141 1090 1203 inde
1113 1143 1153 1204 ad

106 1221 246 1286 Obrimae
262 1225 372 1304 fontes,
387 1226 427 1286 ad
447 1227 558 1303 vicum,
582 1245 672 1306 quern
697 1231 724 1274 ὅ7
733 1225 886 1308 Aporidos
909 1247 1017 1288 comen
1032 1240 1154 1307 vocant,

104 1311 215 1392 posuit
228 1322 337 1374 castra.
380 1309 428 1374 Eo
453 1309 599 1374 Seleucus
624 1314 663 1373 ab
677 1311 816 1393 Apamea
841 1313 963 1394 poste'ro
989 1313 1039 1376 die
1059 1317 1153 1377 venit.

103 1393 226 1478 AEgros
241 1399 312 1460 inde
327 1411 359 1460 et
374 1399 495 1460 inutilia
518 1399 725 1480 inpedimenta
739 1417 832 1478 quum
857 1397 1030 1479 Apameam
1059 1400 1151 1463 dimi-

100 1481 208 1562 sisset,
236 1485 364 1547 ducibus
389 1485 531 1548 itinerum
555 1486 594 1568 ab
620 1482 748 1546 Seleuco
771 1485 914 1566 acceptis,
937 1485 1092 1566 proiectus
1114 1507 1152 1548 eo

102 1567 155 1630 die
181 1571 213 1632 in
240 1570 513 1654 Metropolitanum
540 1590 692 1651 carupurn,
716 1583 840 1652 postero
860 1570 910 1632 die
930 1567 1038 1632 Dinias
1055 1569 1150 1654 Pliry-

102 1655 162 1736 giae
189 1659 348 1738 processit.
394 1655 468 1720 Inde
495 1655 640 1740 Synnada
667 1657 759 1734 venit,
783 1666 867 1718 metu
897 1657 1038 1718 omnibus
1069 1657 1151 1719 cirea

104 1742 232 1826 oppidis
256 1744 393 1806 desertis.
419 1765 547 1825 quornm
569 1741 635 1824 jam
661 1743 764 1826 praeda
782 1763 872 1823 gave
888 1763 999 1824 agmen
1015 1743 1149 1823 trahens,

102 1828 154 1890 six
170 1830 307 1910 quinque
326 1831 454 1892 millium
477 1830 528 1892 die
549 1839 618 1892 toto
644 1830 750 1896 itinere
779 1830 924 1912 perfecto,
952 1829 991 1890 ad
1017 1828 1149 1910 Beudos,

76 1907 80 1920 '
104 1915 189 1996 quod
204 1927 290 1978 vetus
304 1917 470 1999 adpellant,
494 1916 640 2000 pervenit.
665 1916 706 1978 ad
724 1917 868 1977 Anabura
888 1915 971 1994 inde,
997 1928 1030 1977 et
1053 1913 1149 1978 altero

103 2002 214 2064 dicad
239 2005 266 2042 ⁵⁸
277 2002 403 2066 Alandri
422 2004 533 2080 fontes,
559 2003 649 2066 tertio
676 2003 715 2064 ad
735 2002 906 2064 Abbassum
922 2003 1023 2084 posuit
1038 2013 1148 2076 castra.

104 2087 147 2150 ibi
163 2089 267 2169 plures
282 2090 346 2151 dies
361 2091 473 2153 stativa
487 2091 604 2168 hebuit,
624 2089 698 2169 quin
719 2101 897 2172 perventum
913 2101 978 2151 erat
992 2089 1032 2151 ad
1046 2087 1150 2152 Tolis-
1234 2091 1238 2100 '

103 2175 279 2237 mboiorum
294 2175 380 2240 fines.

146 2259 237 2324 XVI.
257 2259 337 2324 Galli
348 2263 374 2340 Β,
394 2283 507 2345 magna
532 2262 690 2323 hominum
713 2263 769 2342 vis,
792 2283 845 2324 seu
868 2261 971 2343 inopia
993 2264 1070 2344 agri,
1097 2282 1149 2324 seu
1165 2275 1317 2338 Gallograeco-

104 2348 217 2428 praedae
246 2369 311 2430 spe,
337 2349 453 2410 nullum
478 2359 614 2431 gentem,
638 2369 800 2430 perquam
827 2349 896 2410 ituri
920 2359 1030 2426 essent,
1044 2369 1149 2432 parem
1164 2358 1215 2394 ‘¹¹¹³
1226 2343 1297 2405 origs

105 2435 202 2496 umis
218 2436 288 2513 rati,
304 2433 426 2498 Brenno
441 2436 518 2497 duce
533 2436 565 2496 iu
584 2435 745 2496 Dardanos
767 2447 976 2516 pervenerunt.
1000 2435 1041 2520 ibi
1067 2435 1154 2498 sedi-v

103 2520 152 2581 tio
166 2531 248 2598 orta,
275 2532 309 2582 et
336 2523 376 2584 sd
399 2523 507 2604 viginti
536 2521 631 2583 millia
654 2521 821 2598 hominnm,
848 2541 916 2582 cum
942 2519 1093 2584 Leonon'o
1114 2543 1150 2584 ac
1201 2535 1204 2545 ’
1251 2583 1255 2593 ,

104 2601 236 2669 luntario
259 2608 381 2689 regulis,
395 2609 565 2670 secessione
581 2607 663 2668 lactu
677 2628 696 2666 a
709 2605 840 2685 Brenno,
855 2607 888 2668 iu
907 2606 1071 2669 Thraciam
1091 2609 1151 2671 iter

104 2704 289 2755 everterunt.
314 2695 365 2755 ubi
388 2714 458 2756 cum
482 2694 690 2755 resistentibus
714 2694 889 2774 pugnando,
913 2713 1018 2776 pacem
1040 2705 1149 2776 peten-

104 2780 188 2840 tibus
203 2780 389 2862 stipendium
415 2779 601 2861 inponeudo‚
628 2777 811 2862 Byzantium
825 2801 917 2860 quum
933 2781 1149 2862 pervenissent,

105 2865 295 2946 aliquamdiu
317 2886 402 2929 oram
427 2865 617 2948 Propontidis
637 2866 818 2947 vectigalem
843 2867 994 2944 habendo,
1018 2867 1149 2948 regionis

105 2951 168 3033 ejus
194 2953 284 3014 urbes
308 2954 511 3014 obtinuerunt.
557 2950 677 3034 Cupido
698 2953 768 3014 inde
791 2974 843 3014 eos
868 2954 900 3014 in
919 2952 1024 3014 Asiam
1049 2965 1149 3014 trans-

106 3039 208 3118 eundi,
235 3039 395 3102 audientes
421 3059 460 3100 ex
484 3039 665 3121 propinquo,
689 3050 803 3119 quanta
829 3039 950 3100 ubertas
976 3049 1061 3100 terrae
1085 3037 1151 3119 ejus

105 3136 193 3202 met,
220 3127 325 3208 cepit:
350 3137 392 3204 et,
418 3124 611 3208 Lysimachia
637 3124 740 3186 fraude
770 3135 872 3206 capta,
899 3123 1152 3206 Chersonesoque
1229 3177 1233 3198 ,

106 3214 188 3274 omni
213 3213 308 3274 armis
333 3233 481 3295 possessa,
505 3211 545 3272 ad
568 3209 802 3292 Hellespontum
828 3211 1060 3273 descenderunt.
1104 3209 1176 3272 lbi·

86 3305 89 3312 “
105 3318 175 3360 vcro
201 3300 315 3381 exiguo
339 3302 366 3338 ⁵⁹
379 3297 524 3360 divisam¹
550 3298 628 3360 freto
641 3297 835 3358 cernentibus
849 3296 956 3359 Asiam
970 3297 1068 3360 multo
1083 3317 1150 3360 ms-

108 3385 153 3465 gis
169 3387 265 3446 animi
280 3385 319 3447 ad
335 3385 551 3448 transeundum
578 3385 696 3446 accensi
706 3405 716 3464 3
744 3385 930 3463 nunciosque
956 3383 995 3446 ad
1019 3384 1149 3468 Antipa-

107 3482 197 3549 trum,
220 3473 398 3554 prefectum
419 3471 485 3554 ejns
507 3493 578 3549 orn,
604 3471 642 3532 de
665 3471 794 3532 transitu
818 3471 993 3532 mittebant.
1015 3491 1080 3554 quse
1103 3491 1150 3532 res

108 3577 199 3638 qturm
214 3559 326 3621 lentius
340 3579 394 3642 spe
417 3558 550 3640 ipsorum
571 3559 751 3635 traheretur,
772 3557 833 3618 ulia
847 3577 947 3618 rursus
969 3579 1049 3619 nova
1072 3558 1151 3619 inter

109 3637 227 3725 regulos
259 3658 329 3708 orta
353 3645 464 3720 seditio
486 3656 543 3706 est.
596 3642 763 3706 leonorius
787 3656 880 3722 retro,
906 3643 986 3705 unde
1015 3657 1292 3721 veneranrmseun

109 3732 331 3882 mitt
349 3727 1285 3902 ¹³31?,intingit-tl.Bttltttdttt?Vm·

331 3865 342 3899 ,
1135 3853 1150 3866 .

306 3935 518 3992 'HiGolliCren
774 3939 949 3990 ¹dios'n'sGrou.

110 4045 262 4163 ”maht-ri
272 4049 362 4115 glans]
387 4049 440 4100 Vid.
457 4059 508 4100 not.
526 4049 565 4099 27.
584 4050 611 4096 sd
646 4049 708 4125 hunc
724 4048 763 4097 ills
780 4049 914 4112 suspiesnu,
931 4057 956 4097 et
973 4047 1002 4096 sb
1020 4063 1047 4096 es
1066 4061 1150 4096 nomeu

147 4126 174 4161 n.
203 4148 209 4161 .
646 4125 750 4164 traxisse.

140 4173 161 4209 ⁵⁶
174 4177 259 4242 ugus
277 4147 371 4228 mutus
391 4176 533 4245 musarum]
558 4179 612 4226 us
678 4177 820 4240 eramen]
849 4177 913 4226 oum
938 4177 1038 4226 nasas.
1061 4177 1150 4226 umen-

30 4289 33 4304 ,
111 4237 151 4288 olis
183 4242 294 4292 Romanis
329 4246 430 4295 120000.
472 4245 611 4293 nostratibus
647 4242 1022 4304 drritSigoniussxc.ld.inirs.

111 4305 194 4356 mut.
678 4309 820 4372 ⁵⁰Diuium]
851 4309 910 4357 Haec
930 4321 965 4358 est
984 4308 1092 4373 scriptura
1110 4323 1150 4356 co·

140 4369 284 4437 Ὴρωὶᾱω]
310 4375 357 4424 Jsc.
377 4375 508 4423 Gronovius
530 4389 611 4423 emen.
643 4374 698 4422 dicis
708 4375 770 4424 Vict.
787 4373 863 4439 Vulgo
874 4375 960 4437 legitur
972 4375 1060 4423 diuisis:
1074 4373 1153 4422 minus

109 4432 146 4507 dat
163 4437 274 4488 Acoridos.
308 4440 387 4487 nosris
408 4453 444 4489 est
461 4441 515 4488 urbs
534 4440 611 4503 Phry·
644 4441 767 4504 eleganter.

107 4511 157 4558 8¹²»
171 4515 263 4568 propter
278 4521 345 4571 quarn
362 4507 432 4556 sirum
449 4505 518 4556 inisse
535 4505 611 4555 vicum
