3038 5200
350 341 406 398 tta
774 327 859 390 'l'I'l'l
877 327 980 390 L1v11
1030 347 1039 360 ·
1089 351 1091 360 ·

184 486 324 538 ⁰·0·⁵⁵⁷·
349 484 453 551 Gallia
470 506 539 550 cum
563 483 709 549 Boiorum
731 503 824 548 manu
850 493 973 567 propter
995 480 1137 546 Limam
1159 480 1278 558 silvam,
1298 479 1399 562 siguis

183 553 215 603 Α·
226 553 257 604 c·
269 551 322 602 ¹⁹⁵·
351 573 493 652 conlatis,
504 574 638 636 secundo
653 571 759 656 proelio
770 571 918 634 conflixit.
944 569 1025 632 Octo
1040 569 1136 632 millia
1149 566 1309 632 Gallorum
1319 585 1403 630 cua

351 661 529 724 traduntur:
553 660 658 738 ceteri,
680 659 794 721 omisso
816 657 909 736 bello,
933 656 966 718 in
990 657 1072 718 vicos
1094 676 1165 718 suos
1188 666 1282 736 atque
1308 673 1402 736 agros

353 747 471 830 dilapsi.
516 744 629 808 Consul
644 745 790 827 reliquum
810 743 923 806 astatis
943 743 1025 804 circa
1045 741 1160 804 Padum
1183 741 1346 804 Placentia
1368 748 1403 801 et

330 887 332 892 .
353 831 512 895 Cremonae
532 833 698 895 exercitum
721 831 838 908 habuit,
859 829 1060 911 restituitque,
1083 849 1149 909 quar
1168 829 1199 890 in
1219 828 1256 890 iis
1277 826 1402 909 oppidis

352 918 434 982 bello
451 919 550 980 diruta
565 917 694 980 fuerant.
737 915 838 987 Quum
856 916 906 978 hic
922 926 1019 978 status
1039 935 1137 978 rerum
1158 915 1190 977 in
1211 913 1304 977 ltalia
1323 911 1402 976 His-

188 1010 284 1066 onere
295 1023 340 1063 su·
354 1007 504 1090 panisque
522 1014 610 1082 esset,
624 1003 663 1067 T.
679 1003 834 1081 Quinctio,
856 1003 888 1064 in
907 1000 1026 1065 Graecia
1041 1003 1084 1064 ita
1098 1002 1232 1064 hibernis
1247 1001 1337 1078 actis,
1352 1011 1402 1078 ut,

186 1089 232 1130 ⁸⁸¹⁸·
353 1091 487 1175 exceptis
501 1087 625 1168 AEtolis,
647 1091 755 1172 quibus
770 1110 827 1151 nec
842 1110 898 1171 pro
917 1109 970 1171 spe
994 1089 1125 1151 victoriae
1149 1088 1273 1171 praemia
1299 1087 1402 1150 conti-

353 1191 472 1260 gerant,
495 1199 551 1238 nec
577 1177 628 1238 diu
655 1177 740 1257 quies
766 1176 886 1258 placere
902 1186 1033 1258 poterat,
1055 1175 1193 1237 universa
1207 1174 1336 1248 Gracia,
1357 1172 1402 1235 si-

352 1263 417 1327 mul
442 1263 526 1346 pacis
548 1263 753 1344 libertatisque
779 1262 934 1344 perfruens
959 1262 1058 1339 bonis,
1091 1262 1212 1343 egregie
1238 1272 1323 1323 statu
1347 1278 1403 1320 suo

353 1347 510 1432 gauderet,
531 1369 588 1410 nec
613 1349 711 1431 magis
731 1349 763 1409 in
784 1348 865 1410 hello
885 1349 1028 1411 virtutem
1042 1347 1174 1411 Romani
1189 1347 1287 1426 ducis,
1308 1365 1402 1428 quam

355 1437 386 1498 in
400 1435 529 1498 victoria
544 1436 774 1518 temperantiam
796 1433 1008 1516 justitiamque
1029 1447 1060 1496 et
1079 1433 1321 1496 moderationem
1342 1431 1402 1492 mi-

355 1535 481 1600 raretur,
510 1524 534 1567 ⁷¹
551 1521 857 1600 senatusconsultum,
889 1542 949 1603 quo
979 1521 1092 1584 bellum
1122 1521 1263 1583 adversus
1297 1516 1402 1579 Nabin

355 1604 621 1670 Lacedaemonium
637 1609 792 1690 decretum
806 1618 881 1687 erat,
903 1607 1049 1670 adfertur.
1093 1606 1162 1677 Quo
1177 1605 1401 1684 lecto,Quinc·

355 1694 428 1772 tius,
444 1707 595 1756 conventu
612 1692 792 1757 Corinthum
805 1694 941 1757 omnium
953 1694 1102 1756 sociarum
1124 1693 1293 1756 civitatium
1316 1693 1400 1773 lega-

356 1779 490 1842 tionibus
503 1781 534 1840 in
554 1781 634 1841 diem
650 1793 764 1844 certam
777 1781 889 1860 edicte,
910 1781 962 1842 ubi
980 1781 1153 1862 frequentes
1169 1780 1301 1860 undique
1315 1779 1403 1861 prin-

358 1866 441 1948 cipes
466 1879 682 1946 convenerunt,
712 1867 757 1928 ita
779 1881 815 1930 ut
841 1888 880 1930 ne
903 1865 1001 1928 AEtoli
1027 1867 1151 1948 quidem
1174 1867 1322 1943 abessent,
1346 1864 1403 1926 tali

190 1951 298 2030 emnerii
358 1952 494 2014 oratione
512 1963 558 2015 est
578 1974 667 2014 usus:
695 1951 839 2015 ‘Bellum
862 1953 1002 2016 adversus
1024 1951 1124 2034 Philip
1146 1973 1199 2014 um
1219 1973 1282 2014 non
1302 1951 1403 2032 magis

190 2019 326 2131 {3¹32ng
357 2037 537 2101 ‘communi
553 2039 664 2101 animo
687 2039 875 2120 consilioque
904 2038 1036 2102 Romani
1058 2050 1091 2100 et
1114 1975 1212 2100 draci
1235 2046 1402 2119 gesserunt,

190 2147 252 2195 beno
261 2149 340 2197 eder.
357 2123 471 2210 ‘quam
485 2125 603 2207 utrique
618 2147 687 2188 suas
702 2145 823 2186 caussas
839 2125 909 2186 belli
922 2125 1102 2187 habuerunt.
1146 2122 1228 2186 Nam
1240 2136 1273 2185 et
1287 2122 1404 2184 Roma-

186 2211 325 2268 surNabir·
357 2211 489 2275 ‘norum
511 2212 689 2289 amicitiam,
709 2232 789 2272 nunc
814 2209 1084 2292 Karthaginienses
1105 2210 1208 2274 hostes
1231 2231 1336 2272 eorum
1349 2207 1402 2290 ju-

357 2299 368 2332 ‘
381 2299 491 2376 vando,
506 2320 587 2360 nunc
599 2298 648 2359 hic
660 2298 750 2360 sociis
762 2298 873 2359 nostris
884 2297 1107 2379 obpugnandis,
1121 2296 1305 2373 violaverat3
1328 2307 1359 2358 et
1370 2295 1404 2356 iu

357 2385 434 2448 ‘vos
457 2385 525 2446 talis
545 2385 612 2462 luit,
643 2395 679 2446 ut
701 2385 798 2461 nobis,
821 2385 940 2446 etiamsi
964 2393 1135 2446 nostrarum
1158 2383 1404 2444 oblivisceremur

355 2471 569 2553 ‘injuriarum
586 2481 691 2532 vestra
714 2468 829 2550 injuriae
852 2470 925 2532 satis
945 2469 1038 2550 digna
1053 2489 1161 2530 caussa
1183 2469 1254 2530 belli
1278 2468 1405 2530 fuednt.

356 2553 543 2618 ‘Hodierna
564 2555 747 2618 consultatio
768 2565 836 2617 tota
855 2575 894 2616 ex
914 2555 999 2617 vobis
1020 2555 1145 2637 pendet.
1179 2553 1300 2617 Refero
1320 2553 1405 2616 enim

357 2639 368 2673 ‘
383 2641 496 2720 advos,
516 2651 618 2702 utrum
638 2641 748 2722 Argos,
770 2641 849 2703 sicut
866 2641 950 2704 scitis
966 2641 1022 2724 ipsi
1044 2643 1083 2702 ab
1098 2639 1217 2703 Nabide
1233 2652 1406 2724 occupatos

356 2726 448 2810 ‘pati
479 2727 577 2789 velitis
606 2727 662 2788 sub
687 2727 802 2789 ditione
822 2725 887 2808 ejus
909 2749 999 2790 esse:
1038 2748 1078 2788 an
1103 2747 1215 2810 Quum
1235 2727 1407 2804 censeatis,

357 2812 370 2846 ‘
383 2812 602 2876 nobilissimam
616 2813 910 2894 vetustissimamque
925 2814 1093 2891 ciuitatem,
1115 2814 1145 2874 in
1159 2811 1259 2874 media
1279 2809 1408 2874 Gracia

357 2898 485 2978 ‘sitam,
517 2899 611 2981 repeti
635 2899 666 2959 in
687 2899 869 2978 libertatem,
891 2910 924 2961 et
942 2900 1050 2962 eodem
1078 2910 1170 2978 statu,
1198 2919 1258 2980 qno
1277 2909 1407 2961 ceteras

358 2985 473 3048 ‘urbes
500 2983 701 3068 Peloponnesi
727 2996 759 3047 et
783 2983 914 3064 Graeciae,
935 3007 1013 3054 esse.
1057 2984 1133 3048 Haec
1153 2985 1347 3064 consultatio,
1369 2994 1408 3044 ut

358 3070 504 3150 ‘videtis,
530 3082 599 3134 tota
624 3071 662 3132 de
681 3093 713 3132 re
734 3073 906 3155 pertinente
926 3073 965 3134 ad
984 3093 1037 3134 vos
1058 3084 1125 3150 est3
1152 3070 1308 3134 Romanos
1328 3070 1406 3134 nibil

358 3156 547 3240 ‘contingit,
577 3157 635 3218 nisi
664 3168 811 3238 quatenus
837 3159 970 3220 liberatae
991 3157 1125 3236 Graeciae,
1155 3159 1243 3220 unius
1273 3156 1405 3220 civitatis

358 3243 370 3277 ‘
384 3245 523 3322 servitus,
534 3264 595 3304 non
610 3243 744 3326 plenam,
765 3265 823 3306 nec
838 3245 988 3327 integram
1003 3245 1132 3326 gloriam
1146 3265 1213 3306 esse
1228 3244 1312 3307 sinit
1344 3243 1404 3304 Ce-

359 3330 371 3363 ‘
385 3341 483 3392 terum
499 3329 524 3391 si
541 3351 594 3391 vos
615 3349 670 3390 nec
683 3349 756 3391 eura
770 3329 836 3413 ejus
850 3331 990 3408 civitatis,
1001 3351 1059 3392 nec
1071 3331 1257 3413 exemplum,
1278 3351 1337 3392 nec
1351 3350 1407 3412 pe·

358 3414 371 3450 ‘
384 3417 512 3477 riculum
522 3425 634 3493 movet,
643 3435 682 3477 ne
694 3427 795 3498 serpat
809 3417 899 3479 latius
911 3417 1054 3498 contagio
1069 3416 1134 3499 ejus
1144 3417 1237 3496 mali,
1260 3437 1316 3478 nos
1326 3417 1404 3497 requi

359 3501 372 3535 ‘
386 3501 518 3581 bonique
535 3499 671 3562 facimus.
714 3499 763 3562 De
778 3501 836 3564 hac
851 3523 882 3564 re
896 3524 948 3564 vos
962 3503 1099 3582 consulo,
1114 3514 1247 3566 staturus
1262 3524 1310 3582 eo,
1323 3501 1405 3586 quod

361 3584 373 3619 ‘
389 3585 489 3666 plures
504 3583 699 3646 censueritis!
1110 3637 1112 3640 .

405 3667 525 3732 XXIII.
556 3668 630 3734 Post
653 3673 823 3736 orationem
850 3672 980 3736 Romani
1006 3675 1208 3758 imperatoris,
1235 3675 1406 3759 percenseri

363 3755 491 3818 aliorum
507 3757 664 3819 sententiae
678 3772 786 3840 coeptae
801 3774 881 3823 sunt.
910 3760 1012 3832 Quum
1028 3763 1145 3844 legatus
1159 3762 1407 3840 Atheniensium,

364 3853 510 3925 quantum
536 3854 657 3924 poterat
681 3846 786 3926 gratiis
809 3846 945 3929 agendis,
968 3847 1176 3911 Romanorum
1202 3849 1232 3910 in
1258 3847 1408 3911 Graeciam

364 3929 472 3991 merita
503 3929 670 4009 extulisset,
705 3931 904 4016 ‘inploratos
931 3933 1087 4012 auxilium,
1118 3935 1259 3997 adversus
1290 3934 1406 4017 Philip·

364 4014 463 4097 ‘pum
486 4016 591 4078 tulisse
620 4037 732 4098 opem3
762 4039 824 4080 non
844 4030 976 4102 rogatos,
997 4024 1024 4066 ⁷²
1034 4021 1113 4082 ultro
1136 4021 1277 4084 adversus
1301 4033 1405 4104 tyran·

398 4122 420 4159 ⁷¹
440 4122 666 4182 Sorotuseonrulnmr,
683 4140 724 4187 quo
741 4125 872 4174 bellrrmod·
905 4127 975 4175 Unde
994 4127 1106 4194 minusp
1159 4130 1182 4177 ’e
1199 4129 1244 4177 dici
1260 4127 1410 4178 rideturbd·

364 4201 442 4236 cerm
463 4186 551 4252 Nobis]
583 4188 633 4238 Hic
654 4189 791 4251 requirimus
811 4189 872 4238 Lirii
903 4191 953 4239 lum
977 4193 1084 4240 adversus
1134 4193 1188 4242 abiu
1212 4194 1410 4244 oenatmconsulro

368 4251 515 4311 diligentiam.
563 4251 637 4319 Supra
668 4256 740 4315 enim,
773 4267 871 4305 xxxin.
903 4257 1030 4306 decretum.

368 4317 410 4362 45.
422 4315 512 4378 scripsit
525 4319 659 4381 permissum
674 4319 744 4367 luisse
763 4335 776 4366 a
795 4333 876 4368 senatu
939 4322 961 4358 Ἠ
989 4321 1053 4374 Ultro
1074 4326 1175 4374 adserere
1193 4333 1317 4388 tyrannum
1338 4321 1414 4374 Ndrirr

366 4377 401 4425 Τ.
419 4377 528 4436 Quintio,
543 4385 602 4444 quod
621 4386 649 4431 ad
670 4383 747 4431 Nebin
763 4385 878 4443 attineret,
907 4385 985 4452 efferre
1005 4388 1125 4452 muillum]
1143 4391 1300 4438 discutimur
1322 4389 1414 4438 Grmo·

369 4440 467 4503 taceret,
480 4459 531 4508 que
543 4447 682 4513 erepublica
699 4461 803 4500 censeret
818 4466 875 4502 csse.
907 4452 945 4501 rio
954 4452 1066 4519 rejicient
1078 4453 1182 4507 ultimam
1197 4470 1289 4522 rocem,
1305 4469 1359 4520 quse
1375 4455 1413 4504 liic
