3038 5200
286 334 301 366 ¹·
336 331 422 432 ’πε
780 365 865 428 mn
885 365 987 427 mvn

195 535 338 590 v.'c.557.
365 515 527 590 damonii':
551 535 704 606 tensaque
719 522 801 586 acies
815 535 955 605 tempore
969 517 1032 584 uno
1051 515 1277 586 lo'cis'di'rersis
1297 539 1417 604 pugna-

197 605 230 653 Ᾰ·
240 601 270 655 ⁰·
284 603 340 654 ¹⁹⁵·
364 615 450 676 bant.
466 612 587 691 deinde,
609 621 765 672 crescente
780 609 960 686 certamine,
981 626 1173 691 nequaquam
1188 620 1257 671 erat
1271 607 1413 690 proelinm

365 721 431 784 par.
446 698 610 761 missilibus
625 698 708 758 enim
726 694 950 758 lacedemonii
965 696 1153 778 pugnabant,
1176 717 1196 758 a
1210 695 1372 776 quibus‘se
1386 706 1416 756 ct

365 785 577 868 magnitudine
592 783 671 845 scuti
687 782 831 865 perfacile
847 780 1005 843 Romanus
1020 783 1163 844 tuebatur
1178 781 1277 859 miles,
1289 790 1323 842 et
1334 781 1416 862 quod

366 873 406 934 ali
432 871 513 949 vani,
528 870 579 931 alii
594 870 674 931 leves
688 869 854 930 admodum
870 869 948 932 ictus
963 879 1062 930 erant.
1077 889 1151 929 nam
1166 879 1291 951 propter
1303 887 1414 948 angus·

366 959 426 1020 tias
448 957 508 1018 loci
532 955 762 1034 confertamque
786 956 906 1017 turbam
932 957 1033 1016 ³⁰nort
1059 954 1153 1016 modo
1179 955 1219 1016 ad
1246 953 1417 1015 emittenda

365 1063 436 1105 cum
452 1033 608 1124 procursu,
630 1060 692 1123 quo
715 1039 879 1122 plurimum
902 1040 1095 1102 concitantur
1117 1041 1190 1120 tela,
1212 1041 1347 1124 spatium
1363 1039 1416 1102 hs-

366 1129 502 1190 bebantr
526 1127 580 1189 sed
602 1145 643 1187 ne
668 1136 701 1188 ut
726 1125 764 1187 de
783 1126 880 1207 gradu
901 1126 1023 1207 quidem
1039 1126 1136 1188 libero
1152 1148 1188 1189 ac
1204 1125 1307 1189 stabili
1323 1145 1415 1188 cons·

366 1226 481 1276 rentur.
527 1208 685 1294 ltaqueex
706 1213 832 1274 adverso
856 1213 950 1274 missa
973 1212 1045 1292 tela,
1067 1213 1152 1275 nulla
1173 1214 1205 1276 in
1229 1213 1416 1294 corporibus,

366 1322 436 1364 rara
453 1301 485 1361 in
511 1299 602 1361 scutis
627 1298 792 1361 haercbant.
817 1320 837 1360 a
860 1299 1125 1362 circumstantibus
1149 1319 1188 1361 ex
1213 1300 1416 1382 superioribm

366 1387 442 1450 locis
469 1385 593 1468 quidam
615 1385 764 1447 vulnerati
788 1397 880 1448 sunt:
910 1379 984 1446 moir
1002 1405 1176 1468 progressos
1187 1385 1253 1468 jam
1269 1387 1366 1448 etiam
1380 1406 1415 1447 ex

366 1475 457 1536 tectis
471 1487 534 1534 non
549 1471 611 1534 tela
625 1471 730 1550 modo,
753 1471 808 1534 sed
822 1473 931 1554 tegula
947 1491 1077 1554 quoque,
1100 1471 1295 1556 inopinantes
1310 1491 1416 1555 percu·

367 1561 475 1622 lerunt.
520 1557 654 1621 Sublatis
680 1557 792 1619 deinde
814 1579 907 1641 supra
929 1558 1032 1641 capita
1044 1560 1149 1637 scutis,
1171 1560 1417 1640 continuatisque

366 1646 412 1709 ita
427 1646 507 1708 inter
521 1665 564 1723 se,
587 1655 697 1706 utnon
714 1645 807 1706 modo
824 1646 864 1706 ad
879 1664 976 1707 caecos
992 1646 1082 1724 ictus,
1104 1644 1158 1707 scd
1173 1667 1212 1708 ne
1228 1645 1416 1708 adinlcren·

366 1732 439 1793 dum
455 1724 579 1812 quidem
596 1751 633 1792 ex
649 1731 820 1815 propinquo
834 1727 930 1794 telum
946 1732 1005 1792 loci
1021 1733 1187 1815 quidquam
1202 1743 1296 1811 esset,
1319 1743 1413 1795 tasas

368 1818 438 1879 dine
453 1817 536 1880 lacta
550 1818 696 1881 subitant.
716 1821 743 1865 ³⁷
755 1830 788 1881 et
802 1818 906 1900 prima
921 1813 1067 1900 angustia
1082 1819 1257 1902 paullisper,
1274 1841 1331 1882 sua
1346 1820 1415 1881 hos-

354 1903 505 1984 ‚tiumque
526 1903 642 1966 relertae
658 1906 757 1983 turba,
780 1917 962 1968 tenuerunt:
990 1916 1152 1988 postquam
1167 1907 1199 1967 in
1215 1906 1416 1988 patentiorem

366 1989 447 2050 vium
463 1988 545 2051 urbis
560 1991 721 2071 paullatim
736 2003 900 2073 urguentes
915 1993 1037 2055 hostem
1053 2013 1239 2074 processere,
1258 2013 1321 2055 sion
1337 1992 1416 2054 ultra

366 2076 411 2137 vis
437 2095 542 2138 eorum
567 2087 659 2158 atque
685 2078 805 2159 inpetus
832 2079 975 2140 sustineri
1001 2076 1155 2162 poterant.
1200 2079 1304 2150 Quum
1328 2091 1415 2160 terga

366 2163 530 2225 vertissent
554 2160 788 2243 Lacedaemonii,
821 2175 854 2226 et
879 2164 973 2226 elima
994 2166 1071 2246 luga
1094 2164 1251 2248 superiora
1275 2176 1415 2249 peterent

368 2247 457 2327 loca;
488 2246 587 2310 Nabis
611 2249 746 2331 quidem,
767 2262 802 2313 ut
827 2262 921 2334 capta
934 2253 1007 2314 urbe
1023 2253 1190 2334 trepidans,
1205 2271 1334 2334 quanam
1348 2252 1416 2334 ipse

368 2335 524 2412 evaderet,
538 2334 823 2418 circumspectabat.
867 2337 1055 2422 Pythagoras
1069 2359 1162 2420 quum
1178 2340 1218 2402 ad
1233 2352 1336 2403 cetera
1350 2338 1416 2400 ani-

367 2441 420 2482 mo
435 2421 595 2504 officioque
610 2422 695 2496 ducis
711 2422 903 2504 fungebatur,
925 2437 989 2486 tum
1009 2446 1080 2488 vcro
1095 2447 1184 2505 unm,
1206 2447 1245 2500 nc
1261 2437 1416 2510 caperetur

338 2534 349 2549 ·
367 2506 450 2582 orbs,
465 2525 573 2567 caussa
587 2506 654 2569 fuit.
669 2509 812 2570 succendi
828 2510 910 2571 enim
925 2510 1052 2574 adilicia
1066 2513 1209 2594 proxima
1219 2533 1306 2575 muro
1316 2511 1417 2595 jrrssit.

369 2610 538 2674 quaequam
554 2605 712 2655 momento
727 2595 872 2677 temporis
894 2598 1048 2677 arsissent,
1070 2611 1105 2661 ut
1131 2597 1345 2679 adjuvantibus
1370 2599 1416 2680 ig·

369 2697 452 2754 uem,
474 2677 526 2758 qui
546 2678 621 2739 alias
641 2679 681 2740 ad
706 2680 962 2763 exstinguendum
976 2702 1075 2767 'opem
1095 2684 1175 2747 ferre
1197 2686 1307 2763 solent,
1331 2705 1417 2748 ruere

281 2801 288 2818 .
369 2763 402 2824 in
429 2761 585 2826 Romanos
608 2774 714 2828 tecta:
749 2787 806 2829 nec
833 2769 1003 2850 tegularum
1028 2772 1122 2834 modo
1146 2771 1325 2854 fragments,
1360 2771 1419 2833 sed

370 2849 465 2911 enam
492 2851 633 2912 ambusta
659 2852 755 2935 tigna,
778 2854 818 2916 ad
843 2868 977 2919 armatos
995 2859 1199 2940 pervenire'et
1214 2859 1335 2920 limnma
1353 2857 1418 2920 late

369 2934 468 3015 fundi,
490 2935 590 2998 furnus
605 2947 751 3000 terrorem
764 2940 859 3002 ctiam
874 2941 1033 3025 majorem,
1056 2965 1147 3026 quam
1165 2941 1344 3028 pericolum,
1368 2943 1416 3006 fa·

369 3043 448 3084 cere.
493 3020 600 3104 ltaque
627 3033 659 3085 et
684 3025 734 3108 qui
759 3037 847 3089 extra
869 3029 975 3092 urbem
1000 3041 1089 3093 erant
1108 3030 1328 3108 Romanorum,
1352 3043 1415 3092 turn

352 3108 502 3171 'maxime
526 3109 646 3192 inpetus
671 3111 829 3191 facientes,
852 3135 999 3178 recessere
1022 3139 1042 3179 a
1067 3137 1176 3182 muro:
1209 3129 1251 3196 et,
1277 3119 1331 3199 qui
1350 3115 1415 3200 jam

369 3195 565 3275 intraverant,
587 3217 627 3259 ne
651 3197 793 3261 incendio
817 3201 983 3283 abstergo
1007 3205 1124 3266 oriente
1145 3205 1416 3267 intercluderentur

339 3294 348 3313 ·
369 3283 409 3343 ab
433 3282 505 3360 sois,
532 3295 711 3366 receperunt
733 3307 810 3348 sese.
831 3298 864 3350 ct
886 3287 1057 3368 Quinctius,
1083 3303 1258 3374 postquam,
1280 3293 1355 3373 quid
1374 3290 1414 3354 rei

370 3380 461 3446 esset,
472 3369 557 3448 vidit,
571 3371 706 3454 receptui
721 3393 830 3436 canere
840 3372 942 3456 jussit.
957 3376 1002 3438 ita
1011 3375 1077 3458 jam
1092 3398 1112 3439 a
1126 3389 1219 3460 capta
1233 3399 1329 3461 prope
1344 3377 1416 3440 urbe

370 3455 504 3517 revocati
520 3457 673 3519 redierunt
688 3458 718 3520 in
735 3471 845 3522 castra.

412 3537 480 3601 XL.
513 3541 671 3612 Quinctius
701 3545 768 3626 plus
793 3545 833 3609 e‘x
858 3548 968 3611 timore
992 3549 1138 3630 hostium,
1168 3571 1262 3632 quam
1284 3572 1314 3614 re
1338 3551 1418 3634 ipsa,

370 3624 437 3706 spei
465 3637 584 3705 nactus,
617 3631 829 3710 pertriduum
856 3635 1016 3716 insequens
1042 3637 1195 3700 territavit
1223 3659 1298 3715 eos;
1334 3657 1417 3700 nime

351 3709 486 3810 ¹proeliis
511 3711 698 3795 lacessendo,
729 3739 809 3780 nunc
835 3721 976 3804 operibus
1002 3722 1228 3807 intersepiendo
1252 3725 1418 3806 quaedam3

370 3815 412 3858 ne
434 3809 535 3862 exitus
556 3799 596 3862 ad
619 3799 723 3884 fugam
747 3817 840 3869 esset.
884 3805 941 3868 His
968 3811 1256 3874 comminationibus
1279 3809 1421 3894 compul-

371 3904 422 3947 sus
459 3896 603 3969 tyrannus
641 3885 845 3973 Pythagoram
879 3913 978 3956 rursus
1015 3907 1168 3960 oratorem
1199 3897 1294 3975 misit,
1327 3917 1420 3980 quem

370 3967 532 4042 Quinctius
557 3973 657 4054 primo
681 3976 922 4060 adspernatumss
944 3982 1092 4044 excedere
1115 3985 1223 4046 castris
1239 3981 1344 4067 jussit.
1364 3983 1419 4046 de-

371 4055 443 4120 inde
472 4057 648 4142 suppliciter
677 4075 829 4145 orantem,
859 4065 1094 4152 advolutumque
1122 4071 1261 4152 genibus,
1292 4070 1421 4134 tandem

533 4204 654 4260 ‘aGrora
666 4209 735 4262 Crer.
882 4235 891 4252 ·
1009 4217 1254 4282 tadmrpratmlied.

354 4319 357 4325 '
402 4309 425 4344 ³⁸
449 4311 499 4360 Noa
515 4317 595 4365 nudo.
607 4351 613 4366 .
626 4320 738 4381 apuam
755 4321 870 4384 msam]
907 4323 980 4382 dress,
989 4323 1153 4374 cuiconreatit
1164 4323 1321 4383 Victeotlcx.
1334 4325 1423 4387 prbe·

368 4373 426 4452 ilua
443 4377 511 4426 modo
526 4393 590 4432 acar
613 4393 640 4432 ut
651 4399 711 4449 repr
719 4385 768 4450 jam
780 4399 875 4437 saona
908 4387 991 4438 Prr'raae
1008 4391 1117 4455 rngsmie
1137 4402 1192 4438 sunt
1212 4390 1324 4454 anm
1345 4389 1424 4456 prim

367 4455 812 4577 nqmmnmemww
823 4518 876 4567 Aa·
907 4466 1055 4506 commeares
1063 4453 1208 4506 manubia
