3080 5196
407 329 466 434 sei
595 449 599 457 .
825 371 910 432 mm
933 369 1034 430 mvn

243 545 277 596 u.
288 551 318 599 c.
329 551 385 603 561.
409 525 420 562 ‘
436 527 474 591 ad
486 539 662 592 consuetum
673 527 874 612 imperiumne
883 527 1036 593 evertant?
1050 543 1107 591 nec
1116 525 1249 590 iisnoxe
1258 525 1394 590 futurum
1403 525 1455 604 sit,

242 613 273 663 Α.
285 615 319 665 0.
331 614 385 669 lul.
409 615 528 699 ‘quod‚
552 638 644 699 quum
668 616 799 678 Romani
822 617 926 699 procul
941 617 1092 694 obessent,
1117 617 1178 677 vim
1196 627 1282 678 tuam
1297 614 1456 697 presentis

410 703 642 786 ‘exercitusque
658 704 701 765 tui
714 704 844 788 experiri
859 702 1029 766 noluerint?
1054 702 1179 774 Quanto
1195 703 1288 785 igitur
1302 701 1389 784 prius
1398 720 1455 782 po-

410 791 421 822 ‘
436 791 555 874 tiusque
571 803 628 871 est,
644 790 817 874 Philippum
832 791 921 852 nobis
936 789 1132 873 conjungere,
1148 809 1238 872 quom
1251 787 1328 852 ho'sl
1354 788 1451 867 cui‚si

409 877 527 940 ‘semel
541 879 573 940 in
589 899 725 942 caussam
737 878 938 957 descenderit,
952 877 1029 940 nihil
1040 875 1150 960 integri
1166 877 1301 941 hrturum
1317 877 1370 954 sit,
1387 877 1453 957 qui·

409 966 420 997 ‘
435 987 492 1047 que
508 987 559 1028 ees
574 967 650 1029 vires
665 966 794 1045 adferet,
809 987 874 1048 quoe
882 986 944 1028 non
953 964 1088 1027 accessio
1097 977 1216 1028 tuntum
1226 961 1267 1026 ed
1276 963 1451 1026 Romanum

410 1051 420 1086 ‘
435 1074 500 1115 esse
515 1054 639 1133 bellum,
654 1056 709 1117 sed
725 1075 779 1138 per
794 1075 826 1116 se
843 1053 914 1136 ipeae
929 1073 1024 1136 nuper
1038 1053 1186 1140 sustinere
1205 1051 1365 1136 potuerint
1388 1047 1449 1112 Ro-

407 1141 419 1173 ‘
433 1161 550 1204 menos.
577 1139 646 1204 Hoc
663 1162 721 1224 ego
736 1135 881 1224 'adjuncto
895 1139 988 1220 (obsit
1001 1142 1094 1203 verbo
1108 1140 1233 1220 invidie)
1247 1137 1452 1220 quiduhitsre

407 1227 469 1289 ‘de
486 1241 592 1291 eventu
610 1229 745 1312 possim?
770 1249 874 1311 quum,
900 1228 1007 1309 quibus
1033 1228 1173 1290 eduereus
1197 1226 1370 1310 Philippum
1397 1245 1451 1286 re-

405 1313 417 1347 ‘
432 1315 543 1378 luerint
565 1315 708 1395 Romani,
731 1317 768 1378 iis
786 1315 947 1378 nuncluce
966 1315 1087 1377 uideam
1102 1325 1137 1376 ut
1151 1313 1208 1398 ipsi
1224 1315 1452 1397 obpugnentur.

375 1463 381 1474 ·
405 1399 615 1552 {ellel
639 1403 1016 1554 {lemnum
1031 1401 1452 1552 uenenum

404 1574 415 1607 ‘
431 1585 522 1658 atque
536 1511 746 1640 Athlhhenum
758 1599 842 1660 gens,
858 1596 987 1659 quorum
1003 1511 1169 1640 edild‘rldum
1184 1573 1309 1639 AEtolos
1317 1507 1451 1658 yplililmu

404 1661 487 1723 ‘luit
502 1684 596 1746 opere
610 1664 642 1726 in
659 1686 695 1739 eo
711 1665 803 1745 bello,
828 1664 986 1727 nobiscum
1012 1665 1146 1726 stabunt.
1190 1661 1351 1746 Philippus
1375 1675 1449 1738 urm,

404 1747 461 1812 ‘te
477 1749 592 1830 quieto,
607 1761 705 1813 totam
721 1753 833 1815 molem
850 1751 1018 1814 sustinebat
1032 1751 1122 1814 bellis
1145 1771 1227 1812 nunc
1242 1748 1305 1812 duo
1326 1749 1449 1811 maximi

300 1911 302 1918 y
404 1834 526 1918 ‘regen
539 1839 619 1901 Asiae
629 1837 816 1923 Europaeque
826 1838 948 1918 viribus,
966 1840 1105 1902 adversus
1117 1857 1209 1900 unum
1225 1837 1388 1920 popidum,
1404 1835 1448 1912 (ut

403 1925 529 1988 ‘meam
555 1936 713 2008 utramque
734 1927 888 1990 fortunam
912 1925 1044 2005 taceam)
1071 1937 1192 2007 petrum
1207 1935 1291 1986 certe
1299 1933 1396 2006 ⁸erote
1411 1941 1448 1982 ue

402 2009 480 2073 ‘uni
496 2012 616 2092 quidem
631 2011 827 2097 Epirotarum
843 2013 906 2096 regi
930 2031 1046 2092 penem,
1075 2011 1216 2090 (equine
1240 2009 1367 2071 taudem
1391 2008 1449 2072 erit

402 2095 582 2162 ‘vobiscum
607 2113 801 2185 comparatus
811 2099 838 2177 l)
871 2097 982 2178 geretis
1012 2095 1136 2158 bellum.
1182 2095 1257 2167 Quae
1282 2097 1379 2179 igitur
1403 2117 1448 2158 ιω

401 2183 502 2249 ‘mihi
528 2186 670 2250 fiduciam
695 2189 820 2271 prebet,
847 2181 992 2266 conjungi
1018 2181 1105 2245 nobis
1130 2181 1305 2266 Philippum
1335 2181 1445 2266 posse?

401 2270 412 2303 ‘
429 2268 511 2350 Uno,
526 2272 697 2336 communie
712 2271 838 2349 utilitas,
861 2291 926 2352 que
940 2270 1096 2333 societatis
1111 2271 1279 2332 maximum
1295 2271 1447 2332 vinculum

401 2358 475 2421 ‘est
486 2380 495 2420 ι
508 2359 625 2437 eltem,
645 2369 784 2422 suctores
799 2377 852 2420 vos
867 2355 976 2420 AEtoli.
1019 2353 1137 2441 Vester¹
1150 2357 1232 2420 enim
1254 2357 1376 2440 legatus
1400 2357 1447 2420 hie

400 2439 531 2506 ‘Thoes
553 2447 632 2508 inter
650 2457 764 2523 cetero,
784 2466 850 2528 quse
869 2445 910 2506 ed
936 2443 1116 2507 exciendum
1141 2445 1174 2505 in
1192 2442 1343 2507 Graeciem
1358 2445 1448 2507 nne»

400 2533 410 2561 ‘
426 2530 537 2592 ochum
554 2532 653 2594 dicere
665 2543 712 2593 est
725 2531 842 2610 solitus,
857 2541 928 2594 ente
939 2531 1044 2594 omnio
1054 2532 1114 2594 hoc
1129 2551 1248 2614 semper
1258 2531 1448 2610 adfirmarim

399 2613 552 2680 ‘fremere
570 2617 800 2701 Philippum‚'et
812 2639 890 2698 egre
905 2620 982 2701 peti,
997 2621 1053 2681 eub
1068 2619 1170 2702 specle
1185 2619 1268 2702 pecie
1284 2619 1372 2700 leges
1388 2641 1449 2681 eer-

400 2703 410 2735 ‘
426 2703 529 2765 vitetis
542 2705 601 2766 sibi
617 2705 775 2788 inpositas.
819 2703 908 2768 ²⁹llle
924 2705 1047 2788 quidem
1064 2706 1135 2768 serre
1149 2707 1250 2768 bestie
1264 2705 1380 2768 vinctue
1396 2717 1449 2768 eut

398 2787 1450 2962 1hlhll‘il‘llillllllllllhllzltlflhd‘t

398 2964 409 2996 ‘
423 2963 555 3030 claustra
579 2967 790 3049 restinguimus,
815 2978 851 3030 nt
865 2969 1055 3050 ”erumpere
1072 2968 1124 3030 diu
1138 2966 1305 3030 coercitam
1320 2967 1402 3030 irem
1417 2969 1445 3030 io

398 3051 409 3084 ‘
425 3051 528 3116 hostes
543 3071 719 3118 communes
734 3054 841 3138 possit.
886 3053 978 3125 Quod
993 3055 1018 3118 si
1033 3055 1110 3117 nihil
1124 3075 1194 3117 eum
1209 3051 1327 3136 legatio
1342 3063 1446 3117 nostre

397 3140 408 3172 ‘
423 3142 562 3221 moverit,
573 3152 682 3222 etnos,
693 3141 837 3224 quoniam
847 3141 935 3204 nohis
946 3163 1016 3204 eum
1028 3139 1192 3225 adjungere
1201 3161 1265 3203 nou
1274 3157 1446 3225 possumus,

396 3226 408 3260 ‘
422 3235 484 3288 ne⁰
499 3227 635 3292 hostibus
650 3228 762 3293 nostrie
777 3229 828 3290 ille
840 3227 966 3312 odjuugi
976 3231 1083 3313 possit,
1097 3247 1268 3292 caveamus.
1298 3226 1445 3292 Seleucus

375 3352 378 3354 -
396 3314 407 3346 ‘
422 3314 501 3377 lilius
516 3327 585 3378 urus
600 3315 799 3405 Lysimechiae
813 3327 879 3380 est:
901 3318 953 3398 qui
967 3318 994 3378 si
1009 3339 1047 3380 eo
1061 3316 1208 3396 exercitu,
1233 3335 1326 3398 quem
1341 3329 1443 3378 eccum

397 3401 408 3434 ‘
421 3402 526 3481 hebet,
536 3425 590 3486 per
598 3399 762 3465 Threciam
770 3401 1444 3487 proximeMscedoniecoeperitdepopulori3

396 3489 407 3522 ‘
422 3484 512 3564 sscile
527 3491 566 3551 ab
582 3490 696 3554 auxilio
710 3489 834 3552 ferendo
849 3489 997 3553 Romanis
1011 3489 1186 3574 Philippum
1202 3491 1242 3552 ed
1253 3511 1310 3552 ene
1321 3491 1452 3574 potissi·

396 3574 407 3606 ‘
421 3583 506 3637 muni
521 3577 635 3638 tuende
649 3587 775 3638 evertet.
811 3575 860 3640 De
876 3575 1018 3662 Philippo
1029 3591 1129 3641 meum
1140 3579 1327 3640 sententiam
1338 3577 1442 3640 hebes.

396 3662 405 3694 ‘
420 3659 469 3723 De
484 3663 602 3726 ratione
613 3664 743 3726 universi
754 3664 825 3726 belli
837 3665 911 3746 quid
922 3667 1076 3745 sentirem,
1087 3663 1153 3748 jem
1165 3665 1197 3726 ib
1211 3665 1302 3727 initio
1317 3685 1379 3727 nou
1394 3665 1443 3746 ig-

395 3748 406 3780 ‘
421 3750 545 3811 notasti.
569 3751 651 3832 quod
662 3752 686 3813 si
696 3761 761 3813 tum
773 3751 894 3814 auditus
904 3751 1012 3832 forem,
1021 3773 1083 3815 non
1093 3753 1124 3814 in
1133 3751 1252 3814 Euboea
1260 3749 1442 3814 Chalcidem

394 3835 406 3869 ‘
420 3848 553 3920 ceptam,
569 3850 601 3900 et
617 3838 774 3900 castellum
786 3837 1112 3923 Euripiexpugnetum
1125 3838 1270 3918 Romani,
1283 3837 1443 3902 sedeun-

394 3924 494 3986 ‘riem
510 3921 715 4006 Ligurumque
729 3937 762 3988 et
775 3923 881 3988 Gallie
896 3925 1058 4010 Cisalpine
1071 3947 1157 3989 orem
1173 3927 1255 3989 bello
1265 3925 1387 4004 erdere,
1402 3937 1445 4004 et,

393 4011 470 4093 ‘qni
485 4013 637 4075 maximus
654 4013 691 4074 iis
705 4023 803 4076 terror
817 4025 873 4094 est,
898 4011 1105 4076 Hannibalem
1127 4013 1158 4076 in
1181 4011 1272 4076 ltalia
1296 4031 1365 4076 eese
1388 4033 1442 4076 eu·

601 4155 614 4182 ·
623 4149 727 4212 quiequid
738 4147 813 4198 Grou.
824 4147 864 4211 qui
872 4149 926 4212 quid
935 4143 1006 4197 Cres.
1102 4151 1152 4196 θυι
1163 4145 1238 4196 Grou.

426 4253 448 4292 ³⁸
465 4251 736 4320 Qulpuidtondsmerit]
764 4253 817 4312 Qui,
833 4267 910 4321 ueru-¹
932 4255 1060 4306 Quaene
1078 4255 1138 4306 hunc
1157 4255 1354 4322 cumpuntiom
1374 4251 1443 4301 rn'hul

394 4335 423 4385 pe
443 4319 550 4385 Pyrrhus.
583 4319 659 4382 Vulgo
678 4321 717 4370 hic
734 4320 818 4383 legitur
836 4323 900 4384 prde-
933 4326 1049 4388 superiore
1071 4321 1139 4382 libro,
1156 4339 1177 4372 c.
1198 4323 1237 4370 18.
1258 4335 1306 4370 nou
1326 4319 1443 4380 Thoanti,

393 4388 457 4449 quid,
476 4389 535 4449 quod
552 4387 678 4440 certissime
696 4389 830 4452 conjecturs
848 4403 899 4436 mu·
932 4389 973 4438 sed
1013 4390 1123 4438 hunum
1133 4385 1236 4437 Aemi

393 4452 450 4499 terit
460 4451 570 4517 Dujmius
580 4456 604 4502 in
618 4455 732 4518 quitquid.
767 4451 834 4502 Unde
853 4467 898 4502 neo
962 4455 986 4490 ³⁰
1002 4451 1172 4518 hlumpersdio
1184 4452 1299 4502 cosm
1312 4449 1386 4513 hm]
1405 4449 1444 4497 sie

329 4571 331 4582 Ι
393 4516 514 4567 eduinum
531 4533 583 4568 eam
598 4521 622 4568 iu
636 4529 771 4574 contextum
786 4517 898 4568 dubitavi·
929 4519 1020 4570 Tulli.
1032 4535 1087 4570 xvr.
1099 4520 1127 4568 ad
1143 4521 1194 4568 her.
1211 4531 1250 4584 ep.
1264 4517 1290 4570 3.
1311 4514 1350 4566 m
1370 4519 1396 4564 ἡ
1410 4529 1445 4563 ιι

393 4597 758 4715 ‘'hirimanum-sa]
785 4649 898 4705 oum
930 4585 1061 4638 mm
1070 4595 1193 4649 ‘W'
