3068 5186
428 311 515 374 'HE
536 311 709 386 xxxviii.
730 313 811 374 CAP.
831 313 873 373 11.
1115 322 1176 386 837

127 471 277 534 indimus
291 470 488 556 Amynandro
508 481 566 550 est,
588 483 620 533 et
642 471 741 533 omnis
759 469 945 533 Athamania
966 471 998 533 in
1020 481 1335 555 pessinuntem
1354 495 1361 504 ‘

128 570 208 654 erat,
227 569 335 641 prater
360 557 536 621 Athenaeum
560 557 730 636 cmtellimr,
750 557 859 620 finibus
885 555 1076 622 Macedoniae
1100 558 1342 624 subsc-1³⁹·-

141 655 266 707 ectum.-

123 663 138 725 J
175 729 216 795 ll.
231 729 396 814 Philippus,
418 731 522 794 audita
536 731 707 794 delectione
722 731 926 815 Athamaniae,
942 755 1011 797 cum
1026 755 1079 798 sex
1100 735 1172 800 mil·
1184 756 1304 823 Philippus

128 815 210 880 libus
225 829 409 880 armatorum
427 817 591 900 proiectus,
614 818 732 900 ingenti
754 819 910 884 eeleritate
932 819 1089 905 Gomphos
1103 845 1171 909 per-
1184 823 1295 904 AQ-

128 905 224 966 venit.
253 905 295 966 ibi
321 904 427 966 relicta
450 902 566 985 majore
591 918 678 987 parte
701 906 862 986 exercitus,
891 906 1001 992 (neque
1027 911 1107 972 euim
1133 902 1330 1006 adssffim

129 1001 221 1054 tanta
250 991 361 1053 itinera
376 991 622 1070 «⁸subfecissent)
656 1012 726 1054 eum
756 992 874 1054 duobus
913 995 1045 1058 millibus
1072 995 1173 1061 Athe·

128 1095 239 1156 mum,
255 1078 338 1159 quod
352 1097 446 1140 unum
470 1099 489 1140 a
509 1078 647 1160 praesidio
670 1099 725 1142 suo
753 1090 905 1142 retentum
929 1080 1039 1160 fuerat,
1066 1103 1172 1165 perve-

129 1163 190 1224 nit.
213 1164 296 1242 inde,
326 1165 470 1246 proximis
493 1165 631 1242 tentatis,
657 1185 750 1246 quum
781 1165 870 1228 facile
899 1168 1173 1250 animadvertisset,

128 1259 234 1312 cetera
259 1250 382 1314 hostilia
407 1271 483 1330 esse,
507 1249 667 1336 Gomphos
687 1271 848 1334 regressus,
864 1255 1004 1316 omnibus
1020 1257 1116 1338 copiis
1130 1259 1174 1320 si·

127 1336 194 1400 mul
211 1337 242 1400 in
257 1336 474 1400 Athamaniam
493 1339 595 1400 rediit.
638 1337 793 1400 Zenonem
817 1339 899 1416 inde,
925 1361 995 1416 cum
1019 1341 1173 1426 millepe-

127 1421 244 1486 ditibus
266 1425 462 1506 premissum,
488 1417 854 1508 ⁴Ethopiam'occupnre
876 1425 975 1507 jubet,
1000 1441 1173 1509 opportuna

126 1505 285 1591 Argitheae
312 1511 529 1573 inminentem:
556 1531 645 1591 quem
666 1510 717 1571 ubi
741 1511 838 1573 teneri
862 1513 956 1574 asnis
970 1513 1071 1575 locum
1085 1514 1172 1594 vidit,

129 1593 197 1677 ipse
225 1597 306 1658 eirca
335 1597 484 1680 templum
508 1595 594 1660 Jovis
623 1595 720 1660 Acraei
750 1598 854 1679 posuit
874 1609 982 1662 castra.
1007 1599 1050 1662 ibi
1077 1621 1170 1664 unum

127 1681 210 1744 diem
226 1683 309 1745 loeda
323 1693 502 1766 tempestate
518 1694 664 1762 retentus,
678 1694 800 1766 postero
824 1683 872 1746 die
896 1685 1004 1748 ducere
1025 1685 1065 1748 ad
1078 1685 1170 1771 Argi-

126 1768 234 1830 theam
250 1768 391 1832 intendit.
434 1768 584 1833 Euntibus
608 1765 762 1854 extemplo
789 1770 954 1852 adparuere
968 1770 1170 1854 Athamanes,

127 1851 160 1914 in
190 1855 321 1917 tumulos
349 1855 533 1918 inminentes
558 1857 613 1918 vice
638 1856 850 1919 discurrentes.
874 1857 914 1920 ad
939 1877 1067 1940 quonum
1093 1881 1170 1922 eon-

127 1955 267 2022 spectum
293 1943 457 2006 constitere
483 1944 583 2026 prima
609 1943 705 2024 signa,
731 1955 858 2024 totoque
886 1945 1006 2026 agmine
1027 1965 1122 2028 pavor
1136 1958 1169 2009 et

128 2028 292 2108 trepidatio
307 2039 394 2090 erat:
422 2041 454 2092 et
469 2051 525 2112 pro
540 2051 572 2092 se
588 2030 723 2114 quisque,
747 2029 891 2111 quidnam
917 2030 1051 2093 futurum
1077 2045 1169 2112 esset,

127 2113 274 2195 cogitare,
301 2115 325 2175 si
348 2115 378 2176 in
393 2116 485 2178 valles
509 2115 658 2198 subjectas
685 2115 806 2198 rupibus
831 2137 941 2198 agmen
957 2118 1035 2180 soret
1057 2117 1169 2181 demis·

106 2217 204 2264 ·sum.
249 2199 324 2263 Haee
341 2202 544 2290 qumultuatio
566 2221 679 2282 regem,
707 2200 892 2285 cupientem,
913 2204 938 2264 si
961 2225 992 2266 se
1007 2224 1168 2290 sequeren-
1181 2229 1318 2300 neppam,

125 2298 187 2365 tur,
213 2287 324 2370 raptim
349 2287 476 2350 eradere
498 2289 664 2370 augustias,
691 2308 832 2350 revocare
855 2289 980 2372 primos,
1003 2302 1034 2352 et
1049 2291 1169 2372 eadem,

123 2391 187 2454 qua
201 2385 336 2451 venerat,
351 2375 401 2435 via
422 2375 529 2436 resena
553 2375 654 2455 coegit
673 2375 770 2456 signa.
813 2373 1001 2448 Athamanes
1015 2378 1114 2459 primo
1129 2401 1168 2442 ex

124 2460 286 2522 intervallo
310 2459 405 2542 quieti
432 2461 651 2542 sequebantur:
674 2473 836 2544 postquam
860 2459 957 2524 AEtoli
982 2483 1014 2524 se
1037 2463 1167 2548 conjun-

119 2561 246 2623 xenrnt,
262 2547 328 2625 hos,
344 2557 378 2608 ut
393 2548 431 2608 ab
446 2553 533 2627 tergo
549 2547 664 2628 agmini
688 2547 846 2626 instarent,
871 2547 1056 2630 reliquerunt
1065 2571 1075 2626 3
1106 2550 1164 2633 ipsi

122 2653 144 2693 a
159 2632 303 2693 lateribus
318 2653 350 2693 se
365 2633 629 2695 circumfuderunt.
645 2633 779 2714 quidam,
800 2645 958 2716 pernotus
982 2635 1073 2698 calles
1096 2637 1164 2698 bre·

122 2718 206 2780 viore
222 2718 270 2778 via
284 2721 448 2802 praegreasi,
465 2719 607 2781 transitus
630 2718 788 2784 insederes
816 2731 995 2802 tantumque
1018 2721 1166 2786 tumultus
1233 2745 1238 2757 ,

123 2801 347 2866 Macedonibus
365 2815 411 2868 est
434 2803 589 2886 injectum,
615 2817 649 2867 ut
668 2805 746 2888 fugas
769 2807 865 2888 magis
881 2808 990 2886 effusae,
1006 2829 1097 2890 quam
1113 2811 1165 2873 iti-

122 2892 204 2952 neris
219 2892 351 2970 ordinati
367 2891 471 2968 modo,
491 2891 594 2954 multis
616 2890 707 2953 armis
726 2892 854 2976 virisque
878 2893 1001 2970 relictis,
1028 2895 1165 2960 lllumen

124 2977 310 3058 trajecerint.
336 2977 386 3039 hic
413 2978 481 3039 huis
501 2977 647 3060 sequendi
674 2978 739 3040 fuit.
784 2977 859 3040 lude
884 2990 952 3042 tuto
978 2977 1164 3046 Macedones

122 3061 294 3148 Gomphos,
309 3077 341 3126 et
357 3086 376 3125 a
389 3062 541 3146 Gomphis
563 3066 594 3126 in
617 3061 835 3126 Macedoniam
859 3065 1019 3129 redierunt.
1063 3067 1163 3131 Atha·

122 3169 228 3212 manes
243 3149 399 3232 AEtolique
425 3149 603 3234 Ethopiam,
626 3151 667 3212 ad
686 3149 841 3212 Zenonem
863 3173 899 3213 ac
915 3152 997 3214 mille
1012 3151 1163 3218 Macedo·

120 3256 177 3298 nas
201 3239 428 3320 obprimendos,
455 3238 588 3318 undiquc
614 3249 840 3299 concurremnt.
884 3235 1081 3318 Macedones,
1105 3262 1161 3323 pa·

122 3343 189 3384 rum
205 3324 280 3391 loco,
290 3324 368 3403 freti,
384 3325 422 3386 ab
438 3321 571 3406 Ethopia
586 3324 618 3384 iu
633 3324 773 3385 altiorem
795 3323 1057 3407 deruptioremque
1071 3327 1161 3390 undi-

120 3429 180 3490 que
206 3411 354 3472 tumulum
378 3431 564 3472 concessere.
590 3431 649 3490 quo
676 3409 809 3492 pluribus
831 3409 905 3472 locis
926 3412 1012 3474 aditu
1026 3412 1162 3492 invento,
1221 3479 1225 3490 ¹

121 3497 264 3580 expulere
279 3517 331 3558 eos
345 3496 553 3559 Athamanes:
579 3496 797 3580 dispersosque,
821 3508 853 3558 et
873 3519 927 3580 per
948 3499 1042 3562 invias
1069 3512 1161 3581 atque

121 3581 248 3666 ignotas
270 3605 357 3667 rupes
381 3583 441 3668 itep
463 3583 540 3666 sugae
561 3605 622 3646 non
643 3585 848 3666 expedientes,
874 3585 983 3666 partim
1008 3597 1163 3667 ccpemnt,

120 3669 232 3752 partim
255 3671 489 3733 interfecerunt:
521 3671 608 3734 multi
632 3691 743 3753 pavore
765 3670 796 3732 in
819 3669 946 3754 derupta
971 3673 1162 3756 praecipitati,

150 3843 322 3908 ³Srql'orineru]
356 3847 451 3911 Aliquot
480 3848 552 3897 MSS.
582 3827 623 3897 lia·
657 3859 700 3898 est.
734 3847 829 3898 Medius
857 3860 956 3900 tentatur
978 3853 1001 3898 in
1025 3851 1162 3901 membranis

38 3910 41 3916 '
120 3909 186 3967 beat,
201 3923 262 3960 teste
282 3911 330 3960 lar.
351 3913 635 3980 Gronor10,snfficersnt.·
656 3913 754 3963 suissub
765 3917 833 3963 finem
844 3915 911 3977 hujus
919 3916 1161 3980 capitislegidlopam:
1210 3947 1215 3958 -

119 3975 353 4028 meminissent
372 3978 512 4028 Victorinus.
546 3981 624 4043 Atque
658 3983 725 4044 cujus
755 3983 853 4028 nominis
877 3983 954 4045 plures
977 3983 1045 4030 urbes
1073 3997 1161 4030 memo·

120 4039 143 4086 id
160 4041 249 4090 ridetur
270 4043 328 4092 male
350 4055 464 4093 muratum
480 4045 507 4092 ab
527 4047 562 4102 iis,
582 4046 622 4108 qui
654 4058 734 4094 rantur
755 4062 768 4093 a
790 4047 909 4107 Strabone,
938 4048 954 4094 l.
983 4059 1020 4095 rx.
1050 4047 1161 4096 Meminit

81 4104 86 4112 '
118 4106 235 4154 nescirent
245 4105 285 4156 has
298 4121 430 4174 temporum
448 4111 472 4158 in
489 4111 563 4158 verbis
580 4127 621 4160 ua·
655 4127 745 4174 quoque
757 4111 843 4159 Plinius
853 4113 927 4173 Alopes
945 4112 969 4159 in
988 4111 1072 4168 Locris,
1089 4111 1105 4158 l.
1124 4125 1161 4160 tv.

118 4169 225 4220 riauones
242 4173 270 4220 ab
291 4174 380 4237 optimis
403 4173 529 4239 quibusque
551 4177 622 4242 scrip·
655 4193 678 4226 c.
700 4179 723 4226 7.
754 4178 781 4224 ln
803 4175 889 4225 Victor.
911 4178 989 4225 codiee
1008 4177 1159 4227 deformatum

117 4236 415 4304 toribuscrebrcusurpari.
658 4253 753 4303 utroque
778 4242 829 4290 loeo
846 4257 930 4290 nomen
952 4242 1063 4291 occurrit:
1085 4243 1168 4306 primo.

149 4301 282 4364 *Ethopiam
306 4302 421 4370 campore]
451 4304 561 4354 Similiter
584 4309 621 4354 in·
657 4305 780 4367 Ethiopians,
792 4308 846 4354 dein
858 4307 947 4368 Eopmn
1257 4361 1261 4368 ,

115 4364 150 4413 fra
160 4367 291 4418 Atlromones
301 4369 410 4432 AEtoliqus
421 4368 544 4431 Ethopiam.
575 4373 635 4420 Sed.
686 4369 952 4434 colmontensi]
982 4371 1103 4422 Quodnam
1125 4376 1159 4424 sit
1231 4372 1234 4380 ’

115 4432 160 4480 hoc
191 4447 277 4482 acmen
307 4435 449 4503 Geographis
479 4435 622 4498 incognitum
654 4436 816 4497 illudflumen,
830 4437 1142 4492 indicarrdshueratLirius.
1207 4481 1211 4488 .

156 4518 231 4564 vot.
255 4521 304 4570 lll.
683 4525 702 4568 Z
