3068 5186
368 349 429 404 400
793 337 995 400 ΤῙΤῙΗῊΙ

203 509 346 566 acmes
368 499 465 562 sulem
479 493 659 573 AEmilium3
692 489 756 575 cui,¹
775 504 810 557 ut
831 504 1028 576 cognosceret
1050 504 1269 575 statueretque,
1288 503 1412 556 senatus

203 579 340 636 ssfflffl·
367 585 556 670 permiserat,
582 603 695 664 magno
720 581 886 644 certamine
912 603 981 644 eum
1005 593 1133 664 pratore
1160 581 1280 660 habito,
1306 591 1413 642 tenue-

367 684 441 736 ruut
462 690 612 732 caussam.
635 689 720 730 arma
743 667 890 730 redderee
913 666 1108 747 Cenomanis,
1124 667 1273 730 decedere
1289 667 1412 748 pror'ur-

368 759 418 822 eia
440 770 550 842 prator
568 755 682 838 jussus.
736 752 861 837 Legatis
884 754 994 816 deinde
1016 755 1166 816 sociorum
1184 751 1289 816 batim
1313 753 1413 815 uomi-

291 861 301 877 ·
369 845 427 921 nis,
457 843 508 924 qui
547 853 614 904 toto
653 841 787 922 undiquc
818 863 857 903 ex
881 839 970 903 latio
995 841 1163 923 frequentes
1193 851 1415 917 convenerant,

368 941 491 993 senatus
517 929 603 991 datus
628 938 684 990 est.
715 929 762 990 his
787 929 989 1009 querentibus,
1016 949 1158 1010 magnam
1182 926 1415 989 multitudinem

369 1016 481 1078 civium
511 1036 632 1077 suorum
659 1013 790 1076 Romam
816 1015 1042 1097 commigrasse,
1069 1026 1101 1076 et
1129 1013 1169 1076 ibi
1196 1035 1308 1076 censos
1338 1033 1417 1092 esse,

371 1101 410 1174 Q.
424 1099 570 1164 Terentio
594 1099 732 1163 Culleoni
757 1101 877 1184 praetori
901 1101 1056 1182 negotium
1084 1101 1190 1162 datum
1215 1112 1273 1180 est,
1302 1110 1338 1162 ut
1364 1119 1419 1161 eos

371 1189 572 1268 conquireret,
602 1199 645 1266 et,
681 1207 770 1272 quem
786 1184 837 1248 C.
867 1184 1005 1265 Claudio,
1035 1185 1082 1248 M.
1108 1184 1194 1249 Livio
1224 1187 1418 1264 censoribus,

371 1265 479 1358 postve
501 1296 552 1336 eos
576 1295 726 1352 censores,
740 1274 841 1356 ipsum
856 1285 1050 1356 parentemve
1065 1271 1130 1355 ejus
1145 1274 1225 1357 apud
1240 1294 1273 1335 se
1288 1293 1417 1335 cerasum

371 1381 448 1439 esse,
462 1361 641 1444 probassent
655 1360 740 1438 socii,
762 1371 797 1422 ut
811 1361 909 1422 redire
930 1381 967 1422 eo
986 1370 1119 1442 cogeret,
1133 1361 1185 1422 ubi
1202 1361 1287 1422 censi
1304 1371 1418 1422 essent.

371 1443 442 1512 Hae
464 1447 687 1529 conquisitione
704 1447 865 1528 duodecim
889 1445 984 1510 milia
998 1443 1176 1508 Latinorum
1191 1446 1301 1508 domos
1318 1445 1418 1508 redie-

372 1545 452 1611 runt,
463 1531 528 1615 jam
544 1547 610 1596 tum
626 1533 819 1596 multitudine
835 1533 1071 1615 alienigenarum
1086 1533 1191 1596 urbem
1206 1545 1369 1596 onerante.
1430 1543 1435 1556 ‘

206 1625 300 1705 pulvi-m
310 1641 353 1693 ps·
416 1617 469 1682 lV.
494 1620 671 1702 Priusquam
687 1619 826 1683 consules
842 1619 974 1682 redirent
985 1618 1126 1699 Romam,
1141 1617 1188 1681 M.
1204 1619 1328 1682 Fulvius
1344 1619 1418 1703 pro-

207 1703 328 1805 ῃέωω·
372 1707 476 1771 consul
493 1729 531 1769 ex
546 1705 665 1770 AEtolia
679 1707 778 1769 rediit.
793 1707 877 1788 isque
887 1705 912 1784 ⁶,
928 1706 968 1767 ad
982 1707 1077 1768 adem
1094 1704 1247 1790 Apollinis
1261 1707 1293 1768 in
1308 1717 1417 1769 senatu

206 1772 288 1820 Μ’
373 1815 465 1877 quum
487 1794 633 1857 derebus
655 1793 687 1854 in
707 1789 823 1856 AEtolia
838 1792 1095 1876 Cephalleniaque
1118 1794 1156 1854 ab
1179 1815 1212 1856 se
1235 1794 1334 1876 gestis
1353 1794 1417 1856 dis-

373 1883 525 1960 seruisset,
545 1880 635 1964 petiit
654 1900 673 1941 a
687 1879 833 1958 Patribus,
850 1891 885 1941 ut
902 1899 1020 1962 aequum
1035 1889 1203 1955 censerent,
1218 1882 1259 1942 ob
1275 1881 1417 1964 rempub-

373 1969 463 2030 licam
476 1969 555 2030 bene
570 1989 606 2028 ac
620 1966 746 2029 feliciter
768 1979 898 2049 gestam,
913 1979 945 2028 et
957 1965 1025 2027 Diis
1040 1966 1251 2028 inmortalibus
1266 1967 1414 2029 honorem

373 2056 478 2117 haberi
500 2053 617 2137 jubere,
640 2063 672 2115 et
696 2053 752 2115 sibi
778 2054 964 2136 triumphum
991 2052 1163 2115 decernere.
1211 2049 1262 2115 M.
1284 2053 1414 2116 Aburius

374 2141 512 2204 tribunus
535 2141 642 2223 plebis,
660 2139 684 2200 si
707 2139 781 2222 quid
807 2140 846 2201 de
870 2160 907 2201 ea
931 2161 962 2200 re
990 2151 1060 2201 ante
1079 2137 1128 2202 M.
1142 2136 1264 2200 AEmilii
1284 2139 1416 2202 corrsidis

375 2227 540 2290 adventum
570 2226 789 2305 decerneretur,
815 2227 1045 2288 intercessurum
1073 2231 1105 2288 se'
1135 2226 1292 2288 ostendit:
1321 2226 1416 2288 ‘eum

373 2314 386 2347 ‘
400 2314 608 2378 contradicere
623 2313 710 2391 velle,
725 2312 1025 2395 proficiscentemque
1044 2314 1075 2374 in
1095 2313 1284 2397 provinciam
1299 2314 1347 2375 ita
1360 2312 1418 2376 sibi

374 2399 386 2434 ‘
401 2401 571 2478 mandasse,
587 2411 622 2461 ut
640 2422 677 2462 ea
692 2400 872 2482 disceptatio
888 2401 1006 2480 integra
1020 2400 1053 2460 in
1068 2399 1230 2461 adventum
1250 2421 1339 2461 suum
1354 2421 1417 2463 ser-

374 2485 529 2549 ‘varetun
560 2485 716 2548 ⁷Fulvium
731 2486 876 2568 temporis
883 2485 1034 2568 jacturam
1045 2485 1155 2548 facere.
1167 2497 1306 2549 senatum
1322 2487 1420 2548 etiam

374 2571 545 2653 (praesente
569 2574 705 2650 consule,
730 2573 812 2655 quod
836 2572 936 2650 vellet,
961 2570 1174 2635 decreturum!
1209 2571 1256 2634 M.
1273 2572 1418 2634 lblviras:

374 2656 433 2718 ‘Si
459 2670 512 2720 aut
534 2658 675 2721 simultas
692 2657 739 2721 M.
754 2657 871 2720 AEmilii
885 2677 986 2720 secum
1007 2660 1114 2740 ignota
1132 2659 1299 2720 hominibus
1318 2671 1415 2738 esset,

373 2742 387 2777 ‘
401 2754 454 2805 aut
468 2764 558 2828 quam
573 2744 599 2808 is
614 2765 665 2806 eas
680 2745 854 2808 inimicitias
869 2745 1020 2828 inpotenti
1039 2765 1075 2809 ae
1091 2765 1186 2828 prope
1198 2746 1277 2826 regia
1292 2746 1337 2807 ira
1352 2767 1412 2807 ex-

374 2828 533 2908 ‘erceret;
558 2839 662 2894 tamen
677 2852 738 2894 non
754 2831 844 2894 fuisse
860 2832 1025 2910 ferendum,
1040 2833 1195 2894 absentem
1207 2832 1364 2894 consulem
1376 2843 1415 2894 et

374 2914 539 2984 ‘Deorum
557 2917 761 2980 inmortalium
777 2919 886 2981 honori
910 2919 1041 2997 obstare,
1057 2930 1090 2980 et
1103 2921 1241 2981 meritum
1259 2918 1416 2980 debitum-

374 3002 459 3087 ‘que
476 3004 662 3086 triumphum
679 3005 807 3066 morari:
832 3005 1055 3088 imperatorem,
1071 3005 1158 3067 rebus
1174 3006 1294 3086 egregie
1312 3005 1418 3087 gestis,

374 3088 386 3122 ‘
402 3091 607 3172 victoremque
619 3093 788 3174 'exereitum
806 3112 875 3153 cum
891 3092 991 3174 praeda
1007 3113 1042 3154 ac
1061 3093 1189 3176 captivis
1205 3095 1299 3154 ⁸ante
1314 3105 1417 3175 portas

375 3175 493 3254 ‘stare,
520 3177 618 3240 donec
640 3179 766 3258 consuli,
792 3179 832 3240 ob
859 3179 917 3240 hoc
944 3179 1042 3261 ipsum
1065 3179 1208 3258 moranti,
1232 3179 1331 3240 redire
1353 3176 1418 3239 Ro-

375 3261 483 3324 ‘mam
507 3263 625 3325 libitum
645 3277 735 3327 esset.
784 3262 896 3327 Verum
917 3267 1079 3344 enimvero,
1102 3286 1195 3347 quum
1219 3267 1281 3328 siut
1305 3265 1418 3326 ⁹nobi-

376 3347 522 3411 ‘lissima
547 3351 604 3412 sibi
632 3371 700 3413 cum
729 3352 854 3414 consule
879 3352 1053 3431 inimicitia,
1078 3353 1151 3432 quid
1179 3351 1218 3413 ab
1243 3373 1282 3414 eo
1310 3371 1418 3434 quetu-

376 3433 493 3515 ‘quam
511 3457 599 3518 posse
617 3439 692 3518 aqui
708 3448 894 3519 exspectare,
914 3439 964 3519 qui
988 3459 1042 3521 per
1058 3438 1293 3521 infrequentiam
1313 3438 1417 3500 firrfim

375 3520 428 3560 ‘¹⁰
441 3525 732 3587 senatusconsultum
762 3525 877 3586 factum
906 3525 946 3586 ad
974 3526 1112 3588 ararium
1145 3522 1315 3604 detulerit,'
1342 3524 1417 3588 Am-

602 3657 709 3705 ⁰redditc
720 3655 792 3705 Gron.
803 3656 873 3708 Crev.
1024 3627 1120 3722 litoqltr
1130 3659 1195 3708 hd.

375 3769 413 3808 tus
424 3771 467 3811 est.
502 3761 517 3791 ⁹
525 3761 584 3810 Vide
594 3762 611 3811 l.
622 3775 690 3812 xxti.
701 3779 722 3811 e.
736 3765 773 3812 ll.
913 3765 975 3829 loqui
983 3766 1067 3814 Livius.
1078 3766 1128 3815 lib.
1141 3777 1228 3816 xxvii.
1239 3783 1261 3818 c.
1273 3768 1313 3816 35.
1341 3765 1423 3816 lniarr'·

408 3825 538 3874 ⁷Fnloinm
556 3829 655 3888 temporit
666 3829 781 3887 jactarem
791 3829 882 3894 secere]
913 3831 970 3879 eilia
983 3833 1061 3879 nubila
1076 3833 1134 3879 inter
1148 3845 1181 3879 eos
1193 3841 1264 3883 emar.
1302 3832 1332 3880 Et
1344 3844 1422 3880 rursm

375 3887 404 3936 ld
415 3903 459 3947 est,
471 3891 556 3940 nullius
570 3893 612 3948 rei,
622 3891 664 3939 uisi
674 3895 790 3956 temporis.
823 3895 882 3942 Mox
914 3897 1070 3945 l.xt..c.lb.
1103 3895 1279 3946 lntrrlrctuiros
1288 3898 1368 3945 nolriln
1377 3899 1422 3945 iai-

375 3969 417 4016 pro
429 3955 462 4004 M.
474 3955 576 4014 disicias,
589 3957 699 4006 Muretus
712 3957 774 4019 lani,
781 3959 882 4009 Fulvius.
914 3963 1003 4009 micitia
1011 3970 1081 4009 eunt.

376 4017 542 4070 Gronovius.
612 4077 614 4082 ¹
948 4025 1423 4077 ¹⁰*Semtuscrnraltrea...edaemiu

390 4084 510 4159 ’Manto
518 4089 668 4152 pmwsstore]
685 4088 732 4136 uui
743 4101 885 4138 exactomr‘
913 4089 1028 4152 detulerit]
1054 4090 1180 4139 Priderusd
1192 4093 1265 4140 aedem
1277 4092 1424 4142 Cerer’nde-

375 4159 475 4209 gutratu
490 4152 631 4215 triumphum
644 4155 747 4218 porcius,
760 4156 783 4202 ei
797 4171 843 4202 non
854 4154 882 4201 li·
912 4157 1046 4217 ferebantur
1059 4157 1265 4204 senatusconsulta:
1285 4157 1352 4222 cujus
1369 4173 1424 4206 ure-

376 4215 442 4262 cebat
461 4216 545 4264 intrare
564 4219 654 4278 urbem,
674 4222 726 4282 quis
746 4220 882 4281 ingredienti
914 4222 945 4268 ris
963 4221 1054 4274 initium
1071 4223 1204 4268 memorarit
1225 4222 1301 4270 Livius
1314 4224 1331 4270 l.
1344 4235 1386 4272 ur.
1401 4239 1424 4272 c.
1531 4245 1532 4278 i

376 4290 453 4342 portas
487 4283 563 4329 statim
588 4283 733 4333 minuebatur
754 4285 884 4349 imperium,
914 4289 955 4334 ts.
1000 4285 1084 4334 Postea
1104 4288 1131 4333 ad
1154 4287 1258 4335 ceredum
1278 4287 1316 4335 illa
1338 4287 1425 4336 deferri

309 4385 313 4396 .
376 4343 438 4418 quod
449 4343 563 4405 integrum
579 4363 668 4398 semare
680 4350 882 4399 debebstadeam
914 4350 1010 4412 placuit:
1033 4367 1058 4400 ae
1073 4351 1227 4400 cumdemum
1244 4353 1424 4428 rffshabeltan-

376 4409 762 4476 dremqaotriumphamrmesset.
914 4429 961 4464 tur.
1004 4417 1042 4464 De
1057 4417 1102 4480 ipsa
1116 4431 1152 4477 re,
1166 4419 1195 4466 de
1210 4433 1254 4480 qua
1269 4418 1376 4480 queritur
1386 4418 1427 4468 bie

407 4475 419 4512 ⁹
430 4471 580 4533 Nobilissimae.
589 4480 732 4547 ‚inimicitiaeJ
764 4481 803 4531 stc
822 4481 882 4532 solet
914 4481 1019 4544 Fulvius,
1028 4482 1074 4534 rid.
1085 4497 1154 4548 supra
1164 4493 1280 4536 xxxam.
1290 4486 1332 4533 44.

302 4706 463 4760 '=r
