3100 5194
382 394 419 448 54
787 381 872 444 ΤΙΤΙ
893 379 997 440 mvn
1076 395 1083 408 ·

215 540 351 591 U·0·⁵⁵³·
385 537 532 622 Ἥκω,
552 539 769 602 documentum
793 534 839 596 sui
863 533 982 612 dentes,
1008 530 1125 594 nobiles
1146 529 1287 592 homines
1307 527 1443 590 tendere

215 603 248 657 A·
258 605 289 658 ⁰·
301 605 357 662 199.
387 625 397 660 ‘
413 626 453 688 sd
465 625 666 700 consulatum,
678 623 733 684 sed
742 619 985 683 transcendendo
994 617 1106 695 media,
1118 637 1237 678 summa
1247 614 1317 676 imis
1331 613 1442 676 couti·

388 711 528 774 ‘nuere’
573 709 634 774 Res
658 711 735 770 ²⁷ex
754 707 917 789 campestri
944 704 1109 766 certamine
1132 704 1164 764 in
1184 713 1322 764 senatum
1336 701 1440 764 venit.

390 798 495 862 Patres
520 806 713 872 censuerunt,
736 791 823 862 ‘Qui
839 791 997 869 honorem,
1012 791 1140 870 ²⁹quem
1163 788 1220 850 sibi
1243 808 1352 869 capere
1378 805 1440 869 per

390 885 400 917 ‘
415 886 496 966 leges
511 883 626 960 liceret,
641 889 769 963 peteret,
784 880 816 939 in
831 898 869 940 eo
889 877 1003 960 populo
1017 875 1152 952 creandi,
1168 895 1257 957 quem
1272 873 1355 952 velit,
1378 893 1440 956 po·

389 970 557 1034 ‘testatem
581 967 645 1030 lieri
669 985 786 1047 equum
812 963 898 1026 esse.'
943 961 979 1026 ln
1003 961 1185 1024 auctoritate
1205 959 1328 1022 Petrum
1351 959 1441 1020 fuere
1541 995 1543 1030 ÷

389 1056 512 1120 tribuni.
556 1053 659 1116 Creati
683 1045 919 1114 consules-Sex.
941 1045 1043 1112 AElius
1059 1047 1156 1110 Pctus
1173 1058 1206 1110 et
1217 1045 1256 1112 Τ.
1272 1046 1439 1117 Quinctius
1542 1047 1543 1092 ἓ

390 1137 588 1204 Flamininus.
634 1137 711 1200 Inde
738 1136 899 1198 Praetomm
924 1135 1050 1196 comitia
1064 1133 1177 1196 habita.
1193 1133 1288 1196 creati
1304 1130 1341 1194 L.
1357 1130 1438 1194 Cor·
1543 1137 1544 1158 ¹

389 1228 484 1290 nelius
508 1224 641 1302 Merula,
667 1221 714 1284 M.
730 1221 877 1284 Claudius
894 1219 1069 1298 Marcellus,
1092 1217 1139 1280 M.
1155 1219 1278 1282 Porcius
1293 1217 1384 1295 Ceto,
1401 1217 1439 1279 C.

388 1311 527 1390 Helvius,
554 1312 606 1392 qui
632 1308 733 1371 aediles
750 1306 847 1390 plebis
862 1307 991 1368 fuerent.
1006 1306 1096 1368 abiis
1112 1306 1175 1368 ludi
1190 1305 1303 1387 plebeii
1319 1305 1437 1368 instau-

390 1399 469 1462 rati:
494 1408 526 1460 et
540 1397 662 1479 epulum
677 1393 763 1456 Jovis
779 1393 837 1454 fuit
851 1393 993 1455 ludorum
1015 1413 1131 1454 caussa.
1175 1389 1217 1453 Et
1238 1393 1278 1452 ab
1300 1391 1438 1452 aedilibus

390 1483 542 1548 curulibus
569 1481 606 1546 C.
629 1477 753 1542 Valerio
775 1477 886 1541 Flacco
910 1479 1032 1541 flamine
1057 1475 1141 1539 Diali
1168 1488 1200 1540 et
1230 1475 1266 1538 C.
1292 1477 1438 1540 Cornelio

391 1569 530 1650 Cethego
556 1568 619 1630 ludi
643 1565 776 1629 Romani
801 1585 914 1646 magno
934 1565 1080 1647 adparatu
1096 1563 1181 1626 lacti.
1227 1567 1253 1604 '⁹
1269 1560 1337 1625 Ser.
1353 1575 1385 1626 et
1401 1561 1438 1626 C.

391 1649 519 1738 Sulpicii
533 1651 637 1717 Gelbes
652 1651 812 1735 pontifices
827 1673 865 1716 eo
879 1671 960 1712 atino
976 1650 1088 1712 mortni
1112 1661 1193 1712 sunt.
1216 1649 1247 1710 in
1268 1669 1376 1712 eorum
1391 1650 1439 1711 lo·

391 1761 462 1804 cum
479 1739 526 1804 Μ.
540 1735 683 1802 AEmilius
699 1736 831 1822 Lepidus
847 1748 880 1798 et
894 1735 950 1801 Cn.
975 1735 1133 1800 Comelius
1156 1733 1261 1819 Scipio
1276 1736 1439 1819 pontifices

226 1895 260 2010 H·
268 1895 299 2008 g·
311 1898 368 2010 ¹⁵33·
391 1825 522 1975 mblllll
535 1839 721 1976 spppffiuus
736 1910 845 1990 Paetus,
858 1907 898 1972 T.
912 1908 1075 1980 Quinctius
1087 1907 1274 1974 Flamininus
1285 1910 1438 1988 consules,

227 1994 364 2082 semmua}
393 2000 573 2082 magistratu
589 1999 677 2076 inito,
697 2009 838 2062 senatum
853 1997 885 2058 in
901 1994 1055 2078 Capitolio
1071 2015 1162 2077 quum
1179 1997 1366 2074 habuissent,
1382 1997 1437 2058 de-

225 2089 256 2172 ²}
268 2087 381 2143 Quinctio
394 2097 553 2150 creverunt
573 2083 687 2164 Patres,
711 2085 722 2117 ‘
737 2097 773 2148 ut
787 2083 959 2166 provincias
974 2079 1191 2146 Macedoniam
1207 2093 1300 2164 utque
1316 2081 1437 2146 Itnlieus

226 2157 330 2267 ἢ.
393 2172 559 2234 ‘consules
583 2171 902 2254 compararent-inter
925 2190 969 2246 se,
1006 2169 1231 2232 sortirenturve.
1289 2166 1358 2232 Utri
1384 2189 1439 2231 eo-

310 2234 361 2270 ere.
393 2258 485 2320 ‘rum
501 2255 690 2320 Macedouis
713 2256 872 2334 evenisset,
895 2255 925 2316 in
941 2255 1183 2338 supplementum
1206 2255 1360 2336 legionum
1380 2254 1442 2318 triu

313 2381 316 2388 v
356 2382 359 2390 ,
393 2343 517 2408 ‘millis
530 2341 886 2406 militumRomonorum
902 2341 1060 2419 scriberet,
1081 2352 1113 2402 et
1136 2351 1290 2414 trecentos
1312 2342 1442 2422 equites.

393 2429 405 2463 ‘
420 2430 495 2492 item
509 2429 661 2492 sociorum
676 2427 778 2492 latini
793 2426 924 2492 nominis
939 2427 1070 2509 quinque
1084 2426 1181 2490 millia
1191 2427 1340 2510 peditum,
1351 2428 1442 2508 quin·

394 2515 529 2596 ‘gentos
544 2511 681 2598 equites?
724 2511 823 2574 Alteri
848 2511 965 2574 consuli
988 2531 1083 2576 novus
1105 2513 1204 2576 omnis
1217 2515 1370 2576 exercitus
1386 2513 1442 2575 de·

395 2610 505 2662 crenis.
533 2595 568 2662 L
582 2595 715 2662 Lentulo
730 2599 837 2680 prioris
852 2599 922 2660 anni
938 2599 1053 2662 consuli
1068 2611 1263 2680 prorogatum
1278 2599 1444 2682 imperium

396 2697 465 2765 est3
487 2685 659 2766 vetitusque
673 2683 727 2747 a'ut
742 2685 807 2766 ipse
826 2684 981 2766 provincia
1002 2684 1149 2747 decedere
1169 2685 1260 2767 prius,
1281 2697 1335 2748 sut
1355 2697 1443 2748 vete-

396 2792 462 2834 rem
477 2771 645 2834 exercitum
660 2770 822 2850 deducere,
840 2789 933 2853 quam
947 2791 1017 2834 cum
1037 2770 1207 2853 legionibus
1228 2771 1313 2834 novis
1334 2773 1445 2834 consul

397 2857 538 2920 venisset.
582 2853 690 2920 Sortiti
705 2857 845 2918 consules
859 2857 1039 2940 provincias.
1081 2854 1166 2920 AElio
1181 2855 1281 2936 Italia,
1291 2857 1445 2930 Quinctio

398 2939 586 3008 Macedonia
598 2943 710 3006 evcnit.
754 2939 911 3020 Praetores,
926 2939 960 3006 1.
976 2941 1134 3006 Cornelius
1149 2939 1272 3009 Merula
1284 2945 1444 3022 urbanum,

397 3027 447 3092 M.
469 3022 615 3092 Claudius
642 3025 789 3108 Siciliam,
820 3025 868 3094 M.
894 3025 1018 3090 Porcius
1044 3025 1229 3109 Sardiniam,
1256 3027 1293 3094 C.
1314 3027 1443 3094 Helvius

400 3109 532 3178 Galliam
563 3127 611 3177 est
641 3113 794 3176 sortitus..
829 3111 975 3176 Deiectus
1005 3115 1076 3178 inde
1104 3115 1209 3178 haberi
1236 3128 1285 3180 est
1316 3129 1445 3200 coeptus.

399 3220 484 3280 uam,
510 3213 619 3284 preter
641 3199 814 3264 consulares
837 3199 999 3279 exercitus,
1020 3204 1047 3240 ⁸⁰
1060 3213 1203 3283 pretores
1229 3223 1349 3284 quoque
1367 3201 1445 3284 jussi

325 3343 329 3350 ,
398 3287 531 3350 scribere
556 3286 666 3352 milites
690 3297 787 3348 erant.
830 3281 980 3348 Marcello
1006 3287 1038 3350 in
1063 3285 1199 3352 Siciliam
1226 3300 1357 3370 quatuor
1375 3289 1446 3352 mil·

401 3373 442 3436 lis
465 3371 603 3458 peditum
628 3372 744 3436 socium
769 3369 870 3436 Intini
897 3372 1039 3450 nominis,
1070 3383 1102 3434 et
1124 3385 1285 3438 trecentos·
1304 3375 1446 3458 equites3

402 3455 513 3522 Catoni
538 3457 570 3520 in
590 3455 763 3520 Sardiniam
791 3477 829 3520 ex
855 3458 963 3520 eodem
989 3477 1100 3540 genere
1123 3461 1255 3524 rnilitum
1278 3461 1337 3524 tris
1351 3461 1448 3524 millia

401 3589 421 3638 l.
443 3596 520 3638 xm.
537 3601 560 3639 e.
580 3586 630 3651 ll.)
656 3587 737 3638 enlm
758 3597 858 3654 pmtun
878 3587 907 3636 ml
970 3589 993 3626 Ψ
1008 3589 1056 3641 Ser.
1069 3599 1090 3640 et
1102 3591 1128 3640 0.
1139 3591 1233 3654 Sulpicii
1250 3591 1340 3660 urbs]
1360 3591 1442 3641 Olim:

403 3652 697 3778 msldgtuffirmm
714 3717 843 3782 moerim]
870 3717 907 3766 Ex
938 3651 1309 3786 Siidmldrl'wlglerllmLpooGSulz
1323 3659 1446 3772 mmm

403 3795 485 3846 tempo
496 3779 591 3840 Murrio,
606 3781 644 3832 ubi
654 3783 729 3847 primo
739 3783 822 3844 spirate
832 3793 908 3832 certe·-
940 3781 1003 3832 Fabii
1015 3785 1113 3834 Maximi
1123 3787 1232 3838 nsll'ectus
1250 3795 1391 3838 memoratur
1408 3805 1448 3837 su·

404 3863 460 3902 rnen
482 3849 630 3896 metrumne.
674 3847 703 3895 ln
723 3863 805 3910 cumpo
824 3863 908 3912 nempe
940 3862 989 3910 prs.
1005 3849 1021 3898 l.
1039 3861 1104 3899 xxx.
1123 3869 1145 3901 c.
1158 3855 1197 3903 26.
1227 3851 1310 3910 caius,
1323 3853 1348 3901 in
1365 3853 1446 3903 locun

405 3911 494 3966 Martio
501 3911 593 3962 comitia
600 3911 726 3962 centuriam
735 3912 883 3962 habebamur.
940 3911 1025 3962 Metilii
1035 3913 1158 3978 Torqueti,
1169 3917 1252 3966 eodem
1262 3917 1331 3975 libro,
1339 3933 1362 3966 e.
1372 3921 1415 3968 39.

438 3971 808 4041 wolmunmpmpsrbge
824 3975 908 4042 liceret]
972 3977 1448 4046 ”Pmmpeoqurjsorimibmni-

406 4042 516 4094 Nondum
529 4043 574 4092 ulla
584 4042 622 4092 lox
633 4043 733 4104 munt,
748 4041 838 4090 omissis
849 4041 907 4088 lofe-
940 4043 1074 4094 literarum:
1091 4045 1208 4110 Mamilio]
1221 4045 1324 4096 Moles
1333 4047 1447 4096 marionis

405 4107 502 4156 rioribus
508 4102 621 4184 bonosum
629 4107 745 4186 gradimur,
749 4105 909 4170 odruprriores
940 4107 1004 4156 filum
1016 4107 1150 4186 iimoellru,
1165 4124 1193 4160 ru
1205 4121 1232 4159 et
1246 4113 1304 4190 inire
1321 4110 1386 4188 Cute,
1399 4127 1448 4160 nou

407 4171 909 4300 mittutilltsttttlffnt
941 4171 1299 4299 tttlfflttttt.lt
1312 4177 1450 4301 titt-‘t

408 4313 458 4348 mm
481 4309 579 4362 peteres.
604 4317 663 4350 uere
690 4299 831 4350 consulatum
856 4313 910 4349 ante
941 4302 1046 4352 consules
1065 4301 1138 4364 jussor
1163 4319 1215 4356 esre
1236 4305 1334 4356 scribere
1356 4321 1449 4368 quoqm

408 4373 539 4478 fiturum.
569 4363 647 4414 Tertia
664 4377 699 4414 est
719 4365 847 4430 Appianis,
860 4365 877 4414 l.
891 4380 910 4415 r.
943 4365 1038 4424 militer,
1055 4367 1095 4429 qui
1110 4382 1226 4420 mererent
1243 4371 1285 4420 rub
1305 4371 1449 4435 praeconboo.

409 4494 438 4544 'h
454 4427 607 4542 bulmssigffl'
629 4429 818 4544 Vid·98upplrm.
829 4425 912 4482 Furio·
943 4431 1021 4494 Atque
1031 4431 1054 4480 id
1065 4447 1107 4482 nor
1116 4434 1212 4486 omniuo
1222 4451 1303 4486 rerum
1314 4447 1432 4499 pureum.

440 4507 486 4544 eur.
507 4523 515 4542 .
583 4504 670 4544 urm.
698 4527 704 4542 .
1000 4516 1005 4525 ·
1441 4527 1445 4539 .
