3068 5186
358 350 418 409 852
782 335 867 400 unu
887 336 988 402 le11

166 549 175 560 .,
194 511 336 566 mosot.
359 500 522 566 colendum
546 498 655 576 missis,
677 497 751 560 duas
774 507 870 559 tectas
893 515 982 558 naves
1005 503 1037 558 et
1059 505 1119 558 tres
1141 493 1259 560 lembos
1288 489 1410 554 adimit.

196 579 229 628 Α·
239 575 271 634 ⁰·
282 581 336 630 1⁸⁹·
361 589 418 667 his,
434 587 508 650 elios
525 597 615 668 atque
631 584 706 646 alios
722 583 787 646 dies
802 595 968 671 noctesque
984 582 1220 659 transvehendo,
1228 581 1313 642 intra
1329 599 1406 660 psu-

360 697 413 738 cos
429 675 493 736 dies
509 693 615 736 omnes
630 671 735 754 copies
749 667 880 752 trajecit.
925 667 1018 730 Haud
1039 668 1084 730 ita
1107 668 1205 730 multo
1229 675 1302 750 post
1326 661 1407 728 Leo·

361 761 475 840 notius,
513 759 678 842 adjuvante
717 754 886 819 Nicomede
915 753 1066 838 Bithyniae
1102 775 1184 836 rege,
1211 776 1231 816 n
1252 751 1406 836 Byzantio

362 847 539 910 transmisit.
584 843 704 908 Coeunt
729 843 838 906 deinde
862 844 893 904 in
911 863 1006 904 unum
1021 861 1121 904 rursus
1135 839 1228 919 Galli,
1244 851 1278 902 et
1294 838 1407 901 auxilia

361 932 524 996 Nicomedi
556 930 642 1009 dant,
676 931 817 993 adversus
841 931 868 968 ⁶⁰
880 927 1040 1011 Zyboetsm
1052 926 1073 1006 ¹,
1100 939 1217 1009 portem
1249 937 1406 991 tenentem

361 1019 524 1104 Bithynice,
548 1018 665 1100 gerenti
690 1016 812 1078 bellum.
855 1015 958 1098 Atque
975 1035 1079 1076 eorum
1094 1015 1227 1076 maxime
1243 1033 1340 1095 opera
1354 1011 1407 1074 de-

362 1106 458 1168 victus
472 1104 601 1189 Zyboeta
615 1116 672 1181 cst,
687 1101 891 1186 Bithyniaque
909 1101 1009 1163 omnis
1032 1101 1064 1162 in
1084 1100 1232 1188 ditionem
1257 1099 1404 1162 Nicome-

363 1194 409 1254 dis
426 1191 586 1254 concessit.
630 1189 760 1252 Profecti
776 1210 815 1252 ex
828 1187 974 1272 Bithynia
996 1187 1026 1250 in
1048 1185 1154 1270 Asiam
1179 1198 1405 1270 processerunt.

363 1299 426 1340 non
442 1278 508 1360 plus
523 1299 563 1338 ex
576 1276 683 1358 uiginti
699 1276 830 1338 millibus
846 1276 1014 1354 hominum,
1038 1294 1129 1358 quern
1155 1274 1264 1336 decern
1287 1286 1407 1336 armate

335 1389 336 1392 ¹
362 1377 460 1427 erant.
476 1377 580 1428 tamen
595 1375 712 1424 tantum
727 1361 848 1424 terroris
863 1361 1014 1440 omnibus,
1030 1381 1096 1442 quae
1111 1359 1154 1422 cis
1164 1358 1303 1424 Taurum
1319 1361 1404 1422 iuco-

364 1452 441 1529 lnnt,
456 1451 596 1533 gentibue
612 1447 790 1530 injecerunt,
805 1460 849 1525 ut,
865 1469 938 1530 quas
954 1447 1098 1528 edissent,
1113 1467 1247 1530 quasque
1273 1468 1337 1509 non
1352 1448 1406 1510 ad-

366 1539 471 1615 issent,
488 1537 598 1618 pariter
613 1535 727 1598 ultimae
746 1536 933 1618 propinquis,
946 1535 1073 1618 iinperio
1088 1547 1240 1618 parerent.
1286 1533 1406 1598 Poene·

364 1645 427 1702 mo,
443 1644 535 1704 quum
551 1634 612 1684 tres
628 1634 729 1686 essent
743 1633 860 1704 gentes,
873 1619 1067 1700 Tolistoboii‚
1080 1619 1217 1700 Trocmi,
1227 1619 1405 1704 Tectosagi,

365 1711 396 1775 in
413 1721 473 1772 tres
488 1719 599 1792 partes,
614 1727 675 1792 qua·
698 1708 806 1790 cuique
822 1708 1002 1792 populorum
1017 1729 1139 1770 suorum
1158 1709 1320 1790 vectigalis
1333 1709 1405 1772 Asia

365 1809 456 1873 esset,
472 1795 646 1858 diviserunt.
689 1794 828 1858 Trocmis
843 1793 1035 1880 Hellesponti
1045 1816 1100 1856 ora
1114 1795 1206 1874 data3
1220 1795 1403 1860 Tolistoboii

365 1879 492 1946 AEolida
508 1892 599 1963 atque
619 1879 748 1960 Ioniam,
770 1879 933 1962 Tectosagi
960 1881 1180 1944 mediterranea
1203 1883 1284 1944 Asia
1308 1883 1405 1944 sortiti

275 2033 279 2042 ,
367 1982 449 2032 sunt.
466 1980 498 2030 et
512 1968 698 2051 stipendium
712 1981 781 2032 tota
795 1969 838 2029 cis
851 1967 986 2032 Taurum
1001 1967 1075 2030 Asia
1089 1969 1266 2051 exigebant.
1295 1964 1403 2032 Sedem

200 2073 284 2121 Senem
294 2087 333 2121 ca·
368 2068 470 2119 autem
485 2056 543 2138 ipsi
557 2055 614 2118 sibi
629 2057 710 2117 circa
724 2053 827 2138 Halyn
842 2055 954 2117 flumen
978 2069 1134 2137 ceperunt.
1161 2068 1324 2137 tantusque
1341 2067 1402 2117 ter-

200 2138 331 2202 piunecirca
368 2163 416 2205 ror
445 2164 548 2205 eornm
580 2142 711 2204 nominis
735 2154 812 2222 erat,
842 2142 1034 2204 multitudine
1060 2142 1154 2204 etiam
1173 2141 1410 2225 magnasobole.

200 2204 288 2268 Halyn.
367 2241 465 2310 aucta,
491 2241 526 2292 nt
553 2225 645 2312 Syriae
675 2249 794 2311 qnoque
819 2229 857 2289 ad
885 2241 1072 2312 postremum
1100 2250 1186 2310 reges
1217 2228 1401 2313 stipendium

367 2317 439 2380 dare
468 2338 530 2380 non
559 2317 736 2380 abnuerent.
785 2313 901 2376 Primus
931 2314 1038 2376 Asiam
1071 2315 1267 2380 incolentium
1300 2315 1405 2376 abnuit

93 2405 97 2410 “
200 2408 331 2458 Vincuntur
366 2403 499 2482 Attalns,
526 2415 612 2485 pater
634 2403 713 2484 regis
738 2400 903 2464 Eumenis:
937 2399 1103 2484 audacique
1134 2403 1269 2486 incepto,
1298 2413 1405 2484 praeter

200 2474 326 2524 ¹¹³¹³m¹⁰¹
367 2491 502 2553 omnium
517 2489 703 2570 opinionem,
718 2487 817 2550 adfuit
830 2489 962 2567 fortuna,
985 2499 1016 2550 et
1042 2487 1136 2570 signis
1161 2491 1292 2554 conlatis
1316 2508 1404 2569 supe-

367 2576 428 2640 rior
444 2575 510 2637 fuir.
531 2595 591 2638 non
618 2588 721 2636 tamen
747 2576 793 2638 ita
817 2575 940 2656 infregit
966 2575 1082 2636 ariimos
1098 2597 1212 2654 eornm,
1227 2590 1260 2639 ut
1274 2574 1406 2638 absiste-

368 2655 435 2724 ren‘t
462 2662 598 2743 imperio.
642 2659 764 2724 Eaedem
779 2682 851 2744 opes
866 2681 959 2743 usque
985 2661 1023 2722 sd
1045 2660 1159 2724 bellum
1173 2661 1314 2726 Antiochi
1330 2682 1414 2726 cnm·

367 2748 516 2810 Romanis
532 2760 716 2810 manserunt.
732 2761 796 2809 tum
812 2769 942 2829 quoque,
956 2747 1054 2830 pulso*
1068 2746 1229 2828 Antiocho,
1253 2770 1400 2831 magnam

367 2855 453 2916 spem
478 2834 656 2913 babuerunt,
682 2836 754 2915 quia
781 2823 886 2917 piocul
917 2835 992 2910 mari
1022 2833 1196 2913 incolerent,
1225 2833 1414 2898 Romanurn,

367 2921 534 2984 exercitum
549 2921 635 2982 adse
650 2942 711 2982 non
732 2933 953 3004 perventurum.

409 3005 512 3068 XVII.
530 3005 608 3069 Curn
624 3007 682 3069 hoc
698 3009 797 3086 hoste,
809 3020 872 3070 tarn
885 3007 1010 3070 terribili
1026 3010 1166 3071 omnibus
1182 3009 1312 3092 regionis
1327 3009 1405 3090 ejus,

367 3095 439 3176 qnia
454 3093 565 3156 bellum
580 3095 745 3175 gerendum
766 3106 841 3172 eret,
864 3117 920 3177 pro
936 3095 1084 3157 concione
1099 3097 1211 3160 milites
1236 3100 1260 3136 ⁶¹
1272 3098 1406 3160 maxime

366 3183 397 3242 in
412 3181 490 3244 luurc
506 3181 631 3244 modum
646 3181 803 3243 adlocutus
818 3193 865 3244 est
881 3182 1006 3245 consul:
1022 3181 1114 3246 ‘Non
1129 3205 1179 3245 me
1191 3185 1333 3266 praeterit,
1348 3185 1416 3246 mi-·

366 3268 377 3301 ‘
392 3269 472 3346 lites,
483 3269 631 3345 omnium,
650 3288 714 3348 quae
724 3268 827 3329 Asiam
839 3269 952 3348 colunt,
968 3270 1106 3350 gentium
1119 3267 1223 3332 Gallos
1236 3270 1321 3331 fama
1335 3271 1405 3331 belli

367 3356 545 3437 ‘prestare
583 3353 666 3418 Inter
688 3353 880 3416 mitissimum
909 3376 1003 3438 genus
1030 3356 1188 3422 hominurn
1208 3357 1296 3418 ferox
1311 3356 1415 3434 natio,

366 3443 377 3475 ‘
392 3454 558 3524 pervagata
572 3441 652 3504 bello
664 3461 760 3523 prope
769 3442 871 3502 orbem
884 3453 1041 3522 terrarum,
1056 3442 1159 3506 sedem
1172 3446 1265 3526 cepit.
1280 3433 1407 3526 procera

366 3529 528 3609 ‘corpora,
547 3527 699 3608 promissae
714 3541 745 3591 et
761 3528 888 3590 rutilatae
912 3549 1016 3608 comae,
1039 3541 1125 3592 vesta
1145 3542 1241 3606 scuta,
1262 3530 1405 3612 praelongi

366 3615 376 3647 ‘
391 3614 499 3696 gladii:
516 3613 555 3674 ad
566 3613 624 3676 hoc
640 3629 745 3676 cantus
755 3615 942 3676 ineuntiuml‘
953 3616 1102 3698 proelium,
1115 3628 1146 3678 et
1157 3617 1301 3694 ululatus,
1310 3628 1343 3680 et
1351 3617 1404 3678 tn'-

366 3701 376 3733 ‘
392 3701 735 3782 pudie‚etquatientium
745 3702 1175 3784 scutainpatriumquemdam
1183 3705 1407 3766 modum¹hor-

366 3788 376 3820 ‘
391 3787 501 3850 rendus
507 3807 657 3848 armorum
663 3788 963 3870 crepituszomniade
969 3789 1408 3874 iudustriacompositaedtcr·

365 3874 376 3910 ‘
392 3894 501 3934 rorem.
524 3869 586 3934 Sed
595 3873 668 3951 haec,
680 3875 786 3958 quibus
801 3874 923 3936 insolita
937 3888 1029 3958 atque
1041 3877 1160 3940 insueta
1170 3875 1408 3956 sunt,Graeci,et

398 4012 513 4077 ¹Zybaeonr
525 4013 599 4062 Groo.
611 4011 680 4064 Crer.
823 3993 990 4066 kr'rrclronnn'urn
1001 4017 1065 4068 Ered.
1204 4016 1210 4050 ¹
1221 4033 1299 4066 nutem
1310 4015 1374 4064 Eaed.

395 4131 540 4197 ⁶⁰Zpboerm]
579 4136 624 4185 Vel
650 4138 726 4201 potins
753 4139 870 4201 Zylrortnm,
901 4143 1088 4202 coniectarent.

365 4200 478 4258 quomodo
500 4201 638 4250 membranae
661 4203 805 4263 Mogentinse
827 4205 867 4251 hs·
931 4205 952 4239 ⁶¹
966 4205 1091 4254 *Metine
1101 4206 1125 4252 irr
1135 4207 1195 4254 Arane
1205 4203 1303 4266 modim]
1320 4207 1360 4254 Sic
1371 4207 1410 4252 in·

365 4262 431 4318 bem,
454 4277 514 4312 tene
544 4267 674 4315 Gronovio:
704 4270 744 4330 qui
766 4269 868 4318 observat
899 4271 934 4318 t'ra
957 4269 1155 4320 remonstrare
1170 4274 1262 4318 moriare
1278 4274 1347 4320 modo.
1380 4272 1411 4320 ln

366 4341 419 4373 eum
437 4343 513 4388 regem
531 4345 544 4377 ι
560 4331 688 4380 Memnone
712 4333 834 4392 Ζιποίτην,
855 4351 868 4383 a
900 4338 945 4385 hec
973 4337 1088 4386 locutione
1109 4338 1200 4385 monime
1231 4337 1293 4385 idem
1322 4349 1358 4386 est
1384 4351 1411 4386 ac

365 4389 469 4438 Diodoro
477 4391 576 4466 1Ζιθιῖτην
583 4398 706 4461 appellen:
728 4399 742 4428 ⁵
753 4413 806 4446 eum
821 4399 867 4448 fra·
891 4403 955 4467 sere.

365 4467 426 4506 trem
454 4457 585 4512 Nicomedis
605 4464 673 4514 luisse
699 4477 745 4512 non
771 4463 868 4515 absurda
