3026 5164
362 315 420 372 492
549 329 553 338 '
772 309 855 375 Tlt‘t
876 307 976 368 lell

195 486 229 536 u,
243 489 271 536 c,
283 489 338 538 557,
363 465 373 497 ‘
389 465 515 526 crimina
526 487 600 526 esse.
636 463 803 526 insolenter
820 477 851 524 ct
866 465 1017 526 iruuodice
1030 462 1112 525 abuti
1126 459 1292 524 Thessalos
1305 457 1409 522 indul-

195 556 226 602 A.
237 553 265 603 C*
279 555 331 604 185.
363 551 489 632 ‘geutia
510 552 611 634 populi
628 548 770 628 Romani,
786 551 868 612 velut
882 573 919 612 cx
936 551 1053 612 diutina
1067 550 1117 612 siti
1134 549 1223 609 nimis
1240 546 1329 608 avide
1345 563 1410 619 me-

363 639 373 671 ‘
389 659 452 700 ram
465 638 636 700 haurientes
651 638 831 700 libertatem.
876 637 1016 718 laquel,
1032 656 1183 698 servorum
1196 634 1292 696 modo
1305 643 1412 714 praeter

362 725 473 807 ‘spem
496 735 620 804 repente
642 724 903 800 manumissorum,
930 727 955 769 ⁹7
968 721 1123 786 licentiam
1147 721 1229 782 vocis
1253 731 1286 782 et
1301 719 1411 799 liuguae

362 809 526 890 ‘experiri,
550 821 582 870 et
603 807 719 890 jactare
743 831 807 872 sese
831 810 1029 872 insectatione
1056 823 1087 872 et
1109 808 1250 870 convitiis
1266 805 1411 868 domiuo·

363 899 372 929 ‘
388 894 473 958 rum!
496 895 599 957 Elatus
611 896 722 958 deinde
734 898 779 958 ira
791 897 912 978 adjecit,
924 899 950 936 ⁹⁸
967 895 1129 960 ‘Nondum
1140 895 1277 956 omnium
1291 891 1409 954 dierum

304 1054 312 1060 ι
363 982 483 1044 ‘solem
505 982 672 1045 occidisse!
718 981 754 1044 ld
769 985 926 1046 minaciter
941 983 1065 1060 dictum,
1081 1001 1143 1044 non
1156 979 1299 1042 Thessali
1317 978 1411 1052 modo

363 1070 394 1130 in
410 1090 486 1146 sese,
498 1069 551 1130 sed
567 1070 659 1133 etiam
675 1069 804 1140 Romani
820 1083 1010 1152 acceperunt.
1025 1083 1057 1132 et
1071 1087 1161 1150 quum
1177 1067 1318 1129 fremitus
1341 1075 1411 1148 post

363 1156 372 1186 ‘
389 1176 456 1216 eam
467 1175 572 1216 vocem
584 1169 677 1233 ortus,
690 1167 721 1222 et
731 1157 855 1224 tandem
868 1157 987 1220 sedatus
998 1168 1088 1234 esset,
1099 1155 1327 1216 Perrhaeborum
1339 1150 1412 1212 inde

364 1240 653 1322 ‘Athamanumque
675 1243 783 1322 legatis
800 1244 965 1326 respondit,
989 1241 1171 1318 ‘Eamderm
1188 1240 1352 1320 dequibus
1368 1237 1411 1298 illi

363 1327 374 1359 ‘
389 1339 492 1408 agant,
507 1329 673 1390 civitatium
689 1350 825 1390 caussam
840 1351 914 1391 esse.
930 1331 1084 1396 consulem
1098 1328 1229 1392 Acilium
1246 1337 1279 1387 et
1293 1324 1412 1400 Roma·

365 1414 375 1446 ‘
391 1435 446 1479 uos
457 1415 513 1476 sibi
526 1415 643 1476 dedisse
655 1437 715 1493 eas,
731 1423 822 1498 quum
834 1417 967 1478 hostiurn
983 1428 1093 1487 essent.
1137 1412 1169 1476 Si
1184 1433 1273 1479 suum
1289 1431 1411 1488 munus,

363 1501 374 1532 ‘
390 1501 439 1581 qui
455 1501 619 1578 dedissent,
635 1502 768 1572 adimere
784 1502 886 1580 relint,
902 1504 978 1564 scire
994 1524 1037 1579 se,
1059 1501 1228 1570 cedendum
1244 1519 1333 1574 esser
1357 1498 1411 1574 sed

363 1587 373 1619 ‘
388 1585 504 1658 meliori
517 1607 552 1648 ac
565 1587 690 1650 fideliori
706 1589 816 1666 amic0‚
832 1590 862 1650 in
878 1590 1005 1670 gratiam
1022 1589 1130 1655 levium
1146 1599 1178 1650 et
1189 1586 1345 1648 inutilium
1359 1606 1411 1646 so·

362 1673 372 1705 ‘
387 1673 513 1749 ciorum,
527 1668 666 1754 injuriam
679 1696 730 1735 cos
743 1697 807 1736 esse
819 1675 960 1741 facturos.
982 1673 1047 1738 Nec
1060 1675 1141 1746 enim
1153 1674 1242 1738 ullius
1253 1673 1298 1742 rei
1310 1672 1411 1735 minus

362 1759 559 1828 ‘diuturnam
584 1782 646 1822 esse
670 1763 810 1842 gratiam,
834 1783 925 1843 quarn
946 1763 1113 1827 libertatis:
1164 1759 1311 1826 raesertiru
1327 1757 1408 1840 apud

198 1837 335 1949 L‘dl‘?⁰⁷¹¹¹⁰
361 1845 371 1877 ‘
386 1867 449 1922 coe,
462 1845 512 1925 qui
529 1847 607 1908 male
623 1847 737 1910 utendo
750 1870 817 1910 eam
831 1851 1005 1932 conrupturi
1019 1847 1099 1912 sint.'
1134 1782 1261 1922 daussa,
1273 1845 1409 1928 cognita,

196 1906 221 1963 ³¹¹
238 1919 315 1952 rerum.
362 1932 634 2013 pronunciaverunt
646 1935 749 2015 legati,
763 1937 772 1967 ‘
786 1934 916 2013 Placere,
930 1937 1038 1998 deduci
1050 1933 1190 2018 praesidia
1199 1932 1408 1994 Macedonum

363 2019 374 2049 ‘
389 2039 428 2080 ex
440 2019 476 2098 iis
491 2019 623 2097 urbibus,
636 2033 666 2080 et
679 2022 808 2104 antiquis
823 2021 1013 2084 Macedoniae
1025 2021 1161 2084 terminis
1173 2040 1303 2102 regnum
1319 2017 1405 2085 finiri.

363 2105 373 2135 ‘
388 2103 436 2164 De
450 2104 576 2186 injuriis,
598 2125 671 2187 quas
687 2107 764 2168 ultro
780 2109 914 2190 citroque
931 2110 1039 2170 inlatas
1054 2119 1227 2190 querantur,
1242 2126 1304 2186 quo
1316 2105 1406 2169 modo

364 2190 529 2278 ‘intereas
544 2205 650 2273 gentes
666 2205 697 2254 et
709 2189 896 2256 Macedonas
912 2195 1105 2280 disceptetur,
1120 2199 1145 2234 ⁹⁹
1159 2192 1322 2259 formulam
1333 2189 1409 2272 juris

364 2277 374 2309 ‘
389 2279 572 2358 exsequendi
586 2281 827 2350 constituendam
839 2281 924 2344 esse!

405 2361 537 2426 XXVII.
560 2363 644 2443 Inde,
660 2369 790 2446 graviter
802 2369 926 2429 oblenso
939 2389 1021 2449 rege,
1032 2365 1271 2438 Thessalonicen
1283 2365 1323 2426 ad
1335 2383 1410 2444 cog·

199 2449 307 2500 Querela
315 2452 349 2500 le·
363 2451 548 2522 noscendum
561 2452 598 2512 de
610 2451 746 2515 Thraciae
757 2455 877 2523 urbibus
888 2453 1125 2536 proficiscuntur.
1139 2454 1179 2514 ibi
1192 2453 1285 2533 legati
1295 2449 1409 2512 Eume·

196 2529 309 2630 {3²:32¹ss
321 2583 349 2628 ue
363 2536 425 2596 nis:
450 2537 461 2568 ‘
473 2535 504 2596 Si
519 2538 625 2599 liberas
637 2559 701 2600 csse
713 2537 828 2602 AEnum
840 2553 872 2602 et
884 2540 1063 2606 Maroneam
1075 2541 1170 2614 velint
1181 2538 1321 2616 Rotnani,
1332 2537 1409 2600 nihil

196 2644 300 2695 thracia
311 2663 350 2694 ur·
364 2622 373 2652 ‘
389 2622 433 2681 sui
446 2622 569 2703 pudoris
585 2645 649 2684 esse
665 2626 744 2686 ultra
760 2629 869 2704 dicere,
887 2631 894 2666 ¹
909 2649 1000 2708 quam
1016 2641 1050 2690 ut
1067 2627 1258 2702 admoneant,
1282 2646 1323 2700 re,
1340 2643 1403 2684 non

198 2710 270 2759 bibus.
364 2708 373 2738 ‘
388 2709 663 2784 verb0,eosliberos
676 2712 856 2792 relinquant,
864 2735 918 2774 nec
926 2735 1012 2776 suum
1025 2735 1134 2779 munus
1146 2711 1276 2792 intercipi
1288 2711 1328 2786 ab
1337 2710 1402 2772 alio

364 2793 374 2825 ‘
389 2795 552 2874 patiantur.
576 2793 630 2856 Sin
640 2809 741 2858 autem
755 2801 852 2860 minor
862 2821 933 2862 cura
944 2801 983 2860 sit
993 2801 1161 2862 civitatium
1171 2795 1331 2860 in'lhracia
1341 2818 1403 2878 po-

363 2879 374 2911 ‘
389 2881 524 2956 sitarum,
536 2882 632 2943 multo
643 2885 740 2944 verius
752 2906 828 2962 esse,
841 2907 906 2964 quae
918 2887 972 2948 sub
983 2886 1138 2956 Antiocho
1150 2885 1267 2960 hieriut,
1278 2883 1406 2965 premia

364 2965 374 2996 ‘
390 2965 458 3031 belli
471 2963 648 3046 Eumenem,
665 2990 754 3050 (quarn
768 2969 950 3054 Philippum,
963 2973 1088 3048 habere3
1112 2972 1158 3034 vel
1171 2993 1226 3054 pro
1237 2970 1332 3052 patris
1346 2967 1407 3030 At·

365 3051 375 3082 ‘
391 3052 444 3114 tali
457 3053 569 3115 meritis
579 3055 756 3136 bello,quod
768 3057 907 3120 adversus
918 3057 1089 3142 Philippum
1102 3059 1201 3140 ipsum
1211 3056 1339 3137 gesserit
1351 3075 1407 3136 po-

365 3136 376 3169 ‘
392 3139 478 3220 pulus
492 3137 661 3203 Romanus:
680 3143 748 3204 ²vel
760 3143 832 3221 suis,
842 3145 922 3224 quod
934 3144 1078 3208 Antiochi
1089 3145 1169 3206 bello
1181 3155 1262 3206 terra
1273 3143 1410 3222 narique

366 3224 565 3287 ‘laboribuss
583 3227 780 3309 periculisque
806 3231 944 3292 omnibus
968 3233 1145 3299 interfuerit.
1191 3227 1316 3290 Habere
1339 3247 1408 3290 euru

365 3312 532 3393 ‘praeterea
556 3313 660 3374 decem
683 3314 851 3396 legatorum
867 3317 898 3380 in
914 3340 980 3380 earn
997 3341 1058 3380 rem
1082 3315 1335 3406 ³praejudjcium3
1359 3314 1408 3395 qul

557 3461 568 3495 ¹²
581 3459 617 3509 ito
629 3464 703 3510 Gran.
982 3466 988 3500 ¹
1002 3467 1146 3531 lahordrurpus
1156 3465 1213 3514 End.

395 3588 417 3624 ⁹⁷
434 3587 448 3614 ⁴
468 3586 588 3638 [mentium
606 3595 661 3641 socia
675 3603 698 3644 ,et
716 3596 798 3659 lingula
808 3611 869 3657 erpe-
903 3597 1099 3648 vitrearum
1112 3609 1155 3644 xt.
1168 3597 1205 3644 12.

362 3651 415 3711 riri]
450 3649 638 3716 Experimenrum
663 3674 742 3721 capere
770 3663 869 3707 licentiae
935 3661 1033 3716 ¹Quum
1052 3676 1076 3710 nr
1095 3658 1234 3735 admoneant]
1250 3659 1296 3720 Ipsi
1316 3657 1356 3718 qui
1374 3657 1409 3704 lo-

362 3730 502 3774 sermonum,
518 3723 583 3783 cujus
598 3723 687 3768 novitas
698 3726 741 3772 illis
752 3727 808 3773 mire
820 3727 867 3788 pia·
899 3740 1008 3788 quantur,
1031 3729 1141 3775 Eumenis
1163 3725 1239 3782 legari.
1274 3723 1350 3770 Verba
1371 3739 1409 3770 ae·

362 3792 420 3827 etat·
451 3843 459 3854 .
901 3797 1002 3854 quentia,
1017 3789 1410 3854 relinquerinpotiontuapeninm

393 3846 416 3880 tss
435 3842 732 3898 hondurnonlniumdicnrm
742 3854 803 3900 solem
812 3858 867 3902 ruri-
900 3859 927 3904 nd
955 3857 1075 3904 Romanos.
1119 3855 1271 3900 Gronoviwffi
1296 3854 1411 3900 “iiim’‘

362 3909 426 3971 disc]
443 3906 514 3962 Quasi
525 3913 627 3960 diceret:
654 3915 692 3963 Ne
709 3917 868 3965 nimiumcon·
901 3923 1028 3969 admoneat.-
1044 3931 1123 3968 eontra
1138 3919 1252 3966 editorum
1268 3919 1411 3966 omniumct

362 3973 458 4020 fiderent
478 3978 583 4036 prasenti
601 3993 676 4028 rerum
689 3983 771 4029 statui:
790 4000 868 4047 soper-
901 3987 1033 4048 scriptorum
1051 3987 1128 4042 fidem,
1141 3997 1200 4030 teste
1214 3982 1327 4030 Heanrio.
1362 3983 1411 4028 Re-

314 4051 323 4064 ·
361 4053 411 4084 esse
431 4049 454 4084 et
471 4041 512 4087 sibi
533 4055 556 4088 et
575 4042 619 4090 iltis
638 4047 691 4092 satis
710 4051 827 4109 temporis,
842 4059 868 4096 ut
901 4063 983 4114 pugnat
996 4065 1153 4104 etsensus,c1
1166 4047 1314 4110 quoverbum
1327 4047 1412 4094 referri
1509 4035 1511 4050 ³

361 4115 459 4152 mutator
469 4119 503 4152 res
514 4108 589 4154 ridere
597 4123 695 4170 possent.
900 4116 967 4162 debet
986 4117 1012 4163 ad
1032 4115 1116 4174 legatos
1135 4113 1253 4170 Eumenis,
1271 4129 1295 4160 ac
1312 4115 1412 4178 proinde

391 4169 413 4202 9⁰
429 4167 444 4196 '⁵
462 4165 587 4218 Faunorum
598 4175 661 4234 juris·
676 4177 800 4238 assequendi
816 4193 867 4226 con·
901 4179 991 4244 pluralis
1002 4197 1051 4227 esse
1062 4179 1160 4226 numeri.

359 4231 491 4278 diluendam
512 4237 566 4296 esre]
602 4239 790 4288 Cornritrnndsm
816 4258 866 4290 esse
931 4245 999 4292 ⁹l'el
1009 4247 1060 4302 suis,
1072 4242 1139 4307 quud]
1154 4241 1214 4304 Lege
1225 4259 1279 4290 cum
1291 4241 1413 4290 Gronoria
1509 4227 1510 4248 ³

359 4291 487 4372 formulam,
503 4315 530 4346 ex
549 4317 592 4362 qun
614 4303 728 4368 Philippus
747 4320 770 4352 et
787 4307 865 4354 adver·
899 4311 1045 4370 anianiqqrri.

360 4373 424 4404 sense
440 4369 613 4428 civitatesnpud
632 4385 666 4425 se,
678 4371 713 4416 vcl
726 4369 786 4435 opud
799 4387 865 4418 sena·
931 4374 941 4406 ³
959 4375 973 4404 ⁹
993 4371 1160 4436 l'rojnelicinm]
1177 4371 1232 4421 Vid.
1252 4383 1301 4420 not.
1322 4369 1361 4418 80.
1385 4369 1413 4418 {i

359 4435 418 4480 turn,
439 4425 467 4472 de
492 4426 579 4490 injuriis
597 4435 682 4486 mutuis
703 4437 866 4504 disceptarent.
899 4439 990 4487 nnld.
