3080 5196
343 455 344 460 Ν
377 381 440 446 aaa
790 367 875 436 cnr
899 368 1001 436 nrvrr

203 555 355 608 ttmstr.
379 539 487 616 fectus,
523 531 643 598 ‘l'enum
676 531 774 617 primo
807 533 926 608 tenuit:
960 529 1031 593 inde
1064 525 1219 615 Ephesum
1247 525 1425 593 transmisit.

215 621 290 674 M·
304 625 356 674 191.
380 625 505 689 Consuli
537 621 716 686 Chalcidem
744 619 878 682 venienti
911 630 1007 703 portae
1040 628 1212 702 patuerunt,
1241 637 1349 699 quum,
1372 617 1425 679 ad·

336 719 339 726 '
378 714 603 798 propinquante
628 731 677 788 eo,
701 707 893 785 Aristoteles,
915 704 1075 790 praefectus
1102 705 1192 788 regis,
1219 706 1296 767 urbe
1320 725 1424 767 exces-

379 802 477 864 sisset.
500 811 532 862 et
551 808 658 860 ceterae
684 796 772 858 urbes
799 795 830 856 in
856 792 975 857 Euboea
1003 793 1068 855 sine
1097 792 1264 855 certamine
1295 783 1426 871 tradite,

379 900 452 972 post
475 904 649 971 paucosque
673 884 770 966 diesr,
794 881 935 942 omnibus
957 880 1141 964 perpacatis,
1156 881 1222 943 sine
1238 879 1331 943 ullius
1347 899 1426 942 noxa

380 974 461 1038 urbis
498 973 648 1036 exercitus
683 967 905 1053 Thermopylas
942 968 1094 1047 reductus,
1133 968 1230 1029 multo
1276 967 1427 1030 modestia

379 1073 452 1146 post
465 1061 637 1138 victoriam,
652 1077 743 1140 quam
770 1056 836 1139 ipsa
860 1055 998 1134 victoria,
1024 1054 1215 1117 laudabilior.
1260 1052 1340 1118 Inde
1355 1075 1426 1118 con·

379 1150 425 1212 sul
441 1145 490 1210 M.
506 1145 667 1224 Catonem,
690 1148 717 1191 ⁷⁷
733 1165 786 1228 per
802 1164 904 1224 quem,
919 1164 985 1225 quae
999 1153 1088 1224 gesta
1102 1153 1214 1220 essent,
1231 1153 1356 1204 senatus
1370 1163 1425 1225 po-

215 1246 344 1362 ccjppovrpptrr·
380 1236 529 1384 puluspue
545 1233 701 1297 Romanus
716 1231 797 1294 haud
813 1230 905 1292 dubio
926 1242 1050 1292 auctore
1065 1229 1167 1306 sciret,
1183 1227 1317 1291 Romam
1332 1228 1424 1378 Ἓξ.

289 1326 347 1360 ¹⁰·
672 1319 837 1380 sinsium
853 1337 901 1379 em
925 1317 1023 1379 orium
1038 1327 1085 1379 est
1111 1316 1142 1378 in
1155 1316 1264 1378 intimo
1281 1317 1349 1377 sinu
1408 1352 1423 1364 -

213 1377 262 1428 ψ’
380 1319 736 1487 iinlhiarddsiellstaclulril
762 1403 868 1467 Patras
891 1336 1016 1466 richeim
1038 1362 1133 1487 petit:
1161 1402 1294 1466 aPatris
1310 1401 1426 1488 Corcy-

380 1518 447 1560 ram
462 1517 554 1580 usque
569 1492 694 1558 AEtoliae
715 1504 806 1576 atque
819 1490 999 1554 Acamaniae
1014 1490 1105 1552 litora
1119 1490 1205 1572 legit,
1220 1503 1314 1572 atque
1330 1491 1376 1552 ita
1388 1491 1426 1552 ad

381 1582 578 1669 Hydruntum
599 1580 695 1645 Italia
718 1577 848 1662 trajecit.
869 1579 976 1660 quinto
1000 1577 1050 1641 die
1074 1577 1145 1640 inde
1166 1577 1301 1662 pedestri
1318 1577 1425 1640 itinere

380 1670 512 1735 Romam
538 1668 653 1752 ingenti
683 1687 771 1730 cursu
798 1666 947 1750 pervenit.
976 1675 1047 1727 ante
1072 1665 1172 1727 lucem
1196 1665 1352 1746 ingressus
1377 1687 1425 1726 ur·

307 1821 310 1828 ,
379 1759 464 1836 bem,
489 1779 508 1818 a
530 1767 620 1840 porta
648 1754 687 1817 ad
713 1764 871 1838 praetorem
897 1751 945 1815 M.
973 1749 1099 1814 Junium
1124 1753 1182 1814 iter
1207 1752 1356 1816 intendit.
1399 1751 1426 1814 Is

380 1845 480 1929 prima
502 1844 570 1906 luce
593 1858 733 1906 senatum
758 1841 886 1903 vocavit.
913 1861 973 1922 quo
988 1837 1024 1902 L.
1040 1838 1199 1903 Cornelius
1225 1836 1345 1922 Scipio,
1371 1839 1426 1901 ali·

268 2009 270 2014 ¹
381 1943 456 2016 quot
471 1931 577 1994 diebus
592 1941 663 1993 ante
679 1951 697 1992 a
712 1926 835 1992 co'nsule
851 1927 1003 2006 dimissus,
1026 1947 1120 2009 quum
1142 1926 1307 1989 adveniens
1323 1927 1425 1989 audis·

381 2029 439 2096 set,
456 2039 651 2101 praegressum
667 2016 816 2080 Catonem
842 2016 874 2077 in
899 2015 1005 2077 senatu
1029 2035 1104 2092 esse,
1128 2015 1304 2097 superuenit
1330 2034 1424 2096 expo·

380 2107 478 2184 nenti,
495 2116 662 2187 quaegesta
682 2115 792 2168 essent.
835 2101 906 2164 Duo
931 2101 1002 2164 inde
1025 2101 1116 2183 legati
1136 2098 1225 2182 jussu
1247 2112 1372 2164 senatus
1396 2101 1425 2163 in

383 2193 562 2255 concionem
575 2204 659 2254 ,sunt
684 2189 846 2274 producti:
874 2201 965 2271 atque
986 2188 1027 2250 ibi
1043 2188 1164 2267 eadem,
1177 2209 1244 2270 quac
1259 2189 1291 2251 in
1307 2200 1425 2266 senaar,

382 2278 525 2342 derebus
549 2279 581 2340 in
595 2277 716 2341 AEtolia
735 2277 830 2360 gestis
855 2287 1066 2358 exposuerunt.
1111 2272 1302 2359 Supplicatio
1323 2277 1356 2339 in
1372 2277 1426 2338 tri-

381 2367 475 2428 duum
490 2366 615 2428 decreta
628 2378 695 2443 est;
719 2376 752 2426 et
765 2377 799 2428 ut
814 2363 1017 2445 quadraginta
1031 2363 1139 2425 hostiis
1162 2362 1330 2447 majoribus
1349 2384 1425 2447 pra-

380 2461 441 2530 tor,
457 2453 565 2534 quibus
579 2450 647 2514 Diis
663 2453 690 2514 ei
711 2451 872 2530 videretur,
899 2449 1095 2513 sacrificaret.
1140 2448 1197 2512 Per
1218 2450 1347 2513 eosdem
1363 2451 1426 2512 dies

382 2549 415 2600 et
429 2533 608 2601 M.Fulvius
629 2537 781 2616 Nobilior,
796 2539 847 2622 qui
868 2537 991 2600 biennio
1011 2548 1082 2600 ante
1105 2538 1283 2619 praetoria·
1306 2535 1425 2621 Hispa·

382 2625 466 2686 niam
491 2636 557 2686 erat
582 2623 746 2708 profectus,
770 2645 864 2686 ovans
888 2625 994 2687 urbem
1011 2637 1059 2687 est
1073 2624 1246 2706 ingressus:
1269 2627 1296 2672 ⁷⁰
1305 2626 1426 2707 argenti

382 2711 478 2792 bigati
493 2732 554 2794 prae
569 2733 601 2772 se
616 2711 687 2774 tulit
708 2715 852 2773 centum‘
878 2712 1005 2793 triginta
1026 2710 1142 2773 millia:
1166 2725 1198 2775 et
1212 2723 1295 2774 extra
1310 2733 1427 2782 nume·
1538 2731 1539 2794 j

382 2809 483 2860 ratum
502 2802 529 2844 ⁷⁹
540 2798 703 2862 duodecim
724 2798 821 2860 millia
834 2798 937 2883 pondo
953 2799 1086 2880 argenti:
1113 2800 1140 2838 ⁸⁰
1153 2799 1214 2861 auri
1228 2799 1331 2883 pondo
1346 2819 1427 2862 cen-

382 2895 448 2946 tum
463 2885 569 2968 viginti
584 2897 713 2969 septem.
1301 2879 1307 2897 ¹

425 2969 528 3035 XXll.
543 2971 660 3035 Acilius
669 2973 773 3036 consul
785 2976 824 3037 ab
834 2972 1047 3058 Thermopylis
1059 2972 1240 3038 Heracleam
1249 2974 1289 3036 ad
1301 2971 1428 3049 AEtolos
1538 3035 1539 3058 ἦ

218 3065 307 3118 AEroloe
317 3069 346 3118 nt
382 3059 536 3140 premisit,
549 3061 603 3121 ‘ut
613 3072 685 3123 tunc
695 3060 814 3140 saltem,
827 3062 944 3145 experti
956 3063 1070 3144 regiam
1081 3063 1427 3146 vanitatem,resipisce-

217 3135 351 3245 {sfilloel'
383 3146 494 3225 ‘'rent;
512 3147 683 3230 traditaque
703 3147 865 3228 Heraclea,
884 3149 1054 3230 cogitarent
1065 3149 1103 3211 de
1118 3151 1253 3233 petenda
1268 3152 1307 3212 ab
1318 3163 1428 3213 senatu
1538 3161 1539 3174 ¹

218 3215 274 3316 cl:
285 3211 364 3252 Μ
383 3233 393 3268 ‘
408 3255 462 3296 seu
472 3236 496 3273 ⁸¹
511 3234 619 3297 luroris
630 3237 687 3315 sui,
697 3257 748 3298 seu
760 3237 867 3300 erroris
879 3237 976 3298 venia.
988 3237 1054 3299 et⁸²
1064 3248 1179 3313 ceteras
1188 3249 1202 3276 ¹³
1215 3235 1342 3301 Gracia
1353 3239 1426 3299 civi·
1537 3239 1538 3280 ὲ

381 3321 394 3370 ·‘
409 3333 489 3384 tates
496 3321 642 3384 defecisse
651 3345 689 3385 eo
700 3323 781 3385 bello
791 3324 830 3385 ab
841 3322 957 3406 optime
970 3322 1008 3385 de
1017 3344 1049 3385 se
1061 3323 1177 3386 meritis
1185 3323 1334 3387 Romanis
1345 3350 1353 3387 ι
1363 3324 1428 3402 sed,
1537 3347 1538 3360 ¹

384 3409 395 3443 ‘
409 3410 662 3491 quiapostfugam
673 3411 762 3491 regia,
772 3408 856 3491 cujus
862 3409 1078 3471 fiduciaofficio
1085 3410 1297 3492 decessissent,
1304 3433 1367 3476 non
1373 3413 1428 3474 ad·

384 3494 395 3528 ‘
411 3496 559 3558 didissent
567 3497 766 3580 pertinaciam
778 3499 883 3580 culpae,
898 3496 1031 3558 infidam
1044 3509 1180 3580 receptas
1193 3519 1270 3562 esse.
1304 3497 1428 3561 AEtolos

384 3581 396 3614 ‘
410 3601 540 3662 quoque,
547 3602 730 3664 quamquam
743 3605 804 3647 non
817 3585 911 3646 secuti
923 3584 985 3646 sint
996 3605 1110 3665 regem,
1120 3586 1174 3647 sed
1186 3587 1431 3664 arcessierintet

384 3667 396 3700 ‘
411 3667 503 3730 duces
514 3668 594 3748 belli,
600 3691 661 3732 non
670 3671 884 3750 socii,l'uerint,
896 3671 1108 3756 ⁶³sipoenitere
1114 3673 1339 3756 possint,posse
1345 3674 1432 3736 etin·
1469 3719 1473 3738 .

481 3781 719 3840 'paruosqueperdier
729 3779 803 3829 Gron.
816 3779 884 3829 Crev.
1058 3781 1119 3828 'ina
1129 3781 1255 3832 utmorem
1264 3783 1331 3832 ΕΜ·

482 3845 519 3890 tet
529 3845 623 3907 triginta
637 3845 701 3892 Eacd.
765 3885 770 3906 ,
1055 3854 1152 3896 ''0⁶2st
1160 3847 1227 3898 ffl-

414 3931 610 3995 ”Percussum
628 3935 769 3985 hauddubie
787 3937 885 4001 auam]
921 3936 996 3986 unciis
1006 3939 1030 3989 7.
1126 3947 1129 3956 '

383 3999 512 4060 Legatum
525 3997 656 4049 Gronoaio:
668 4019 795 4066 perquer.
809 4003 889 4053 ,haud
952 4003 974 4036 ⁸¹
987 4002 1001 4031 ⁸
1014 3999 1116 4068 Furarls]
1127 4003 1252 4054 Amentire.

383 4065 475 4112 dubium
484 4073 600 4115 utmorem.
951 4067 975 4101 ⁸⁹
988 4067 1067 4116 Θόανα
1082 4069 1173 4119 Groeeioe
1191 4068 1309 4184 ciuitatetg
1326 4071 1379 4121 Sine
1398 4072 1434 4122 tit

414 4129 539 4194 tangent
549 4132 755 4194 bigoti..centum
763 4143 783 4182 et
794 4135 888 4198 triginta
918 4131 990 4194 legas,
1010 4143 1038 4180 ut
1055 4134 1167 4196 intelligas
1188 4146 1262 4185 oetam
1310 4141 1386 4194 πάι,
1408 4139 1435 4186 id
1536 4189 1537 4194 ,

340 4241 344 4250 ,
383 4193 467 4255 millio]
481 4195 595 4242 Denarios
609 4197 710 4246 130000.
733 4198 825 4247 Marem
837 4215 888 4248 nos·
921 4210 965 4254 cst,
981 4210 1110 4247 ceterarum
1122 4201 1222 4250 Graeciae
1239 4203 1358 4267 partium
1380 4204 1433 4252 sire
1536 4195 1537 4228 l

383 4261 602 4309 mates2⁰3l.curn
614 4263 722 4313 uncitst.
921 4264 986 4312 malit
1002 4279 1054 4313 cum
1075 4265 1135 4314 Vicr.
1151 4269 1228 4317 codice
1249 4279 1273 4316 et
1294 4269 1436 4332 quibasdam
1536 4305 1537 4320 r

417 4321 439 4358 ⁷⁹
450 4319 569 4373 Duodecim
596 4329 667 4375 millio
694 4330 763 4390 ponda
788 4329 886 4394 argenta]
921 4331 998 4386 editis,
1015 4339 1094 4378 ceteras
1110 4331 1200 4382 Groecr'oe
1221 4337 1330 4395 dotata,
1349 4351 1438 4400 pum

384 4387 477 4436 Merces
486 4399 600 4440 nostrates
613 4393 698 4442 18750.
921 4397 1010 4444 scilicet
1020 4397 1124 4448 intereat.

416 4451 507 4499 ⁸⁰duri
526 4457 596 4516 pondo
621 4467 707 4506 centum
734 4461 814 4524 viginti
840 4477 886 4523 aep-
952 4461 1009 4509 Μδί
1023 4464 1127 4523 partitam
1140 4462 1230 4529 padul]
1253 4465 1316 4516 ΗΒΘ
1333 4465 1438 4528 lflqtm·

384 4516 437 4584 tem]
457 4517 549 4571 Marcu
569 4533 681 4574 ammte·
698 4527 751 4578 19⁸.
762 4541 816 4577 cunr
827 4543 887 4580 senr-
921 4527 1044 4594 diforma,
1057 4531 1158 4595 quamtis
1169 4545 1251 4596 parurn
1270 4535 1366 4592 adnm,
1383 4548 1437 4584 noa
