3080 5196
185 551 218 602 U.
228 549 260 604 G.
270 555 326 606 ⁵61.

185 620 217 670 Α.
228 619 258 672 C.
271 621 326 672 191.

353 401 412 460 sss
661 349 665 360 ’
750 387 835 452 nn
852 387 954 452 mvn
1062 387 1066 400 ·

352 550 440 612 rebat
453 567 497 628 sc,
523 547 602 631 pulsi
627 547 697 610 loco
720 547 801 612 iutra
827 547 1027 625 munimento,
1050 541 1208 608 subductis
1231 539 1398 618 ordinibus,

352 645 587 700 concesserunt:
621 636 692 698 inde
715 655 755 700 ex
778 635 859 698 vello
885 655 980 720 prope
1004 633 1132 696 alterum
1149 631 1271 708 vellum,
1299 629 1395 692 ussus
1470 693 1478 702 ,

351 745 412 808 prae
425 743 458 786 se
472 722 611 806 objectis,
627 723 773 784 fecerunt.
796 735 827 784 et
852 723 897 785 ite
918 721 1041 783 modice
1068 719 1198 782 altitudo
1222 717 1293 780 valli
1318 728 1396 794 eret,

351 822 386 874 ut
407 811 559 874 stlocum
586 810 771 892 superiorem
799 809 838 871 ud
862 808 1061 892 pugnandum
1087 807 1148 870 suis
1172 805 1331 888 preberet,
1365 814 1407 865 et·

351 909 475 980 propter
501 896 721 978 longitudinem
746 897 900 958 hastarum
924 894 1094 978 subjectum
1116 893 1244 956 haberet
1265 892 1397 953 hostem.

229 1004 235 1013 ·
351 983 456 1062 Multi,
481 997 598 1047 temere
622 984 786 1046 subeuntes
805 983 929 1061 vallum,
952 981 1091 1044 transfixi
1115 991 1202 1043 sunt:
1224 991 1258 1042 et
1273 988 1327 1040 eut
1348 977 1397 1040 in·

351 1085 442 1153 cepto
457 1071 542 1133 irrito
557 1071 762 1148 recessissent,
778 1082 832 1132 sut
845 1071 945 1154 plures
959 1069 1152 1148 cecidissent,
1165 1068 1198 1130 ni
1210 1063 1258 1128 M.
1270 1063 1396 1128 Porcius

350 1159 389 1220 sb
400 1156 477 1240 jugo
492 1157 681 1238 Callidromi,
701 1157 829 1240 dejectis
843 1157 914 1220 inde
928 1154 1054 1235 AEtolis,
1077 1165 1109 1218 et
1122 1173 1237 1237 magns
1249 1173 1291 1216 ex
1309 1167 1396 1236 purte

350 1246 446 1326 cesis,
476 1244 660 1324 (llinesutos
692 1246 774 1307 enim
800 1257 832 1308 et
857 1245 1019 1328 plerosque
1043 1244 1160 1326 sopitos
1185 1241 1388 1324 obpresscrst)

349 1331 1225 1482 ⁸¹¹tnlmdtttl0tttt⁰¹lltlttitt...
1250 1428 1283 1478 s
1307 1412 1394 1476 m.

351 1505 500 1584 duntism,
525 1505 728 1588 nequidquam
749 1506 849 1568 subire
869 1505 909 1566 ud
931 1525 969 1568 eu
989 1505 1115 1568 custells
1137 1513 1261 1582 coneto,
1287 1502 1397 1564 fueret.

350 1591 548 1671 Macedones,
572 1593 682 1676 quique
696 1593 748 1655 elii
763 1593 915 1656 incastris
942 1593 1033 1676 regiis
1056 1602 1156 1671 eruut,
1180 1590 1293 1674 primo,
1319 1588 1395 1650 dum

349 1681 453 1761 procul
469 1680 546 1742 nihil
568 1679 663 1758 eliud,
678 1699 769 1762 quum
783 1681 873 1742 turbs
887 1691 921 1741 et
933 1699 1056 1762 cgnren,
1070 1679 1249 1762 edpcrebst,
1270 1674 1397 1750 AEtolcs

351 1767 485 1846 credere,
518 1767 583 1829 vise
611 1765 715 1851 procul
740 1787 853 1850 pugne,
886 1765 1021 1829 subsidio
1044 1767 1158 1830 venire.
1187 1777 1336 1842 ceterum,
1363 1775 1398 1825 ut

350 1853 482 1936 primum
512 1853 659 1936 signaque
688 1865 721 1918 et
746 1875 832 1916 erma
853 1873 892 1916 ex
919 1853 1240 1938 propinquo-cognite
1263 1871 1397 1915 errorem

352 1951 544 2022 aperuerunt,
570 1953 673 2004 tentus
689 1953 814 2025 repente
834 1961 927 2026 pavor
950 1963 1057 2004 omues
1077 1943 1170 2025 cepit,
1194 1951 1242 2018 ut,
1265 1936 1396 2022 objectis

352 2028 454 2106 armis,
467 2028 630 2110 'fugerents
651 2031 715 2090 ⁷²et
736 2029 926 2091 munimento
949 2040 1109 2113 sequentes
1132 2027 1338 2111 inpedierunt,
1364 2036 1397 2087 et

353 2115 498 2196 angustie
511 2116 608 2194 vellis,
624 2135 679 2198 per
701 2135 792 2198 qusm
807 2117 952 2200 sequendi
967 2129 1077 2194 ersnt3
1110 2127 1143 2180 et
1166 2114 1303 2178 merium
1326 2133 1407 2176 osu-¹.

313 2229 318 2240 ·
351 2203 446 2281 nium,
472 2203 554 2284 quod
574 2203 729 2287 elephanti
753 2203 907 2265 novissimi
930 2203 1061 2286 agminis
1083 2215 1180 2282 erent,
1205 2221 1283 2282 quos
1304 2199 1398 2284 pedes

351 2310 429 2371 aegre
443 2291 606 2373 preterire,
632 2311 722 2374 eques
738 2291 820 2352 nullo
836 2291 1076 2374 poterat-modo,
1101 2290 1281 2352 timentibus
1298 2287 1396 2369 equis',

351 2376 574 2458 tumultumque
589 2378 716 2440 interce
732 2375 890 2459 mojorem,
916 2397 1007 2459 quum
1030 2378 1062 2440 iu
1083 2378 1202 2460 proelio,
1224 2375 1397 2440 edentibus.

263 2497 268 2509 ·
352 2462 552 2544 Aliquantum
578 2465 724 2548 temporis
746 2474 778 2526 et
799 2463 930 2548 direptio
956 2475 1124 2528 castrorum
1148 2464 1258 2528 tenuit.
1302 2460 1403 2524 Scan.

183 3507 316 3557 (hrsleidem

179 3587 205 3622 se
216 3576 304 3640 resipit.

353 2549 459 2632 phium
474 2561 578 2614 tumen
593 2572 630 2614 eo
647 2551 696 2613 die
712 2553 861 2634 persecuti
876 2562 948 2614 sunt
962 2551 1093 2614 hostem.
1135 2549 1244 2615 Multis
1267 2553 1300 2613 in
1327 2551 1396 2633 ipso
1419 2563 1423 2576 ·

352 2637 460 2698 itinere
475 2638 557 2700 cesis
573 2638 741 2720 captisque,
756 2657 818 2700 non
833 2639 918 2719 equis
932 2640 1062 2720 virisque
1078 2649 1210 2718 tentum,
1223 2637 1277 2700 sed
1297 2637 1395 2700 etiarn

353 2722 534 2806 elephantis,
556 2745 631 2806 quos
646 2745 755 2807 cepere
769 2745 832 2787 nou
847 2735 1021 2807 potuerant,
1046 2726 1223 2802 interfectis,
1244 2726 1273 2786 iu
1289 2737 1392 2788 cestu

352 2822 557 2888 reverterunt3
582 2832 648 2893 quae
663 2822 783 2874 tentata
797 2831 835 2873 eo
856 2811 906 2873 die
921 2813 1001 2875 inter
1023 2812 1124 2895 ipsum
1139 2831 1243 2898 pugne
1266 2823 1391 2894 tempus

352 2897 391 2958 ah
413 2893 538 2975 AEtolis,
553 2896 737 2961 Heracleum
751 2899 962 2961 obtinentibus
978 2901 1129 2983 praesidio,
1154 2902 1220 2963 sine
1231 2897 1292 2960 ullo
1306 2897 1395 2960 houd

350 3005 458 3067 purum
472 2984 595 3064 audacis
611 2985 724 3067 incepti
739 2985 859 3063 effectu,
881 2985 1012 3050 nerant.
1056 2986 1181 3058 Consul.
1197 2987 1296 3049 noetis
1310 2985 1395 3048 inse·

351 3072 471 3152 quentis
497 3072 589 3134 tertia
612 3073 716 3154 vigilie
734 3074 889 3155 premisso
915 3074 1054 3157 equitatu
1084 3074 1124 3136 sd
1152 3073 1395 3158 persequendum

350 3158 481 3236 hostem,
510 3160 598 3241 signa
614 3160 781 3242 legionum
809 3160 909 3242 prims
938 3162 1004 3224 luce
1034 3161 1139 3224 movit.
1192 3161 1402 3243 Aliqumnm

349 3245 404 3306 vise
418 3259 602 3328 preceperat
615 3267 691 3325 rex3
715 3247 816 3328 utqui
838 3267 899 3310 non
921 3261 1004 3326 ente,
1028 3268 1120 3330 quem
1142 3246 1260 3328 fflstise,
1282 3249 1323 3310 sb
1347 3247 1394 3312 el'·

349 3330 417 3394 fuso
441 3333 613 3396 constiterit
637 3354 744 3396 cursu:
776 3334 828 3396 ubi
854 3337 984 3418 primurn
1011 3335 1145 3420 reliquiis
1171 3355 1341 3419 pugnoque
1363 3347 1396 3399 et

352 3418 431 3501 fuge
446 3420 604 3499 conlectis,
630 3442 700 3483 oum
726 3422 891 3504 perexigua
915 3443 1007 3485 manu
1031 3424 1237 3486 semiermium
1262 3422 1393 3486 militum

351 3503 531 3569 Chalcidem
556 3529 590 3569 se
616 3508 739 3592 recepit.
784 3507 941 3572 Romanius
967 3510 1121 3592 equitatus
1147 3511 1247 3595 ipsum
1269 3511 1393 3595 quidem

350 3613 458 3674 regem
469 3591 577 3656 Eletire
592 3594 751 3657 adsecutus
774 3615 838 3657 non
862 3610 921 3676 est,
943 3597 1029 3660 ”sed
1043 3617 1186 3680 magnum
1203 3610 1325 3680 pestem
1339 3619 1397 3680 ega

349 3681 451 3758 minis,
474 3692 527 3743 aut
547 3679 725 3744 lassitudine
746 3683 980 3764 ⁷³subsistentis,
1005 3697 1059 3748 aut
1076 3707 1187 3764 errore,
1210 3685 1312 3766 utqui
1328 3687 1392 3746 sine

349 3768 473 3831 ducibus
504 3789 557 3852 per
587 3769 693 3852 ignota
722 3769 832 3832 itinera
862 3770 1013 3853 fugerent,
1040 3771 1202 3854 dissipatos
1230 3772 1392 3853 obpresse-

273 3891 279 3898 ·
348 3868 428 3919 runt.
458 3875 515 3918 nec
539 3869 647 3940 prester
665 3857 857 3940 quingentos,
883 3859 933 3940 qui
960 3859 1043 3920 circs
1067 3879 1169 3942 regem
1194 3858 1327 3938 fuerunt,
1354 3878 1394 3920 ex

347 3953 413 4006 toto
439 3944 575 4006 exercitu
598 3944 756 4026 quisquam
778 3943 905 4027 effugit:
949 3945 1041 4022 etium
1065 3967 1105 4010 ex
1128 3947 1234 4010 deoem
1259 3945 1395 4008 millibus

378 4109 403 4147 ⁷⁰
418 4107 521 4160 Incussus
529 4111 598 4177 eum]
617 4111 671 4161 Vsu.
683 4113 743 4166 Plut.
760 4115 785 4185 iq
804 4113 851 4163 Cs·
886 4117 1035 4178 sequentibus
1045 4116 1124 4165 vinos.

271 4177 276 4190 ·
347 4185 401 4222 rme
412 4179 507 4240 mure,
523 4181 551 4227 se
563 4179 606 4226 roc
617 4181 854 4244 missasque
918 4183 941 4220 c
955 4182 997 4232 su
1007 4177 1212 4247 mmm]
1228 4176 1313 4242 Saepe
1323 4147 1400 4228 omn

348 4241 402 4287 ntis
416 4242 495 4304 jejune
514 4244 553 4293 hic
571 4245 658 4296 mdes:
677 4247 766 4307 Lirius,
788 4248 855 4312 plurs
887 4261 940 4297 runt
956 4249 987 4296 τὸ
1005 4250 1050 4306 sed,
1066 4249 1125 4310 quod
1142 4260 1196 4292 nnc
1211 4243 1328 4294 interdu·
1346 4245 1396 4294 ele·

347 4319 521 4358 memorantem.
887 4311 970 4377 gincius
979 4329 1047 4362 ceum
1057 4313 1177 4378 supprimit
1188 4310 1278 4360 livius.

378 4370 399 4407 ⁷¹
419 4371 433 4400 θ
452 4369 482 4418 Et
503 4375 637 4423 munimenta
655 4386 762 4439 sequentes
781 4381 851 4441 imps-
915 4380 938 4418 ⁷³
954 4378 970 4408 *
981 4379 1128 4442 Solomatis]
1147 4376 1191 4424 Vel
1208 4379 1292 4433 write,
1308 4377 1347 4426 sel
1359 4377 1397 4426 irr-

347 4435 449 4499 diaeunt]
479 4437 593 4488 homenes
611 4441 740 4504 lugientem
760 4446 851 4492 hostem
884 4444 961 4506 rellige
971 4445 1110 4494 mhmouss.
1142 4443 1251 4507 Sequitur
1265 4444 1329 4492 esim
1347 4445 1404 4492 du*

347 4513 470 4564 sequentes
488 4515 513 4550 et
532 4505 672 4554 munimescs
692 4508 854 4571 impedierunt,
884 4513 973 4575 ss'pseosk

348 4577 373 4616 et
385 4568 494 4630 sogusriu
506 4567 568 4620 vullis
583 4575 635 4634 quse
652 4576 788 4625 tnusesruds
804 4585 853 4626 esst
