3136 5196
459 381 537 442 LIB.
558 375 687 439 xxxv.
708 376 792 440 CAP.
810 378 918 438 XLIV.
1154 371 1215 449 227

207 531 324 598 XLIII.
348 534 442 599 Nulla
465 537 590 620 ingenia
607 549 672 600 tarn
687 555 784 619 prona
800 535 840 598 ad
854 533 999 598 Invidiam
1015 545 1096 614 sunt,
1122 549 1213 617 qum
1227 527 1260 585 tt.
1272 533 1305 587 c.
1314 528 1375 588 sati

166 625 284 702 eorum,
300 624 350 706 qui
377 645 471 706 genus
498 645 534 686 ac
563 624 717 686 fortunam
742 643 827 684 suam
854 622 963 683 animis
983 640 1045 684 non
1068 635 1210 706 aequant:
1226 600 1370 714 ‘ggnffiffi‘

164 711 194 750 ⁰
204 711 276 794 quia
289 712 432 772 virtutem
448 721 478 772 et
492 713 613 772 bonum·
623 711 754 772 alienum
776 709 915 771 odensnt'.
959 707 1124 792 Extemplo
1139 705 1331 779 ⁰⁰1¹2mntenu

165 795 269 858 silium
295 797 437 864 mittendi
465 795 657 874 Hannibalis,
685 795 766 878 quod
791 815 884 856 unum
911 795 944 855 in
969 796 1119 880 principio
1142 795 1213 858 belli
1226 795 1368 910 {Jffl}

140 929 143 936 ,
166 883 284 944 utiliter
299 884 468 964 cogitatum
484 895 560 961 erat,
576 882 739 964 abjectum
751 892 807 943 e'st.
850 879 1055 943 Demetriadis
1080 881 1213 966 maxime
1227 925 1341 990 &pm

168 967 341 1031 defectione
357 971 395 1031 ab
411 969 556 1031 Romanis
574 971 613 1030 ad
630 967 754 1030 AEtolos
778 968 886 1045 elatus,
910 969 973 1030 hon
996 969 1077 1030 ultra
1093 969 1213 1030 differre

163 1055 390 1136 profectionem
420 1056 452 1116 in
482 1054 630 1117 Graciam
662 1055 829 1116 constituit.
861 1053 1055 1136 ,Priusquam
1086 1055 1214 1117 solveret
1226 1067 1358 1116 susumus

163 1159 270 1219 naves,
286 1139 375 1204 Ilium
391 1163 410 1204 a
425 1142 499 1203 mari
516 1141 685 1219 adscendit,
700 1151 735 1202 ut
755 1139 903 1202 Minerva
922 1141 1117 1204 sacrificaret.
1162 1141 1213 1204 In·
1226 1135 1250 1181 ³³
1264 1133 1396 1212 ἓψ-

163 1225 208 1288 'de
236 1228 276 1289 ad
307 1229 433 1290 classem
465 1249 627 1309 regressus,
661 1227 862 1309 proficiscitur
890 1227 1091 1308 quadraginta
1125 1210 1323 1290 tectism’w't’

164 1314 304 1390 navibus,
331 1315 442 1396 apertis
462 1316 640 1396 sexaginta:
668 1327 699 1375 et
716 1313 853 1374 ducentae
873 1313 1016 1374 onerariae
1031 1331 1101 1376 cum
1117 1315 1216 1377 omnis

167 1401 288 1480 generis
322 1411 495 1462 commeatu
523 1401 710 1481 bellicoque·
727 1399 786 1460 alio
818 1399 965 1482 adparatu
1002 1403 1219 1480 sequebantur.

162 1483 305 1547 Imbrum
321 1487 419 1568 primo
434 1488 565 1548 insulam
581 1488 697 1548 tenuit:
721 1484 791 1546 inde
814 1482 980 1569 Scyathum
997 1485 1129 1566 trajecit:
1152 1487 1216 1566 ubi,
1312 1485 1317 1496 “

164 1573 317 1634 'conlectis
333 1573 402 1633 ⁵⁰in
419 1573 493 1650 alto,
510 1593 575 1655 qua
591 1572 743 1654 dissipatae
759 1582 856 1648 erant,
871 1571 1007 1647 navibus,
1023 1572 1061 1632 ad
1078 1571 1216 1634 Pteleum

161 1658 300 1740 'primum
324 1659 508 1721 continentis
526 1660 624 1737 ¹venit,
649 1658 698 1719 ibi*
718 1655 905 1740 Eurylochus
926 1659 954 1719 ei
978 1655 1220 1738 Magnetarches

172 1744 382 1828 prIncipesque
407 1744 590 1827 Magnetum
621 1744 659 1805 ab
687 1742 884 1805 Demetriade
912 1745 1120 1806 obcurrerunt.
1142 1767 1230 1828 quo·¹
1299 1754 1303 1763 '

165 1849 239 1891 ‘rum
255 1831 425 1911 frequentia
438 1831 535 1909 laetus,
551 1831 600 1892 die
614 1829 738 1912 postero
749 1831 780 1890 in
795 1829 877 1890 urbis
892 1841 1015 1912 portum
1029 1832 1156 1891 navibus
1171 1844 1219 1895 est

163 1916 319 1978 ¹invenus.
363 1916 476 2000 Copias
491 1918 572 1978 haud
595 1917 699 1999 procul
721 1915 792 1976 inde
816 1916 965 1998 exposuit:
989 1916 1094 1977 decern
1121 1917 1220 1978 millia

173 2001 311 2082 pediturn
328 2003 422 2081 fuere,
444 2015 475 2064 et
499 2003 657 2084 quingenti
684 2004 810 2083 equites,
835 2023 888 2070 sex
908 2002 1082 2084 elephanti3
1105 2004 1157 2064 viar
1179 2003 1220 2064 ad

161 2085 322 2149 Graeciam
344 2089 458 2149 nudam
486 2089 697 2170 occupandam
728 2089 800 2148 satis
833 2087 999 2168 copiarum,
1036 2087 1150 2148 nedum
1180 2088 1220 2149 ad

133 2173 384 2235 '²susnnendum
408 2173 582 2235 Romanum
604 2174 728 2235 bellum.
773 2171 883 2249 AEtoli,
913 2185 1075 2254 postquam
1105 2172 1220 2238 Deme·

160 2259 302 2320 'triadem
327 2261 445 2320 venisse
471 2259 658 2320 Antiochum
683 2259 818 2319 adlatum
844 2269 901 2336 est,
932 2257 1062 2320 concilio
1092 2259 1221 2338 indicto,

173 2345 343 2422 decretum,
372 2365 433 2425 quo
458 2347 646 2406 arcesserent
671 2363 751 2422 eum,
780 2345 928 2407 fecerunt.
972 2343 1042 2406 Jam
1067 2346 1221 2428 profectus

156 2431 214 2492 *ab
229 2430 428 2492 Demetriade
451 2451 515 2507 rex,
540 2431 611 2510 quia
632 2431 677 2492 ita
699 2431 872 2491 decreturos
887 2431 1013 2508 sciebat,
1028 2429 1174 2492 Phalara¹
1189 2433 1221 2493 in

155 2517 276 2577 'unum
292 2515 460 2578 Maliacum
475 2528 673 2598 processerat.
689 2515 771 2593 inde,
787 2517 911 2577 decreto
925 2527 1063 2599 accepto,
1080 2515 1220 2583 banaiam

155 2601 271 2677 ‘venit,
296 2610 442 2684 exceptam
468 2602 582 2683 ingenti
608 2602 710 2664 lavore
733 2601 948 2679 multitudinis,
974 2623 1043 2663 cum
1068 2603 1220 2687 plausibus

158 2687 428 2769 'clamoribusque,
450 2700 482 2750 et
508 2687 613 2768 qurbus
639 2687 705 2748 aliis
724 2688 830 2749 laetitia
844 2687 939 2750 effusa
960 2688 1041 2771 vulgi
1066 2689 1224 2772 significa·

161 2873 169 2883 ·
217 2853 330 2921 XLIV.
354 2858 388 2920 In
410 2859 578 2920 confilium
608 2871 644 2921 ut
668 2870 794 2922 ventum
825 2871 881 2939 est,
914 2865 1030 2943 ⁵¹aegre
1052 2879 1071 2924 a
1092 2861 1222 2925 Phaenea
1275 2890 1278 2896 ·

173 2957 300 3028 pretore
322 2946 568 3029 principibusque
595 2947 796 3024 Introductus,
820 2948 892 3008 inde
913 2947 999 3010 facto
1021 2949 1152 3026 silentio,
1168 2971 1221 3010 rex

174 3032 274 3092 dicere
289 3051 386 3092 orsus.
423 3030 526 3092 Prima
536 3029 601 3112 ejus
617 3033 715 3093 oratio
727 3033 783 3093 fuit
803 3035 987 3112 excusantis,
1003 3035 1013 3066 ‘
1029 3035 1120 3103 Quod
1131 3045 1220 3098 tanto
1233 3037 1344 3088 Antiochi
1380 3037 1384 3042 ’

161 3117 185 3154 ·‘
200 3119 365 3178 minoribus
374 3129 530 3200 speatque
540 3118 686 3199 opinione
698 3119 832 3178 omnium
843 3118 940 3202 copiis
948 3105 1148 3181 venisset‘ld
1161 3141 1220 3183 suae
1233 3105 1397 3216 ⁰¹⁸‘ifidnffi

160 3203 185 3244 ·‘
201 3204 332 3286 inpensae
342 3221 415 3284 erga
425 3224 477 3264 eos
488 3205 654 3264 volumatis
676 3205 842 3264 maximum
861 3205 970 3266 debere
981 3205 1133 3266 indicium
1144 3227 1219 3286 esse,
1231 3185 1339 3284 iffi

159 3291 184 3325 “
201 3291 282 3370 quod
297 3309 355 3350 nec
367 3300 491 3370 paratus
501 3289 654 3350 satis’ulla
663 3310 706 3365 re,
717 3300 748 3350 et
759 3299 896 3371 tempore
908 3291 946 3351 ad
958 3291 1162 3372 navigandum
1172 3293 1219 3354 in-

159 3375 187 3408 '‘
201 3385 331 3453 maturo,
341 3376 518 3436 vocantibus
528 3375 637 3456 legatis
649 3395 764 3452 eorum,
775 3375 858 3436 haud
868 3387 993 3458 gravate
1002 3377 1162 3440 obsecutus
1171 3401 1219 3440 es-

173 3461 185 3494 ‘
200 3471 258 3538 set,
274 3461 520 3542 credidissetque,
532 3481 624 3544 quum
641 3481 674 3521 se
688 3461 834 3524 vidissent
844 3459 953 3539 AEtoII,
970 3463 1073 3524 omnia
1082 3465 1130 3526 vel
1141 3465 1176 3525 in
1185 3485 1219 3528 se

170 3548 183 3580 ‘
197 3567 260 3608 uno
271 3548 372 3628 posita
384 3547 757 3629 presidiaexistimaturos
770 3568 846 3608 esse.
868 3545 1015 3611 Ceterum
1024 3571 1128 3611 eorum
1141 3571 1222 3631 quo-

172 3633 185 3666 ‘
200 3653 259 3716 que
274 3655 316 3710 se,
332 3651 460 3714 quonam
477 3635 666 3716 exspectatio
681 3633 828 3695 destituta
843 3633 875 3694 in
889 3635 1050 3716 prasentia
1070 3637 1219 3715 videatur,

171 3719 184 3752 ‘
199 3727 283 3803 'spem
300 3719 421 3780 abunde
434 3719 633 3801 expleturum.
678 3715 759 3779 Nam
770 3720 859 3781 simul
870 3723 1000 3802 primurn
1012 3723 1082 3782 anni
1098 3733 1218 3803 tempus

155 3806 182 3839 “
197 3804 368 3887 navigabiIe
383 3807 558 3887 praebadsset
573 3825 666 3884 mare,
682 3823 805 3883 onmem
821 3827 853 3867 se
862 3803 1010 3868 Graeciam
1022 3807 1124 3883 armis,
1135 3807 1220 3884 siris,

158 3897 164 3930 ³
171 3891 182 3925 ⁸
199 3891 294 3972 equis,
304 3911 426 3954 omnem
437 3911 521 3954 oram
530 3893 720 3954 maritimam
732 3891 877 3953 classibus
886 3893 1119 3974 completurum.
1151 3887 1218 3952 Nee

159 3978 183 4011 ·‘
197 3977 341 4062 inpensae,
355 3997 416 4039 uec
423 3979 530 4057 labori,
552 3999 609 4040 nec
627 3979 763 4061 periculo
782 3997 950 4062 parsurum,
966 3979 1076 4055 donee,
1092 3977 1220 4059 deputo

459 4183 463 4187 ἡ
515 4177 520 4184 ,
548 4116 685 4168 ¹Phalemm
696 4115 853 4167 Groucm.

117 4211 128 4228 ⁰
204 4223 299 4279 ”Qua
319 4227 422 4275 uirtutem
444 4234 465 4274 st
483 4228 560 4274 boam
582 4226 679 4272 ahmam
711 4225 828 4288 perstruere
857 4219 993 4281 intelligant,
1015 4218 1106 4268 huin
1126 4219 1220 4282 reperiri

171 4289 276 4354 odo-um]
288 4291 606 4357 Magisplaceret,utbmum.
631 4288 679 4336 uui
711 4289 807 4337 moleste
817 4287 903 4336 serum.

173 4355 590 4419 maoiiaibinmtpusililhmagna
603 4355 680 4402 fona·
745 4349 958 4412 ³⁰·Iaoltoquae]
976 4349 1071 4396 OuaeIn
1084 4345 1209 4397 anonas.

172 4435 206 4469 aa
220 4421 303 4478 animi,
319 4422 416 4469 oderunt
432 4421 554 4479 virtutem,
571 4432 681 4483 tanquam
745 4417 766 4450 ⁵¹
776 4415 858 4480 AEgre]
888 4415 926 4462 Ob
945 4413 1101 4463 mutantem
1120 4413 1221 4462 rethur.

174 4485 262 4536 bonum
272 4486 381 4546 altanum,
391 4485 530 4550 quodquam
542 4487 570 4536 ad
585 4500 610 4534 re
625 4483 683 4534 nihil
702 4509 704 4516 ι
713 4481 807 4531 Addidit
817 4478 915 4548 rhages
923 4493 951 4530 ea
962 4479 1016 4528 ΜΒ.
1025 4493 1071 4528 sao
1085 4477 1189 4527 noun

722 4569 748 4620 Q
760 4569 779 4618 2
