3038 5200
359 378 414 434 ten
782 371 865 432 TITI
885 371 986 442 mvn

194 541 229 590 n.
240 533 270 590 0.
282 542 339 592 559.
360 529 372 562 ‘
386 538 474 612 parte
483 525 574 606 Asiae,
584 526 696 610 quique
709 527 747 590 ab
758 529 878 610 regibus
887 529 1054 610 venissent,
1064 524 1240 592 audissent?⁴
1265 522 1417 608 Helega-

194 603 224 654 A·
236 607 265 656 Ο·
279 601 332 658 ¹⁹³·
363 616 462 680 tiones
478 636 497 676 a
513 613 549 676 C.
565 611 726 678 ScribonIo
742 623 869 697 pretore
885 615 1001 678 urbano
1017 615 1049 676 in
1065 626 1209 679 senatum
1233 611 1419 676 Introductae

364 713 452 780 sunt3
475 701 665 784 benigneque
686 702 825 764 omnibus
848 722 1036 784 responsum.
1061 692 1151 770 ‚Cum
1171 699 1330 768 Antiocho
1346 697 1417 782 quia

361 785 484 872 longior
499 787 683 869 disceptatio
698 799 774 869 erat,
790 788 897 852 decem
912 786 1032 869 legatis,
1048 805 1176 870 quorum
1196 807 1268 870 pars
1283 783 1316 848 in
1331 783 1416 862 Asia,

367 886 420 938 aut
431 869 630 958 Lysimachiae
640 873 722 956 apud
731 895 834 958 regem
844 870 974 953 fuerant,
984 873 1126 958 delegata
1137 884 1194 936 est.
1216 867 1256 934 T.
1268 872 1418 943 QuInctio

366 960 557 1038 mandatum,
582 970 626 1039 ut,
647 959 791 1036 adhibitis
816 959 863 1040 iis,
888 961 1059 1044 legatorum
1085 959 1165 1044 regis
1178 960 1271 1024 verba
1285 957 1417 1036 audiret,

368 1046 624 1131 responderetque
639 1047 687 1128 iis,
706 1068 772 1129 quae
795 1068 834 1110 ex
858 1049 1007 1130 dignitate
1031 1059 1123 1130 etque
1149 1038 1283 1124 utriitate
1311 1041 1416 1128 populi

369 1129 500 1196 Romani
517 1133 691 1215 responderi
706 1146 840 1218 possent.
886 1133 1051 1218 Menippus
1067 1146 1099 1204 et
1119 1125 1318 1218 Hegesianax
1333 1131 1417 1216 prin·

203 1214 359 1329 onnolAega·
370 1220 453 1304 cipes
469 1220 562 1304 regiae
574 1217 733 1302 legationis
749 1233 846 1285 erant.
861 1242 900 1284 ex
915 1223 950 1284 iis
967 1217 1142 1304 Menippus,
1166 1221 1176 1252 ‘
1192 1215 1339 1302 ignorare
1366 1215 1419 1294 sc,’

204 1291 282 1394 {ffi
319 1294 347 1327 ¹²'
364 1302 462 1385 dixit,
478 1305 649 1388 ‘quidnam
665 1306 803 1390 perplexi
826 1329 881 1374 sua
898 1309 1013 1392 legatio
1033 1309 1169 1384 haberet,
1191 1326 1285 1390 quum
1301 1300 1418 1386 simpli-

278 1379 285 1396 ⁸
371 1395 473 1456 ‘citer
495 1395 522 1433 ⁹⁸
533 1393 574 1454 ad
589 1393 755 1466 amicitiam
776 1395 942 1478 petendam
964 1393 1213 1476 jungendamque
1236 1391 1417 1454 societatem

373 1481 562 1543 ‘venissent
594 1474 667 1542 Esse
683 1482 862 1544 autem-tria
876 1502 989 1566 genera
1004 1481 1163 1559 foederum,
1175 1479 1284 1560 quibus
1294 1478 1377 1540 inter
1389 1499 1418 1540 sc

363 1561 384 1599 '‘
422 1567 623 1629 asciscerentur
650 1565 798 1636 amicitias
826 1567 963 1630 civitates
990 1589 1146 1668 regesque.
1187 1563 1306 1643 Unum,
1327 1584 1420 1648 quum

364 1645 386 1688 '‘
398 1589 479 1715 hello
494 1653 583 1716 victis
599 1653 772 1721 dicerentur
787 1654 880 1738 leges.
905 1653 957 1716 ubi
981 1675 1063 1717 emm
1087 1651 1192 1727 omnia
1206 1652 1246 1731 ei,
1262 1651 1316 1734 qui
1331 1651 1419 1714 armis

367 1740 386 1818 .‘
402 1741 469 1822 pius
484 1749 598 1822 posset,
615 1739 718 1802 dedita
742 1754 855 1820 essent,
871 1760 936 1822 quas
951 1762 990 1804 ex
1005 1741 1041 1802 iis
1054 1738 1167 1804 hebere
1184 1737 1293 1816 victos,
1312 1730 1420 1820 quihus

376 1820 522 1888 ‘multari
535 1846 587 1888 cos
602 1825 685 1902 velit,
700 1826 793 1908 ipsius
805 1821 855 1908 jus
871 1837 963 1910 atque
985 1827 1141 1892 arbitrium
1157 1847 1233 1892 esec.
1269 1824 1420 1901 Alterum,

266 1964 269 1971 .
376 1913 386 1945 ‘
403 1929 495 1994 quum
512 1933 600 1995 pares
612 1911 693 1974 bello
704 1933 789 1994 aequo
800 1913 912 1978 foedere
924 1914 956 1976 in
968 1935 1075 1996 pacem
1088 1925 1179 1997 atque
1190 1911 1361 1986 amicitiam
1370 1932 1420 1972 rc-

376 1999 387 2032 ‘
403 1999 512 2060 nirent.
534 2010 608 2060 tunc
620 1997 701 2060 enim
714 1999 809 2080 repeti
817 2000 960 2082 reddique
972 2021 1025 2084 per
1037 2000 1269 2064 conventionem
1282 2019 1341 2077 res,
1352 1998 1422 2076 et,si

377 2086 388 2118 ‘
403 2105 530 2186 quarum
541 2083 908 2168 turbatabellopossessio
917 2087 968 2164 sit,
979 2097 1133 2158 easauten
1145 2077 1358 2166 ior'mulajuris
1368 2105 1421 2148 an-

377 2173 388 2204 ‘
403 2173 491 2252 trqui,
506 2182 559 2232 aut
573 2192 611 2233 ex
625 2171 718 2254 partis
734 2171 889 2253 utriusque
906 2174 1069 2237 commodo
1086 2172 1241 2256 componi·
1280 2169 1421 2236 Tertium

365 2259 388 2343 ‚⁴
403 2279 469 2332 esse
505 2278 590 2336 enus,
600 2279 704 2338 quum,
717 2257 767 2340 qui
779 2259 884 2326 hostes
892 2279 1058 2340 numquam
1067 2259 1190 2338 fuerint,
1200 2257 1240 2322 ed
1253 2254 1420 2322 amicitiam

377 2344 388 2378 ⁶
403 2279 507 2407 sociaii
522 2337 636 2405 foedere
648 2339 729 2406 inter
745 2365 777 2410 se
788 2342 978 2428 jungendam
993 2355 1114 2410 coeant.
1129 2367 1183 2410 eos
1195 2348 1296 2427 neque
1312 2342 1421 2424 dicere,

377 2431 387 2463 ‘
403 2449 501 2512 neque
511 2429 649 2511 accipere
658 2429 741 2512 leges
747 2454 757 2508 3
769 2431 802 2492 id
813 2432 895 2497 erum
904 2431 1026 2498 victoris
1038 2443 1069 2494 et
1079 2432 1153 2496 victi
1165 2452 1241 2496 esse.
1262 2429 1311 2494 Eu
1324 2453 1362 2496 eo
1370 2453 1421 2514 ge·

377 2517 388 2549 ‘
402 2536 475 2576 nere
485 2534 578 2596 quum
589 2509 760 2578 Antiochus
770 2530 860 2595 esset,
872 2522 897 2560 ⁹⁹
909 2513 1011 2580 mirari
1021 2540 1063 2596 se,
1074 2518 1156 2600 quod
1165 2512 1299 2596 Romani
1309 2539 1423 2604 aequum

368 2595 389 2634 “
404 2600 596 2678 censeant‚ei
605 2594 688 2682 leges
697 2601 809 2682 dicere,
836 2603 976 2668 uasAsiae
985 2605 1104 2672 urbium
1114 2603 1223 2684 liberas
1232 2615 1265 2668 et
1273 2601 1423 2684 inmunes,

372 2688 390 2760 ξ
405 2707 479 2769 quas
491 2685 702 2769 stipendiarias
715 2709 779 2751 esse
791 2624 904 2769 vriiInt3
916 2712 990 2773 quas
1002 2692 1116 2755 intrare
1128 2691 1265 2775 presidia
1275 2691 1364 2774 regia
1375 2711 1422 2754 re·

379 2773 534 2854 ‘gemque
548 2783 660 2836 vetent
693 2771 772 2838 Cum
785 2774 926 2860 Philippo
941 2777 1022 2840 enim
1037 2777 1127 2842 hoste
1143 2799 1256 2862 pacem,
1272 2797 1335 2840 non
1353 2797 1426 2840 cum

380 2856 560 2920 “Antiocho
575 2859 675 2921 amico
690 2861 844 2927 societatis
860 2861 959 2928 foedus
974 2865 1018 2926 ita
1032 2865 1226 2946 sanciendum
1240 2861 1327 2928 esse?

214 2943 359 3014 Responsum
424 2941 537 3008 LVIII.
556 2943 606 3006 Ad
623 2965 660 3009 ea
674 2944 858 3017 Quinctius:
883 2950 1061 3022 ‘Quoniam
1075 2953 1161 3014 vobis
1177 2949 1321 3014 distinete
1337 2971 1425 3034 egere

216 3013 331 3064 Quinctii.
380 3031 1425 3120 ‘libet,etgenerajungendammamicitiarumenumerqre‚eg0qu⁰·

382 3119 393 3152 ‘
408 3135 466 3200 que
472 3117 546 3182 duas
555 3117 747 3194 conditiones
756 3136 975 3203 ponam,extra
986 3145 1060 3207 quas
1069 3125 1185 3188 nullam
1197 3145 1264 3186 esse
1273 3124 1339 3208 regi
1352 3143 1426 3189 nun·

383 3206 393 3238 ‘
408 3205 494 3268 cietis
507 3203 648 3266 amicitie
657 3226 727 3268 cum
734 3206 848 3290 populo
861 3207 1002 3273 Romano
1006 3208 1181 3293 jungendae.
1210 3204 1328 3290 Unam,
1340 3211 1427 3273 sinos

383 3293 394 3326 ‘
408 3291 495 3378 nihii,
507 3291 589 3373 quod
601 3291 640 3376 ad
651 3288 824 3356 urbesAsiae
835 3295 965 3374 adtinet,
975 3317 1079 3360 curare
1088 3298 1173 3376 velit,
1184 3309 1220 3359 ut
1228 3310 1261 3359 et
1273 3299 1340 3380 ipse
1349 3297 1426 3362 omni

382 3379 394 3411 ‘
408 3375 531 3460 Europa
542 3378 706 3441 abstineat.
722 3379 860 3460 alteram,
875 3382 900 3443 si
917 3403 949 3445 se
965 3383 1016 3445 iile
1029 3381 1111 3447 Asia
1124 3383 1235 3446 finibus
1250 3395 1315 3446 uon
1330 3385 1426 3448 eonti-

384 3464 394 3497 ‘
410 3474 492 3542 neat,
502 3476 534 3528 et
545 3465 577 3526 in
588 3461 744 3550 Europam
755 3468 965 3549 transcendet,
979 3481 1061 3534 utet
1069 3470 1216 3536 Romanis
1224 3469 1276 3553 jus
1288 3472 1341 3552 sit,
1351 3470 1427 3536 Asis

415 3653 510 3702 “hid
528 3655 647 3704 amicitiam
662 3655 775 3716 modam
791 3659 890 3736 jungen-
921 3663 993 3722 primo
1014 3663 1070 3724 qnod
1092 3675 1136 3711 noa
1165 3661 1300 3712 demendmi
1327 3663 1432 3722 initam,

384 3720 476 3784 danque
490 3718 620 3780 weinaom]
643 3719 679 3769 Ut
692 3737 743 3784 que
753 3723 827 3770 verbis
843 3739 891 3786 μω
923 3725 973 3791 (cui
993 3741 1084 3791 quoque
1106 3725 1157 3777 loeo
1180 3730 1334 3792 corruptionis
1354 3743 1430 3778 notam

384 3799 421 3833 un
469 3795 493 3832 ra
503 3784 590 3848 pridem
608 3797 657 3834 erat
675 3785 736 3834 inter
752 3787 891 3838 Antiochum
924 3791 1033 3854 affingere
1070 3793 1142 3841 sciuit
1185 3794 1328 3860 Gronovius)
1366 3805 1392 3843 et
1416 3793 1431 3842 l.

452 3865 536 3912 umque
555 3847 684 3899 Romanurn
703 3853 802 3901 amicitis
819 3869 892 3904 aceo·
926 3867 1020 3906 xxxvi.
1040 3873 1061 3906 c.
1080 3861 1120 3908 41.
1139 3857 1216 3922 Magis
1233 3862 1314 3908 mirati
1328 3875 1359 3918 u,
1378 3861 1433 3922 qaod

384 3915 554 3972 tietani'oedere
565 3929 655 3978 quoque
669 3916 805 3966 firmaretur.
832 3909 903 3968 ilaec,
923 3935 967 3968 non
978 3923 1027 3982 jan
1043 3923 1068 3972 t'n
1078 3923 1132 3971 Atio
1145 3928 1213 3972 mni
1231 3921 1343 3983 Rimmni3
1363 3923 1432 3974 cise-

373 3979 442 4029 'dicta
464 3979 570 4044 Menippi
590 3981 642 4029 ideo
657 3981 689 4030 rie
705 3983 894 4047 interpretemur,
924 4001 951 4033 ro
966 3999 1012 4034 non
1034 3985 1108 4037 semei
1124 3989 1228 4037 eamdem
1254 3987 1366 4052 loquendi
1386 3987 1432 4038 fot-

384 4045 437 4109 quia
457 4059 526 4110 supra
546 4055 637 4095 xxxn.
662 4047 686 4094 8.
708 4048 783 4098 socius
801 4047 850 4111 jam
867 4059 893 4098 et
924 4063 986 4100 mam
1002 4053 1125 4117 usurpavit.
1156 4052 1195 4102 Sic
1215 4053 1233 4104 l.
1253 4067 1310 4106 xvr.
1333 4056 1362 4104 ad
1381 4055 1433 4104 An.

363 4149 366 4160 .
384 4111 470 4161 anticus
488 4127 502 4158 a
519 4120 601 4159 senato
619 4109 748 4160 Antiochus
766 4111 892 4178 appellatus
924 4130 960 4180 ep.
971 4117 1013 4165 ult.
1033 4113 1085 4166 Non
1102 4118 1177 4166 danna
1193 4121 1247 4181 quin
1263 4120 1352 4178 mima,
1369 4127 1433 4182 siqu

384 4183 428 4225 est.
460 4173 547 4224 Videt
557 4175 615 4222 infra
627 4187 722 4226 xxxvi.
732 4179 758 4227 3.
923 4183 990 4230 etiem
1004 4183 1139 4242 emunim,
1155 4185 1212 4244 quod
1227 4193 1300 4232 neuen
1317 4183 1344 4232 dc
1359 4185 1432 4234 adea

415 4238 533 4290 *ornari
551 4255 581 4296 ee,
615 4237 658 4288 uod
683 4237 779 4290 Ronreai
806 4254 892 4306 quum
924 4255 1023 4312 neugrim
1041 4249 1130 4314 ipius:
1148 4259 1172 4296 et
1190 4247 1247 4297 hrt.
1267 4242 1432 4299 deDirirm

384 4304 493 4365 meent]
515 4303 585 4352 Hane
628 4306 745 4354 cntionem
762 4319 892 4370 suspectam
925 4311 964 4359 51.
987 4311 1047 4362 Cato
1064 4313 1142 4360 mirari
1164 4327 1186 4362 sc
1207 4311 1287 4368 ahion
1308 4313 1366 4375 quod
1391 4331 1433 4362 m

384 4367 467 4415 habirit
483 4367 625 4417 Gronoviru:
644 4371 684 4418 sed
702 4370 825 4422 immerito.
857 4371 893 4422 Ut
923 4377 1006 4426 fidae
1037 4391 1138 4442 anepos,
1166 4377 1288 4442 auspicem
1310 4394 1383 4442 qum
1403 4379 1433 4430 si·

384 4431 448 4481 enim
465 4433 595 4483 omitterem
610 4435 693 4484 similia
709 4451 799 4500 prorem
814 4451 892 4488 exem·
923 4439 996 4494 dinet-

384 4497 422 4562 pu
438 4497 499 4562 apud
514 4500 698 4560 emmiu.
713 4517 735 4556 c.
751 4505 791 4556 54.
807 4501 893 4553 Mirari·
