3100 5194
453 401 861 466 mmmmm
1139 399 1245 468 aa

3 577 5 650 ᾖ
115 557 279 638 peditum,
295 557 442 620 ducentos
457 556 592 640 equites:
617 559 706 620 itaut
719 559 751 620 hi
763 569 904 642 praetores
917 561 1018 639 ambo,
1031 578 1123 644 quum
1140 563 1171 626 ln
1186 583 1218 632 u.
1231 587 1258 634 c
1269 591 1325 640 554.

118 645 298 724 provincias
317 646 480 721 venissent,
500 655 616 706 veteres
640 646 828 708 dimitterent
849 647 966 728 pedites
985 651 1171 731 equitesque.
1185 649 1214 696 A.
1226 652 1256 699 C·
1270 655 1324 702 ¹98·

118 728 227 792 Attali
241 731 350 794 deinde
362 731 441 812 regis
453 732 570 811 legatos
582 733 613 792 in
629 744 766 796 senatum
779 733 915 796 cosssules
928 733 1168 802 introduxerunt.
1183 742 1255 789 Attali
1266 743 1334 805 tegssi

119 813 183 893 Hi,
198 837 301 898 regem
316 818 411 880 elassa
422 837 477 880 sna
487 817 643 898 copiisque
658 820 797 880 omnihus
810 832 890 885 terta
903 822 1038 902 marique
1053 819 1169 884 Roma-
1182 819 1287 854 sensium
1296 809 1336 856 ³⁶·

119 921 201 965 nam
212 922 276 966 rem
284 903 401 984 juvare,
414 923 537 984 quaeque
549 902 734 986 imperarent
747 905 876 970 Romani
888 908 1036 984 consules,
1051 908 1169 989 inpigre
1182 884 1247 920 Μ’

122 999 220 1136 caii?
234 990 425 1138 rphedrlianter
448 991 488 1108 ap
509 1010 581 1138 aurpl
593 991 816 1140 diemmsreeispe,
837 1011 935 1142 qppnp
947 994 1168 1142 exposuissent,

201 1097 232 1136 re
318 1097 349 1138 rx
367 1097 422 1138 run
495 1097 558 1137 ner
618 1099 632 1138 r

123 1160 234 1223 ‘ultra
254 1121 316 1226 riou
339 1087 454 1226 literati.
470 1097 915 1246 vacuumpnspsmqpeeppgsridip
929 1098 1168 1230 iiissilitirlseili1

124 1247 356 1330 ‘restribusque
384 1269 512 1330 regnum
536 1250 631 1312 Attali
657 1250 843 1312 Antiochum
863 1253 1017 1316 invasisse.
1061 1252 1168 1335 ltaque

126 1333 294 1400 ‘Attalum
321 1356 408 1398 orare
433 1335 538 1398 Patres
564 1338 763 1418 conscriptos,
785 1339 810 1398 si
836 1358 891 1400 sua
919 1339 1026 1416 classe,
1056 1362 1168 1420 suaque

126 1420 246 1504 ‘opera
269 1424 311 1484 uti
336 1423 376 1486 ad
402 1419 637 1486 Macedonicum
662 1423 774 1486 bellum
788 1424 910 1501 velient,
933 1427 1092 1488 mitterent
1111 1427 1168 1508 ipsi

126 1504 324 1590 ‘praesidium
340 1509 379 1572 ad
395 1530 520 1591 regnum
536 1508 600 1591 ejus
616 1509 775 1574 tutandum
789 1533 796 1571 r
820 1511 844 1572 si
868 1511 899 1572 id
919 1508 1045 1589 nonant,
1069 1513 1168 1593 ipsum

126 1592 137 1624 ‘
152 1595 193 1656 ad
208 1615 265 1658 sua
279 1595 551 1658 defendendarum
563 1596 658 1658 classe
674 1616 710 1658 ec
722 1596 843 1678 reliquis
858 1598 953 1678 copiis
969 1598 1065 1660 redire
1080 1609 1168 1679 pote-

125 1677 278 1744 ‘reutun’
323 1679 452 1746 Senatus
476 1683 584 1764 legatis
600 1683 644 1743 ita
662 1684 835 1764 responderi
854 1683 954 1765 jussit,
977 1684 1092 1754 ‘Quod
1116 1704 1169 1748 res
1182 1689 1322 1774 Responsum

127 1764 274 1830 ‘Attalus
290 1771 386 1832 classe
400 1769 555 1851 copiisque
576 1769 642 1830 aliis
664 1769 755 1832 duces
771 1769 926 1834 Romanos
943 1771 1080 1852 juvisset,
1096 1774 1120 1810 ³¹
1138 1771 1169 1834 ld
1181 1789 1280 1826 enatus.

127 1851 139 1884 ‘
152 1866 274 1936 gratum
290 1856 409 1918 senatui
424 1865 519 1916 asset.
562 1858 588 1893 ⁸²
599 1853 722 1918 Auxilia
736 1877 793 1918 nee
809 1858 890 1939 ipsos
905 1858 1047 1920 missuros
1062 1857 1169 1920 Attalo

124 1939 134 1974 ‘
149 1942 294 2004 aduersus
305 1942 500 2017 Antiochum,
510 1941 624 2002 socium
635 1952 667 2004 et
677 1943 809 2004 amicum
821 1941 923 2026 populi
937 1943 1088 2006 Romani:
1112 1965 1169 2006 nee

125 2026 252 2090 ‘Attali
268 2029 380 2090 auxilie
395 2039 573 2103 retenturos,
588 2027 773 2108 ultraquam
789 2030 854 2109 regi
869 2029 1065 2092 commodum
1081 2040 1169 2092 esset.

125 2112 282 2197 ‘Semper
301 2115 444 2197 populum
464 2109 637 2176 Romanum
660 2115 767 2174 olienis
790 2117 890 2193 rebus,
914 2116 1040 2178 arbitrio
1059 2116 1169 2192 alieno,

126 2199 136 2234 ‘
151 2221 252 2262 usum.
267 2213 300 2262 et
314 2199 494 2283 principium
509 2209 541 2259 ct
555 2195 646 2259 finem
668 2199 699 2258 in
713 2213 866 2281 potestate
887 2203 1031 2282 ipsorum,
1046 2202 1097 2281 qui
1112 2221 1170 2283 ope

125 2286 136 2320 ‘
151 2308 208 2348 sua
221 2288 318 2349 velint
331 2286 451 2368 adjutos
467 2284 635 2361 Romanos,
651 2300 726 2346 esse.
772 2283 904 2366 legatos
919 2286 958 2348 ad
981 2285 1169 2348 Antiochum

125 2373 310 2451 ‘missuros
330 2374 380 2454 qui
402 2371 558 2447 nuncient,
580 2370 676 2432 Attali
697 2369 878 2452 naviumque
900 2371 964 2452 ejus
989 2385 1021 2434 at
1039 2374 1169 2436 militum

124 2459 248 2542 ‘opera
263 2459 402 2522 adversita
423 2457 595 2539 Philippum
617 2475 811 2518 communem
827 2459 944 2520 hostem
965 2460 1009 2520 uti
1024 2459 1170 2540 populum
1249 2505 1253 2514 ·

125 2545 337 2608 ‘Romanum
382 2542 545 2607 ⁸'Gratum
567 2563 635 2604 eum
660 2542 809 2606 facturum
826 2556 858 2606 et
873 2545 1002 2620 senatui,
1026 2545 1050 2606 si
1075 2565 1169 2626 regno

124 2632 250 2694 ‘Attali
266 2633 428 2709 abstineat,
444 2629 582 2710 belloque
598 2630 736 2692 absistat.
779 2625 913 2711 AEquum
929 2651 1005 2708 esse,
1026 2633 1124 2692 socios
1139 2643 1171 2692 et

123 2719 267 2780 ‘amicos
292 2718 396 2801 popuii
420 2717 549 2779 Romani
574 2734 658 2796 reges
680 2717 760 2778 inter
775 2737 806 2777 sa
829 2737 949 2799 quoque
964 2717 1045 2798 ipsos
1062 2737 1168 2800 pacem

123 2803 293 2868 ‘servare’

168 2891 227 2954 lx.
250 2890 415 2954 Consulem
439 2889 477 2954 Τ.
497 2889 684 2966 Quinctium,
711 2890 754 2952 ita
778 2889 883 2952 habito
907 2889 1035 2969 delectu,
1058 2903 1092 2952 ut
1116 2911 1168 2954 eos

122 2980 186 3042 iere
202 2979 330 3060 legeret,
346 2977 397 3058 qui
420 2977 451 3040 in
474 2975 625 3058 Hispania
639 2989 693 3038 aut
707 2971 813 3038 Africa
826 2976 1006 3042 meruissent
1025 2989 1168 3060 spectatae

123 3065 247 3128 sinetis
270 3065 396 3141 milites,
420 3075 634 3145 properantem
661 3063 691 3124 in
718 3062 906 3144 provinciam
929 3063 1069 3145 prodigia
1089 3085 1166 3126 nun·
1180 3091 1291 3152 propp„

122 3153 208 3216 tiata
232 3163 325 3232 atque
350 3169 454 3212 eorum
477 3149 649 3231 procuratio
673 3149 778 3212 Romae
800 3159 973 3212 tenuerunt.
1018 3149 1067 3212 Do
1090 3149 1167 3212 coelo

122 3251 213 3302 sasts
228 3249 316 3300 erant
329 3237 379 3298 via
399 3236 522 3319 publica
536 3232 632 3311 Veiis,
647 3234 746 3296 forum
768 3246 800 3297 et
822 3234 901 3296 edes
922 3233 1006 3296 lovis
1028 3233 1166 3310 Lanuvii,

123 3323 273 3388 Herculis
297 3323 373 3384 sedes
387 3321 505 3398 Ardea,
527 3319 638 3401 Capuae
653 3340 755 3382 murus
776 3330 808 3379 et
831 3331 927 3380 turres
941 3331 974 3380 et
992 3320 1080 3396 sedes,
1102 3338 1167 3401 quae

121 3409 208 3474 Albe
231 3409 351 3471 dicitur.
371 3408 482 3470 eoelum
507 3405 613 3468 ardere
633 3405 729 3468 visum
751 3415 816 3468 erat
837 3401 960 3466 Arretii.
982 3415 1063 3466 terra
1081 3403 1166 3468 Veli-

122 3495 179 3558 tris
193 3495 285 3558 trium
297 3493 438 3575 jugerum
453 3493 554 3576 spatio
568 3511 695 3554 caverna
709 3491 824 3574 ingenti
840 3490 1008 3553 desederet.
1051 3489 1167 3553 Suessae

120 3580 276 3644 Auruncae
290 3579 474 3642 nuntiabant
494 3599 606 3662 agnum
622 3598 692 3640 cum
708 3578 825 3640 duobus
840 3577 990 3659 capitibus
1004 3589 1121 3654 nahum,
1136 3581 1168 3639 et

123 3665 278 3730 Sinuessae
290 3687 415 3748 porcum
427 3665 682 3747 humanocapite.
716 3659 827 3728 Eorum
841 3663 1047 3744 prodigiorum
1063 3681 1169 3724 cauma

123 3753 308 3836 supplicatio
322 3771 416 3814 unum
435 3753 516 3814 diem
531 3751 648 3814 habita.
663 3762 695 3814 et
715 3753 852 3812 consules
869 3749 956 3812 rebus
971 3749 1079 3810 divinis
1094 3769 1168 3830 ope-

123 3861 191 3904 ram
213 3839 382 3917 dederunts
406 3838 591 3922 placatisque
605 3837 685 3914 Diis,
707 3835 836 3919 profecti
851 3835 884 3896 in
903 3834 1073 3916 provincias
1089 3843 1168 3912 sunt.

541 3963 617 4024 Psote
636 3962 710 4010 Gron.
722 3963 791 4010 Creu.

159 4064 181 4098 ³¹
194 4063 224 4112 le
239 4073 333 4128 gressus
350 4035 510 4127 nrmtsfffors]
525 4061 633 4124 litasset
667 4060 795 4110 sustulerst
806 4056 919 4106 Gelenius
936 4053 1068 4117 perticulam
1079 4059 1114 4098 st:
1130 4061 1169 4097 re..

127 4143 257 4178 memorem
275 4129 325 4176 sors
345 4139 450 4178 ssussusu
471 4125 547 4185 gratiis
566 4143 635 4190 opsrs
665 4127 740 4189 posuit
750 4123 878 4170 Gronovius
893 4121 1025 4192 obsecutus!
1033 4115 1105 4166 MSS.
1116 4129 1170 4162 suco

125 4207 152 4242 se
171 4209 200 4242 sss
210 4194 348 4244 referendis.
380 4191 545 4240 Gronovius.
667 4191 765 4244 torissui.¹
793 4187 819 4234 Si
836 4185 876 4234 ills
890 4197 925 4232 sss
941 4199 953 4230 s
970 4183 1027 4230 stn
1042 4195 1118 4236 manu,
1134 4179 1169 4255 io·

154 4212 183 4296 ²²
198 4259 292 4306 Auxilio
312 4273 351 4306 nse
368 4258 423 4317 ipses
442 4257 540 4302 mimum
558 4287 582 4304 ..
598 4267 637 4305 nee
668 4271 708 4304 cus
730 4253 833 4318 prolecto
854 4249 948 4296 sitimus
970 4259 1012 4296 ess.
1051 4245 1170 4292 Rubenius

124 4321 200 4372 sset
213 4324 299 4370 msam
308 4319 440 4381 ruentum]
460 4318 635 4368 Vscssonsstino
667 4321 732 4380 legit,
754 4318 852 4365 Gratum
869 4315 897 4368 si,
921 4327 1003 4376 stampe
1021 4310 1103 4388 populo
1123 4309 1170 4356 Ro.

124 4385 537 4454 moiusihmsmttumsvidsrur
549 4401 562 4434 s
574 4401 635 4434 mss·
669 4399 745 4440 nuno,
756 4382 869 4444 frisonus
887 4383 909 4426 st
926 4381 1019 4426 messi.
1061 4375 1172 4424 lestussum

127 4456 180 4516 gine
191 4452 215 4499 in
228 4463 364 4500 eoncessum
373 4449 496 4512 irrepsisse.
667 4449 782 4514 reperitur
795 4446 819 4494 in
830 4443 918 4494 siuehsss
930 4441 1002 4490 MSS·

159 4517 180 4553 δ’
200 4515 298 4564 Gratum
309 4531 358 4564 suns
367 4513 485 4579 Jisctunms
501 4523 522 4562 et
537 4513 632 4576 unani]
745 4511 748 4516 '
