3026 5164
347 341 405 394 sss
765 333 847 393 mm
867 333 966 411 mvn

184 480 259 536 Μ·
274 483 328 538 ⁵⁶7·
347 489 460 556 Hostes
483 503 629 569 montem,
652 491 805 574 antiquam
828 491 930 552 sedem
961 487 1109 572 majorum
1136 493 1270 564 suorum,
1296 505 1391 566 cepe-

208 547 259 600 ὀ·
273 555 324 602 185.
348 592 435 642 runt:
467 590 499 640 et
520 579 601 656 inde,
624 589 764 659 superata
789 579 922 639 locorum
950 577 1118 656 iniquitate,
1142 575 1251 658 proelio
1277 571 1388 652 dejecti

348 678 427 728 sunt.
480 663 521 726 Et
542 665 600 746 Ap.
617 663 761 725 Claudius
783 664 960 725 felicitatem
985 665 1182 744 virtutemque
1209 660 1335 740 collegae
1358 659 1389 718 in

347 750 507 836 Liguribus
538 749 680 829 Ingaunis
709 752 836 830 aequavit
864 750 1003 812 secundis
1032 750 1148 830 aliquot
1177 747 1305 830 proeliis.
1334 765 1390 806 sex

345 849 491 921 praeterea
513 837 627 919 oppida
649 857 752 897 eorum
775 837 973 918 expugnavit:
1000 836 1095 898 multa
1114 835 1208 920 millia
1228 833 1390 894 hominurn

347 927 378 986 in
401 925 437 986 iis
459 923 556 1006 cepit:
588 923 658 984 belli
682 935 818 986 auctores
841 935 900 985 tres
923 936 954 985 et
977 923 1176 1003 quadraginta
1198 921 1297 982 securi
1320 939 1390 1000 per·

347 1011 450 1075 cussit.
508 1009 579 1072 lam
609 1009 799 1070 comitiorum
829 1009 992 1091 adpetebat
1021 1019 1155 1091 tempus:
1174 1009 1258 1090 prior
1284 1018 1392 1068 tamen

347 1097 503 1172 Claudius,
527 1115 617 1176 quam
641 1093 845 1178 Sempronius,
868 1097 916 1156 cui
943 1117 1006 1157 sors
1030 1096 1155 1157 comitia
1177 1092 1310 1155 habendi
1332 1091 1392 1152 ob-

299 1189 303 1197 '
346 1185 468 1266 tigerat,
481 1181 621 1244 ‘Romam
644 1183 742 1260 venit,
770 1183 839 1262 quia
861 1180 894 1243 P.
910 1180 1053 1243 Claudius
1075 1182 1166 1243 frater
1188 1180 1253 1262 ejus
1275 1198 1392 1239 consu-

347 1272 442 1332 latum
464 1271 599 1352 petebat.
652 1267 895 1351 Competitoresr
917 1269 1051 1330 habebat
1073 1268 1215 1350 patricios
1235 1262 1272 1326 L.
1286 1263 1393 1325 AErni·

347 1357 431 1436 lium,
454 1355 492 1426 Q.
508 1355 634 1417 Fabium
644 1366 666 1433 ¹,
690 1353 755 1417 Ser.
771 1353 937 1436 Sulpicium
952 1353 1092 1432 Galbam,
1107 1367 1223 1416 veteres
1241 1351 1391 1414 candida·

346 1455 406 1523 tos,
432 1455 463 1504 et
488 1442 527 1503 ab
554 1442 679 1525 repulsis
702 1462 739 1503 eo
763 1443 858 1523 magis
882 1443 1028 1518 debitum,
1049 1441 1119 1522 quia
1139 1441 1238 1523 primo
1259 1449 1391 1519 negatus

345 1542 422 1606 erat,
438 1529 585 1590 honorem
608 1538 789 1610 repetentes.
811 1529 914 1604 etiarn,
935 1529 1006 1610 quia
1028 1528 1095 1610 plus
1117 1548 1208 1609 quam
1229 1547 1327 1587 unum
1348 1545 1389 1585 ex

317 1631 321 1644 '
345 1616 481 1698 patriciis
506 1615 600 1676 creari
625 1636 688 1676 non
712 1615 832 1694 licebat,
855 1616 947 1676 artior
970 1615 1077 1697 petitio
1103 1626 1231 1694 quatuor
1256 1611 1390 1694 petenti·

345 1702 401 1763 bns
427 1713 503 1763 erat.
563 1699 673 1762 Plebeii
704 1722 822 1783 quoque
847 1701 968 1783 gratiosi
995 1701 1134 1763 homines
1164 1701 1325 1782 petebant,
1351 1695 1388 1758 L.

345 1786 479 1865 Porcius,
502 1787 541 1856 Q.
562 1786 721 1850 Terentius
744 1786 862 1866 Culleo,
885 1787 941 1849 Cn.
962 1785 1078 1848 Baebius
1100 1784 1291 1868 Tamphilus.
1316 1787 1390 1846 ”et

345 1875 398 1934 hit
418 1875 541 1958 repulsi,
563 1874 595 1935 in
618 1894 703 1956 spem
726 1873 907 1956 impetrandi
931 1874 1053 1935 tandem
1076 1872 1240 1954 aliquando
1262 1871 1388 1934 honoris

346 1960 444 2022 dilati.
472 2021 474 2025 ,
503 1959 646 2021 Claudius
668 1981 743 2022 unus
765 1982 803 2021 ex
826 1961 965 2024 omnibus
988 1981 1082 2021 novus
1107 1959 1289 2021 candidatus
1312 1970 1388 2019 erat.

345 2046 498 2130 Opinione
527 2047 684 2108 hominurn
706 2047 826 2110 ²*haud
850 2046 939 2108 dubie
963 2047 1191 2108 destinabantur
1213 2045 1252 2116 Q.
1276 2043 1386 2106 Fabius

345 2131 448 2196 Labeo
470 2145 502 2195 et
524 2132 559 2195 L.
574 2131 695 2196 Porcius
716 2131 848 2210 Licinus,
870 2134 923 2195 sed
946 2133 1088 2195 Claudius
1111 2133 1216 2194 consul
1240 2132 1307 2192 sine
1330 2131 1386 2192 lic-

345 2221 459 2282 toribus
485 2241 555 2282 eum
579 2221 669 2281 fratre
694 2231 761 2283 toto
781 2220 845 2281 foro
868 2221 1035 2297 volitando,
1058 2219 1311 2280 clamitantibusu
1331 2217 1387 2278 ad-

345 2308 481 2370 versariis
504 2321 536 2369 et
558 2306 672 2388 majore
699 2318 784 2388 parte
811 2318 939 2383 senatus,
962 2307 1155 2368 ‘meminisse
1182 2326 1250 2366 eum
1277 2304 1389 2365 debere

346 2392 464 2474 ‘prius,
486 2415 517 2454 se
540 2394 694 2454 consulem
715 2393 818 2476 populi
836 2392 977 2470 Romani,
996 2413 1085 2474 quam
1105 2392 1229 2453 fratrem
1245 2391 1279 2454 P.
1294 2389 1388 2452 Clau·

330 2479 357 2567 ,‘
373 2480 425 2556 dii,
441 2500 521 2540 esse:
544 2481 617 2562 quin
638 2479 699 2556 ille,
720 2481 827 2541 sedens
848 2501 903 2562 pro
926 2475 1079 2558 tribunali,
1094 2491 1146 2539 aut
1162 2479 1319 2553 arbitrum,
1335 2489 1390 2538 aut

346 2563 498 2647 ‘tacitum
514 2577 715 2646 spectatorem
731 2567 923 2628 comitiorum
943 2587 974 2627 se
989 2563 1166 2649 praeberet3'
1189 2565 1319 2626 coerceri
1337 2576 1387 2624 tn-

347 2670 418 2710 men
434 2651 472 2711 ab
488 2651 583 2710 effuso
601 2651 701 2713 studio
718 2653 842 2733 nequiit.
888 2651 1010 2734 Magnis
1026 2652 1268 2714 contentionibus
1284 2651 1382 2712 tribu-

347 2757 454 2798 norum
470 2757 589 2817 quoque
604 2738 713 2819 plebei,
729 2740 779 2817 qui
803 2751 855 2800 aut
877 2751 983 2801 contra
1003 2739 1169 2814 consulem,
1182 2750 1230 2799 aut
1243 2758 1298 2819 pro
1312 2749 1379 2797 etu-

347 2823 399 2884 dio
415 2821 478 2905 ejus
494 2825 680 2905 pugnabant,
695 2825 821 2886 comitia
836 2825 995 2906 aliquoties
1010 2826 1148 2886 turbata:
1174 2824 1264 2885 donec
1279 2824 1382 2905 perui·

347 2911 390 2970 cit
404 2910 531 2991 Appius,
552 2921 596 2988 ut,
613 2909 732 2991 dejecto
749 2911 853 2988 Fabio,
875 2915 902 2952 ²⁵
913 2912 1035 2973 fratrem
1057 2912 1200 2973 traheret.
1255 2907 1387 2971 Creatus

347 2993 381 3057 P.
397 2994 541 3057 Claudius
557 2995 684 3059 Pulcher
700 2993 805 3080 praeter
820 3019 903 3080 spem
919 3019 1003 3060 suam
1027 3010 1058 3059 et
1080 3009 1262 3059 ceterorum.
1283 2996 1387 3057 locum

347 3102 433 3142 suum
457 3085 556 3144 tenuit
574 3083 609 3144 L.
626 3083 747 3146 Porcius
762 3083 894 3162 Licinus,
916 3085 985 3166 quia
1007 3083 1172 3146 moderatis
1191 3083 1311 3160 studiis,
1326 3103 1388 3143 non

347 3171 373 3208 ²⁰
386 3169 415 3228 vi
432 3166 608 3247 Claudiana,
624 3172 700 3232 inter
715 3171 849 3252 plebeios
865 3183 1016 3234 certatum
1032 3183 1088 3231 est.
1138 3169 1304 3231 Praetorum
1320 3168 1391 3230 inde

347 3254 472 3315 comitia
493 3269 563 3317 sunt
589 3257 701 3318 habita.
757 3257 792 3319 C.
814 3255 969 3318 Decimius
993 3255 1110 3334 Flavus,
1135 3255 1169 3317 P.
1193 3254 1391 3336 Sempronius

348 3339 482 3422 Longus,
505 3341 538 3402 P.
552 3339 709 3403 Cornelius
725 3343 888 3426 Cethegus,
911 3343 951 3414 Q.
969 3341 1088 3404 Naevius
1104 3343 1228 3418 h'latho,
1246 3341 1283 3403 C.
1299 3339 1389 3404 Sem-

346 3429 469 3509 pronius
486 3425 614 3504 Blaesus,
636 3427 673 3488 A.
693 3427 851 3490 Terentius
874 3428 982 3507 Varro,
1005 3443 1145 3512 praetores
1169 3429 1256 3489 facti.
1315 3426 1390 3488 Huc

347 3534 384 3574 eo
401 3534 491 3588 annu,
508 3535 567 3594 quo
583 3513 641 3595 Ap.
654 3515 808 3592 ClaudiuS,
825 3515 871 3577 hl.
888 3515 1084 3599 Sempronius
1100 3516 1241 3576 consules
1256 3513 1391 3592 fuerunt,

347 3600 429 3660 ‹lomi
447 3601 619 3680 militiaeque
634 3612 730 3681 gesta.
1319 3602 1320 3612 ’

345 3709 708 3778 'mmpetr'lorespchron.Crev.
782 3718 841 3764 'add
852 3715 968 3766 Labeonem
979 3719 1043 3766 Eur.
1121 3719 1155 3765 ιἰὶ
1168 3719 1242 3766 Gron.
1322 3719 1391 3765 “elo-

344 3781 453 3828 nrautilun
464 3779 537 3828 Gron.
550 3784 617 3830 Creu.
1315 3803 1319 3812 ·

379 3897 399 3931 Β
414 3896 442 3943 Et
453 3898 477 3944 hi
486 3899 577 3960 repulsi]
602 3897 676 3959 Vulgo
688 3909 708 3946 et
723 3901 748 3946 r'i.
778 3898 851 3946 Dedi·
916 3899 938 3932 ⁹⁴
952 3898 1019 3946 Hand
1033 3901 1109 3963 dulus]
1131 3900 1200 3946 Unus
1216 3916 1231 3948 e
1248 3899 1394 3949 Msscre

348 3978 398 4008 mus
409 3971 429 4008 et
440 3963 472 4017 hi,
482 3977 571 4011 auctore
582 3963 668 4012 Victor.
681 3964 766 4012 codice.
793 3965 850 4011 Sen·
884 3965 991 4021 novionis,
1010 3967 1149 4013 assentiente
1172 3979 1251 4012 nostro
1268 3965 1333 4014 viee.
1352 3985 1396 4028 pro

347 4041 385 4074 rus
396 4039 444 4074 est:
467 4028 491 4073 hi
502 4045 600 4090 quoque,
612 4032 670 4092 qnod
682 4031 793 4092 repulsam
810 4046 851 4076 an·
882 4031 1006 4076 rnmduln'e.
1039 4031 1106 4077 Unde
1118 4032 1239 4091 legendum
1250 4032 1346 4080 forem
1357 4034 1395 4079 ri-

348 4105 384 4138 ten
400 4093 539 4144 consulatum
551 4107 655 4157 petentes
670 4095 779 4153 tulerunt,
790 4094 852 4142 dilati
884 4097 964 4142 dentur
971 4111 1010 4154 pro
1022 4111 1063 4142 non
1072 4097 1152 4145 dubiis.

348 4170 413 4204 erant
440 4170 463 4204 et
485 4161 563 4221 rejecti
587 4161 610 4206 in
631 4177 694 4222 spem
716 4161 852 4223 impetrandi
917 4162 937 4194 :n
949 4158 1049 4206 Fratrem
1059 4160 1166 4222 traheret]
1184 4159 1286 4208 Fratrem
1298 4163 1328 4210 ad
1338 4179 1398 4210 cosr-

348 4222 441 4268 trndem
464 4223 581 4284 aliqnando
604 4226 702 4272 honoris.
751 4227 853 4286 [inpulsos
884 4227 982 4273 sulatum
1000 4227 1103 4287 pervim
1126 4227 1295 4288 quodammodo
1311 4243 1397 4290 prore·

349 4287 450 4333 absolute
471 4289 513 4335 dici
533 4305 571 4337 eos
590 4291 628 4352 qni
648 4305 719 4352 quum
740 4292 851 4338 honorem
884 4291 959 4338 heret.

348 4351 446 4412 aliquem
462 4367 473 4398 a
488 4355 694 4417 populopeterent,
707 4371 759 4403 eum
773 4371 853 4403 conse·
917 4354 999 4401 mer,
1015 4354 1151 4419 Clornlr'ono]
1174 4355 1291 4404 Violentin
1307 4358 1401 4420 propr'n
1462 4397 1466 4404 .

349 4418 388 4479 qui
410 4432 455 4462 non
476 4430 606 4478 potuerunt,
624 4433 712 4470 constat
734 4437 762 4468 en
785 4421 852 4472 Orat.
888 4421 991 4468 Claudius
1006 4420 1089 4480 gentis,
1105 4420 1127 4466 in
1140 4422 1261 4482 quavelut
1275 4423 1403 4472 hteredita·

348 4483 397 4529 Cic.
409 4482 438 4531 de
450 4481 510 4532 Her.
524 4483 592 4547 Resp.
604 4499 629 4534 n.
641 4489 680 4534 56.
887 4485 979 4535 riserat
992 4485 1109 4548 imperiose
1119 4489 1273 4534 contumacia.
