3080 5196
376 353 439 426 2⁴0
778 347 861 414 TITI
881 345 981 413 mvn

239 542 246 556 .
280 512 354 562 .561·
383 509 490 572 missua
520 530 539 571 a
562 509 718 586 Quinctio,
747 531 840 594 quum
865 508 1035 594 presidium
1064 518 1097 570 et
1124 525 1236 592 paucas
1260 525 1356 568 nares
1385 508 1422 569 ab

277 579 362 630 ‘¹⁹¹‘
382 597 409 634 ⁴⁸
420 596 459 660 A.
477 595 643 677 Postumio,
666 599 718 681 qui
741 600 781 661 ab
795 598 893 661 Atilio
914 599 1017 680 legato
1032 593 1226 678 Cephalenioe
1238 593 1423 676 pmpositns

383 683 491 763 furerat,
507 687 684 769 accepisset,
710 685 881 748 Leucadem
902 685 995 763 verrit,
1017 682 1201 765 inplevitque
1222 681 1289 765 spei
1304 681 1422 744 sociosr
1473 709 1479 734 κ

383 768 442 833 Μ’.
454 771 586 835 Acilium
611 774 763 835 consulem
785 772 851 854 jam
876 791 946 833 cum
970 769 1136 852 legionibus
1157 787 1244 830 mare
1258 767 1423 850 trajecisse,

383 869 416 919 et
439 859 471 920 in
485 857 645 922 Thessalia
668 870 767 922 castra
782 859 923 922 Romana
946 878 1022 920 esse.
1067 854 1158 918 Hunc
1180 875 1335 918 rumorem
1357 856 1424 939 qnia

384 945 512 1008 similem
527 948 589 1009 reri
614 959 736 1031 tempus
751 947 822 1010 anni
839 958 990 1008 maturum
1013 942 1079 1028 jam
1094 943 1134 1006 ad
1149 942 1358 1025 navigandum
1380 942 1423 1004 fa·

384 1033 507 1112 ciebat'3
536 1055 600 1113 rex,
624 1035 764 1119 praesidio
789 1032 936 1096 Medione
961 1032 1108 1114 inposito,
1130 1043 1164 1094 et
1188 1031 1219 1092 in
1243 1029 1422 1110 quibusdam

385 1119 451 1181 aliis
466 1120 645 1185 Acarnaniae
658 1122 789 1206 oppidis,
811 1120 928 1205 Thyrio
944 1118 1100 1197 abscessit,
1124 1130 1155 1180 et
1178 1138 1233 1202 per
1248 1114 1376 1179 AEtoliae
1389 1137 1423 1179 ac

382 1203 525 1270 Phocidis
539 1210 627 1271 urbes
643 1208 822 1271 Chalcidem
836 1207 936 1270 rediit.
1166 1242 1169 1248 ·

425 1292 516 1358 XIII.
539 1295 602 1357 Sub
631 1297 713 1359 idem
744 1313 865 1378 tempus
895 1291 941 1356 M.
968 1292 1086 1356 Baebius
1115 1304 1147 1355 et
1175 1291 1424 1378 Philippusrex,

382 1377 547 1531 Mitt
570 1404 625 1533 ‘t‘
645 1379 1425 1533 littleitlttt‘tltttlt'thtthtt

547 1516 557 1549 2
1140 1514 1151 1546 2

382 1556 545 1636 misissent,
569 1558 640 1641 quia
663 1558 695 1619 id
721 1569 840 1641 tempus
865 1557 953 1618 rebus
968 1555 1116 1638 ¹gerendis
1136 1555 1324 1634 inmaturum
1352 1567 1424 1634 crat,

382 1641 414 1703 in
445 1643 571 1706 bibema
601 1645 738 1727 regressi,
778 1645 927 1727 principio
958 1644 1035 1705 veris
1066 1641 1236 1724 conjunctis
1266 1641 1424 1725 copiis·in

216 1716 370 1834 ffiffi‘t
381 1727 571 1793 Thessaliam
598 1732 830 1794 descenderunt.
883 1730 917 1792 In
950 1730 1125 1792 Acarnania
1155 1739 1220 1792 tum
1253 1729 1424 1792 Antiochus

214 1847 335 1900 mmm
382 1829 458 1880 erat.
515 1818 731 1898 Advenientes,
763 1818 921 1901 Philippus
948 1815 1106 1880 Malloeam
1137 1814 1326 1896 Perrhaebiae,
1360 1815 1425 1880 Be-

213 1914 347 1978 aliquotae-
381 1904 448 1965 bius
464 1902 609 1968 Phacim'n
625 1917 671 1968 est
685 1907 855 1990 adgressus.
883 1905 1063 1988 quo-primo
1086 1924 1180 1988 prope
1202 1903 1310 1988 inpetu
1324 1917 1424 1988 capto,
1538 1917 1539 1968 ὲ

213 1979 255 2029 ⁵²¹
269 1983 369 2048 oapiunt.
380 1988 533 2054 Phaestum
561 1993 669 2056 eadem
693 1995 849 2057 celeritate
873 1993 966 2076 capit.
996 1991 1068 2054 inde
1094 1991 1239 2053 Atracem
1272 2011 1369 2073 quum
1393 2012 1424 2053 se

381 2081 555 2162 recepisset,
579 2078 718 2166 Cyretias
734 2081 806 2142 hinc
821 2092 853 2143 et
868 2079 1020 2142 Ilritiume
1043 2088 1195 2162 occupat:
1215 2079 1425 2161 pmidiiique

381 2187 436 2248 per
465 2180 589 2250 recepta
617 2169 732 2252 oppida
765 2168 931 2250 dispositis,
966 2165 1108 2250 Philippo
1142 2184 1242 2226 rursus
1272 2165 1424 2228 obsidenti

381 2251 540 2317 Malloeam
567 2276 599 2317 se
619 2253 789 2338 conjungit.
834 2252 898 2316 Sub
922 2253 1086 2315 adventum
1107 2251 1240 2314 Romani
1263 2253 1425 2330 exercitus,

301 2367 305 2374 ·
383 2361 434 2402 seu
462 2340 502 2402 ad
524 2353 641 2404 metum
667 2343 786 2419 virium,
809 2362 862 2404 seu
877 2340 918 2402 ad
940 2361 1026 2424 spem
1046 2340 1150 2416 veniae,
1173 2359 1267 2420 quum
1291 2339 1425 2402 dedidis-

381 2438 449 2488 sent
464 2449 552 2506 sese3
580 2429 620 2490 ad
641 2451 678 2490 ea
693 2429 868 2512 recipienda
891 2427 1015 2510 oppida,
1039 2448 1105 2509 quae
1119 2425 1311 2488 Athamanes
1333 2447 1426 2489 occu·

404 2525 537 2592 averant,
551 2536 613 2576 uno
629 2517 750 2597 agmine
773 2517 880 2578 ierunt.
924 2513 1021 2576 Erant
1042 2525 1142 2575 autem
1158 2513 1232 2591 haec,
1255 2511 1426 2596 AEginium,
1537 2555 1538 2558 =

380 2534 548 2662 bicinium
558 2599 584 2679 d,
610 2599 755 2685 Gomphi,
787 2601 902 2679 Silana,
931 2599 1051 2678 Tricca,
1084 2598 1242 2678 Meliboea,
1271 2599 1427 2665 Phaloria.

381 2684 458 2747 Inde
480 2685 665 2766 Pellinaeum,
692 2689 743 2750 ubi
767 2686 922 2770 Philippus
937 2685 1215 2771 Megalopolitanus
1239 2707 1308 2748 cum
1333 2689 1444 2768 quin-.

381 2774 482 2852 gentis
497 2774 650 2856 peditibus
676 2787 709 2838 et
734 2775 886 2856 equitibus
912 2775 1113 2856 quadraginta
1136 2775 1167 2835 in
1189 2773 1322 2856 praesidio
1346 2787 1430 2856 erat,
1536 2819 1537 2844 ,

382 2871 415 2921 et
441 2859 668 2940 circumsidunt,
700 2873 742 2940 et,
769 2861 944 2944 priusquam
974 2861 1358 2944 obpugnarent-mittunt
1387 2863 1427 2924 ad
1535 2847 1537 2882 ⁴

382 2944 566 3031 Philippum,
598 2949 648 3028 qui
670 2960 819 3027 moneret,
848 2967 887 3010 ue
915 2949 986 3011 vim
1006 2948 1146 3010 ultimam
1171 2947 1301 3029 experiri
1326 2948 1426 3011 vellet
1535 3019 1537 3029 ,

382 3031 500 3103 Quibus
515 3034 565 3095 ille
585 3035 659 3096 satis
675 3035 816 3098 ferociter
836 3035 1004 3118 respondit,
1027 3036 1074 3098 vel
1090 3035 1249 3113 Romanis,
1262 3034 1309 3096 vel
1324 3034 1434 3098 Thes--

383 3121 454 3182 salis
480 3141 513 3183 se
533 3121 718 3183 crediturum
740 3121 852 3185 luisse:
880 3123 912 3183 in
928 3120 1060 3206 Phihppi
1082 3144 1115 3184 se
1129 3133 1316 3204 potestatem
1339 3143 1425 3186 com·

383 3207 542 3270 missurum
562 3229 625 3270 non
644 3229 720 3302 esse,
764 3207 929 3291 Postquam
952 3209 1093 3293 adparuit
1114 3210 1143 3270 vi
1166 3209 1331 3290 agendum,
1354 3211 1424 3291 quis

380 3293 541 3358 videbatur
555 3306 587 3357 et
605 3293 771 3358 Limnaeam
786 3297 894 3358 eodem
909 3307 1047 3377 tempore
1067 3296 1237 3378 obpugnari
1260 3317 1362 3378 posse,
1376 3318 1424 3358 re·
1444 3337 1450 3348 ·

383 3400 453 3461 gem
481 3383 520 3445 ad
542 3379 708 3445 bimnoeam
726 3384 777 3446 ire
790 3383 932 3467 placuit:
957 3381 1077 3446 Baebius
1099 3383 1211 3446 restitit
1233 3386 1260 3424 ⁴⁹
1270 3384 1312 3446 ad
1335 3383 1423 3447 Pelli-

382 3486 480 3528 naeum
496 3469 733 3550 obpugnandum
742 3481 766 3533 ⁸.
822 3475 843 3508 ·“
872 3489 881 3524 f
1016 3485 1019 3493 ’

216 3552 360 3670 1322me
425 3551 512 3616 XIV.
535 3552 591 3617 Per
612 3577 664 3618 eos
688 3556 765 3668 forte
790 3557 860 3638 dies
881 3555 939 3621 M'.
954 3556 1069 3622 Acilius
1095 3559 1212 3638 consul,
1237 3563 1346 3624 llcum
1368 3513 1449 3682 des.
1533 3587 1534 3618 1

217 3700 370 3828 {iiiiii-
382 3727 711 3845 Grznflffflumssffissffl·
793 3733 1006 3788 “luctuum-
1095 3739 1285 3805 ‘navandam
1294 3739 1311 3788 ¹·
1322 3741 1425 3802 mide·

213 3815 275 3868 lum.

412 3935 435 3970 ⁴⁸
452 3935 480 3984 Α.
490 3933 609 3995 Postumio,
629 3940 667 4001 put
684 3940 712 3986 ab
731 3940 798 3989 Atilio
817 3943 887 4006 legato
916 3945 1425 4002 dum,contrareturtiommetMSS.fidem.

381 3999 518 4063 Cephalania
542 4006 667 4065 praepfflur
677 4004 770 4069 suerat]
800 4006 886 4058 Atilius
949 4010 973 4044 ⁵⁰
989 4010 1135 4078 Oumuiginti
1146 4013 1361 4077 solistumum]
1375 4017 1424 4065 lle-

379 4082 426 4114 non
437 4065 533 4130 legatur,
552 4068 592 4116 sed
610 4069 658 4132 ipse
674 4073 759 4134 proetdr
777 4070 831 4131 suit,
847 4073 885 4121 eui
915 4076 1031 4139 posuimus
1038 4079 1118 4140 uiginti
1129 4093 1171 4144 pro
1179 4081 1250 4128 decem
1260 4095 1290 4128 ex
1301 4079 1367 4129 Vict.
1384 4097 1425 4129 co·

380 4132 816 4184 classieetMacedoaIadecreuerat.
831 4135 884 4186 via
915 4141 975 4199 dice,
987 4153 1012 4192 ct
1030 4143 1130 4192 evidenti
1148 4145 1245 4193 ratione.
1276 4145 1345 4193 Duas
1360 4149 1425 4196 enim

379 4212 448 4260 mpra
464 4198 482 4248 l.
496 4211 577 4248 xxxv.
594 4216 615 4247 c.
627 4201 667 4248 20.
711 4201 827 4250 Credibile
848 4215 885 4252 est
915 4205 1015 4267 leglenes
1025 4207 1123 4258 babebat
1139 4210 1225 4266 consul,
1242 4221 1267 4259 et
1286 4227 1366 4276 parem
1377 4228 1426 4260 nu-

380 4263 524 4322 igiturhdne
535 4263 678 4314 Postumium
696 4267 796 4328 legatum
812 4269 887 4328 An'lii,
915 4287 1004 4321 merum
1033 4274 1134 4337 peditum
1161 4277 1285 4326 sociorum.
1339 4277 1428 4328 Frrrnst

379 4327 547 4391 legendumque
565 4331 611 4380 hoc
629 4330 680 4380 Ioco
695 4333 785 4398 legatia.
825 4335 882 4385 lac.
914 4339 984 4386 etiam
995 4339 1119 4404 Appianas.
1152 4341 1180 4390 Ia
1198 4331 1305 4406 eoquod
1319 4344 1427 4406 sequitur

381 4389 555 4470 Pannonius:
635 4433 637 4439 .
914 4405 1027 4468 membro,
1049 4406 1131 4454 datm
1148 4408 1244 4456 mutua
1264 4411 1373 4471 equium
1395 4411 1427 4458 τὸ

411 4455 480 4533 49.Αά
496 4454 625 4534 Pellinaeum
639 4463 820 4528 oppugnandum]
834 4465 882 4515 ue·
913 4469 1264 4539 miluuirmpemcaneuuesr,
1280 4475 1427 4526 ctreciden-
1529 4487 1530 4508 l

380 4521 882 4596 centumetrtrmbenradl’ettuoeamoppt·
913 4533 976 4587 dum.

1032 4625 1051 4654 l
