3068 5186
352 375 413 432 334
657 449 658 454 Ν
774 361 859 423 um
879 359 987 432 mvu

185 549 221 602 u,
232 551 262 604 c,
274 551 331 603 565.
352 527 364 562 ‘
377 529 390 574 ⁷
394 523 505 607 ¹Atqui
517 543 587 586 eum
593 515 764 598 Antiocho,
775 521 801 565 7²
807 539 871 581 non
881 537 952 580 curn
963 513 1070 594 Gallis,
1081 513 1197 590 bellum
1206 523 1266 576 et!
1280 524 1403 580 senatus

186 616 262 671 M·
274 617 328 672 187.
353 614 562 690 ‘decreverat
587 620 619 672 et
633 607 761 692 populus
772 604 915 687 jusserat.
938 603 993 666 sed
1008 601 1109 681 simul,
1129 616 1165 666 ut
1187 603 1310 685 opinor,
1333 623 1399 666 cum

353 700 427 763 ‘his
443 699 639 761 decreverant
648 694 872 776 jusserantque,
888 691 941 773 qui
954 693 981 738 ⁷³
988 690 1069 752 intra
1083 687 1148 771 ejus
1162 689 1313 774 praesidia
1329 689 1399 751 luis·

354 787 365 822 ‘
381 797 459 850 sent.
482 784 655 866 exquibus,
680 791 788 865 praeter
802 778 1003 856 Antiochum,
1019 791 1090 838 cum
1105 797 1165 858 quo
1190 797 1302 859 pacem
1317 776 1401 860 pepi-

353 875 366 908 ‘
380 883 467 956 gerat
474 869 598 954 =Scipio,
621 881 653 932 et
676 887 746 930 curn
760 887 821 949 quo
835 865 1018 928 nominatim
1034 863 1131 926 soedus
1145 875 1181 927 ut
1195 863 1295 942 fieret,
1315 883 1402 925 man-

355 960 368 995 ‘
384 958 548 1036 daveratis,
569 976 677 1020 omnes
693 954 798 1017 hostes
812 964 910 1031 erant,
933 951 984 1036 qui
999 971 1056 1035 pro
1077 949 1233 1014 Antiocho
1249 971 1338 1013 arms
1352 950 1407 1012 ad·

354 1046 481 1110 ‘versus
497 1065 553 1107 nos
569 1044 712 1106 tulerunt.
757 1039 793 1103 ln
809 1061 869 1123 qua
883 1059 992 1102 caussa
1006 1059 1097 1120 quum
1113 1035 1194 1100 Galli
1209 1049 1283 1100 ante
1296 1059 1406 1100 omna

355 1133 521 1210 ‘luissent
536 1142 569 1194 et
583 1129 678 1211 reguli
694 1127 829 1210 quidam,
850 1138 883 1189 et
897 1125 1017 1210 tyranni
1027 1146 1037 1202 3
1061 1145 1119 1206 ego
1143 1135 1249 1187 tamen
1276 1137 1312 1187 et
1334 1145 1404 1192 cum

354 1219 366 1253 ‘
381 1220 460 1298 aliis,
475 1239 531 1301 pro
547 1217 697 1299 dignitate
708 1215 827 1296 imperii
838 1215 930 1276 vestri
942 1211 1058 1280 coactis
1071 1212 1186 1274 ⁷⁴luere
1197 1223 1331 1295 peccata
1340 1231 1404 1289 sua,

354 1307 489 1390 ‘pacem
514 1304 637 1389 pepigit
682 1315 714 1364 et
738 1299 895 1364 Gallorum
920 1299 1049 1376 animos,
1080 1297 1106 1360 si
1121 1310 1246 1382 possent
1271 1299 1405 1381 mitigari

356 1393 367 1427 ‘
384 1415 403 1454 a
418 1392 540 1454 feritate
556 1391 657 1466 insita,
672 1389 806 1466 tentavi3
830 1400 872 1465 er,
885 1399 1049 1470 postquam
1064 1384 1231 1447 indomitos
1248 1398 1345 1467 atque
1360 1387 1405 1448 in·

357 1479 369 1513 ‘
383 1478 549 1562 placabiles
564 1476 737 1554 cemebam‚
753 1485 818 1536 turn
833 1475 956 1536 demum
968 1472 997 1533 vi
1009 1483 1099 1553 atque
1111 1472 1204 1534 armis
1216 1472 1405 1550 coercendos

356 1565 466 1627 ‘ratus
492 1585 570 1626 sum.
614 1545 716 1640 Nuhc,
742 1561 887 1643 quoniam
914 1559 1045 1642 suscepti
1070 1558 1140 1620 belli
1166 1572 1334 1641 purgatum
1360 1571 1407 1622 est

357 1651 369 1684 ‘
384 1652 510 1730 crimen,
524 1649 604 1732 gesti
615 1648 772 1710 relidenda
782 1658 830 1710 est
842 1647 930 1710 ratio.
953 1647 1056 1726 inquo
1066 1644 1251 1708 confiderem
1261 1645 1406 1726 equidem

358 1738 496 1800 ‘caussae
519 1757 603 1815 meae,
628 1735 748 1798 etiamsi
769 1756 831 1798 non
847 1733 929 1816 apud
944 1732 1130 1812 Romanum,
1153 1733 1209 1794 sed
1223 1733 1310 1814 apud
1327 1730 1405 1794 Kar-

358 1826 370 1859 ‘
385 1824 605 1906 thaginiensem
620 1831 761 1884 senatum
776 1842 914 1904 agerem3
936 1820 989 1881 ubi
1005 1819 1037 1880 in
1052 1839 1173 1882 crucem
1189 1820 1257 1882 tolli
1271 1821 1404 1902 impera·

358 1911 370 1944 ‘
384 1921 466 1974 tores
482 1911 633 1987 dicuntur,
655 1910 681 1970 si
697 1929 843 1992 prospero
859 1918 978 1984 eventu,
1001 1925 1095 1989 pravo
1108 1906 1237 1968 consilio
1253 1927 1319 1970 rem
1335 1928 1408 1989 ges-

359 1998 370 2031 ‘
383 2008 496 2061 serunt.
533 1994 596 2058 sed
610 2017 668 2078 ego
683 1997 715 2058 in
730 2017 767 2060 ea
782 1995 916 2072 civitate,
932 2015 997 2074 quae
1013 1993 1082 2054 ideo
1094 1993 1237 2055 omnibus
1254 1995 1343 2056 rebus
1356 1996 1406 2056 in-

359 2084 370 2118 ‘
386 2084 534 2167 cipiendis
546 2083 747 2166 gerendisque
758 2082 841 2146 Deos
853 2081 990 2157 adhibet,
1006 2079 1077 2161 quia
1091 2080 1238 2142 ⁷⁵nullius
1249 2082 1406 2144 calumniae

359 2169 509 2253 ‘subjicit
531 2191 579 2248 ea,
604 2190 668 2251 quae
691 2168 744 2230 Dii
774 2169 1058 2250 comprobaverunt,
1088 2178 1121 2229 et
1149 2167 1183 2228 in
1209 2169 1407 2244 sollemnibus

319 2292 326 2302 ·
359 2256 483 2320 ‘verbis
511 2257 615 2335 habet,
641 2277 734 2338 quum
772 2255 1026 2339 supplicationem
1055 2265 1120 2315 aut·
1136 2254 1326 2337 triumphum
1351 2256 1407 2318 de·

360 2342 515 2406 ‘cemitl'
539 2342 630 2414 Quod
641 2345 718 2405 bene
733 2364 769 2405 sc
787 2342 917 2404 feliciter
930 2341 1149 2423 rempublicam
1165 2341 1387 2405 administrarit
1395 2365 1408 2420 ;

360 2431 411 2493 ‘si
426 2431 551 2509 nollem,
574 2431 600 2492 si
623 2451 725 2512 grave,
751 2451 788 2492 ac
803 2429 966 2512 superbum
989 2429 1195 2490 existimarem
1209 2429 1326 2491 virtute
1339 2431 1411 2511 glo--
1433 2457 1437 2474 2

361 2516 479 2596 ‘riari3
503 2521 594 2600 ⁷⁸pro
610 2516 757 2580 felicitate
772 2537 842 2578 mea
856 2515 1066 2602 exercitusque
1086 2515 1158 2594 mei,
1181 2516 1265 2598 quod
1288 2529 1411 2578 tantam

361 2603 545 2666 ‘nationem
559 2604 624 2665 sine
640 2603 702 2664 ulla
722 2603 854 2666 militum
865 2601 989 2684 jactura
1009 2601 1186 2680 devicimus,
1209 2603 1412 2686 postularem,

361 2691 373 2724 ‘
387 2702 422 2753 ut
436 2689 504 2752 Diis
520 2690 731 2754 inmortalibus
747 2691 844 2752 honos
859 2690 1032 2766 haberetur,
1043 2698 1075 2750 et
1088 2690 1154 2772 ipse
1169 2689 1355 2772 triumphans
1371 2690 1408 2751 in
1437 2727 1440 2730 -

362 2778 373 2810 ‘
388 2775 577 2860 Capitolium
593 2777 821 2854 adscenderem,
845 2775 937 2854 unde,
962 2775 1040 2837 votis
1055 2776 1113 2837 rite
1128 2776 1311 2857 nuncupatis,
1329 2797 1405 2858 pro-

362 2865 373 2896 ‘
388 2864 492 2925 fectus
503 2884 580 2925 sum.
595 2865 749 2945 negaretis
765 2865 825 2925 hoc
839 2861 946 2924 ⁷⁷mihi
960 2882 1031 2923 cum
1043 2862 1112 2924 Diis
1127 2862 1331 2924 inmortalibus
1344 2860 1368 2924 l’

404 2949 520 3012 XLIX.
542 2948 677 3032 ‘lniquo
692 2953 773 3012 enim
789 2950 858 3012 loco
875 2949 1027 3012 dimicavi.
1053 2947 1113 3010 Dic
1130 2949 1229 3030 igitur,
1240 2969 1300 3030 quo
1310 2949 1408 3031 mqui-

361 3038 372 3072 ‘
388 3059 441 3101 ore
449 3038 602 3121 potuerim
612 3036 776 3099 dimicare?
794 3036 896 3107 Quum
906 3046 1044 3097 montem
1053 3036 1411 3120 hostes.cepissent‚loco

362 3125 374 3158 ‘
388 3125 507 3187 munito
519 3146 552 3186 se
564 3137 714 3203 tenerent,
730 3144 842 3206 nempe
852 3123 985 3185 eundum
998 3122 1038 3193 ad
1048 3123 1149 3186 hostes
1159 3134 1236 3202 erat,
1252 3123 1277 3184 si
1288 3123 1409 3185 vincere

362 3212 509 3274 ‘vellem
542 3211 640 3282 Quid?
666 3211 691 3272 si
700 3213 807 3273 urbem
817 3232 855 3272 eo
864 3212 933 3273 loco
941 3210 1101 3290 haberent,
1112 3221 1146 3273 et
1157 3210 1411 3274 moenibussete·

751 3337 754 3346 ·
790 3317 994 3368 restinctos.

395 3407 702 3472 ⁷¹·Avqutcumsusoelw]
721 3407 782 3458 Haec
790 3407 872 3458 ditun.
936 3408 958 3446 ⁷³
976 3405 1042 3456 Intro
1062 3408 1108 3469 glus
1125 3409 1240 3473 presidis]
1272 3407 1339 3458 Etsi
1357 3417 1412 3456 ante

363 3487 403 3524 tur
422 3491 475 3523 cum
494 3487 599 3538 respectu
616 3475 643 3521 ad
661 3487 688 3521 ea
705 3490 756 3536 quae
771 3490 870 3537 ptaeces·
903 3473 1048 3532 Gronorium
1069 3475 1128 3522 inter
1148 3475 1196 3534 ejus
1213 3475 1324 3535 presidis.
1366 3474 1416 3522 Set

364 3555 424 3589 sere.
457 3541 589 3600 Pugnavere
607 3539 726 3600 Scipiones
745 3555 797 3588 cnm
814 3539 872 3587 Gal·
903 3539 949 3587 vid.
962 3551 1011 3587 not.
1025 3540 1133 3588 sumac.
1146 3538 1338 3601 11.hujus1ibrt.

364 3607 402 3663 lis,
413 3615 440 3652 ut
455 3621 509 3654 cum
524 3605 626 3654 hostibus
641 3605 719 3668 justis,
733 3605 801 3662 veris,
816 3606 873 3665 legi·
936 3603 960 3658 7⁴,
971 3601 985 3632 ⁴
996 3601 1069 3666 [pne
1077 3613 1167 3665 precato
1176 3604 1227 3666 atu]
1248 3599 1357 3653 Pechnis.
1372 3600 1417 3650 sie

366 3671 437 3727 timis,
451 3669 505 3718 licet
516 3669 638 3726 Antiocho.
656 3685 702 3718 non
714 3669 872 3718 Gellisnomi·
905 3679 997 3720 excusat
1013 3679 1038 3717 et
1060 3670 1148 3730 mitiget
1165 3669 1277 3727 Manlius,
1294 3683 1417 3733 suppum

365 3737 439 3785 rtatim
449 3735 535 3783 bellum
547 3735 659 3784 indictum
671 3748 739 3784 esset.
772 3736 818 3784 Sed
837 3736 872 3783 ni·
905 3737 976 3784 etism
988 3736 1096 3783 invidioso
1111 3736 1215 3802 pecuniae
1231 3737 1334 3793 nomine,
1350 3733 1417 3782 illam

365 3802 449 3851 mirum
461 3801 578 3849 decretum
588 3811 682 3849 senatus
702 3801 873 3866 complecteba·
904 3819 957 3866 quse
969 3802 991 3848 ei
1001 3801 1093 3865 objecta
1112 3802 1186 3850 luerat
1202 3801 1327 3860 ueritiam,
1344 3814 1416 3849 exsc-

365 3881 405 3915 tor
416 3883 456 3916 eos
466 3883 556 3930 quoque
567 3867 606 3928 qui
617 3867 727 3914 Antiochi
739 3879 823 3914 sectam
836 3879 874 3913 se·
898 3880 984 3930 sasque
996 3883 1008 3914 a
1018 3866 1121 3932 tyrannis
1136 3867 1312 3931 castellanisque
1328 3867 1417 3926 iugen-

366 3935 415 3981 cuti
431 3944 515 3989 essent,
532 3944 556 3980 et
572 3933 633 3979 intre
643 3933 693 3994 ejus
703 3931 805 3996 presidia
816 3933 872 3980 luis-
904 3931 1001 3982 tersuri
1011 3945 1036 3980 et
1046 3933 1132 3994 argenti
1144 3949 1254 3981 summas.

365 4009 425 4047 sent.
460 3997 539 4045 Quum
555 3999 623 4058 igitur
634 3995 696 4045 Galli
706 3997 767 4046 inter
777 3999 873 4046 aurilia-
939 3997 962 4037 77
975 3998 989 4026 *
1002 3997 1095 4054 Nullius
1103 3998 1218 4062 columpne
1227 3995 1325 4058 udqiieit]
1350 3995 1419 4044 Nur·

365 4079 404 4112 res
424 4059 543 4126 Antiochix
553 4063 649 4118 fuerint,
670 4063 798 4126 legitimum
819 4078 872 4111 cum
904 4063 949 4111 lius
960 4063 1051 4125 injustis
1063 4076 1086 4112 et
1101 4063 1219 4112 malitiosis
1235 4062 1421 4128 tavillstionjbrn

366 4130 395 4176 iis
412 4129 497 4177 bellum
515 4139 540 4176 et
563 4128 680 4194 Scipiones
702 4139 727 4178 et
746 4144 788 4190 ego
805 4129 874 4190 gessi·
906 4131 980 4178 deteri
993 4130 1054 4176 sinit.

320 4201 325 4208 “
367 4209 428 4241 mus.
628 4213 629 4218 ¹
938 4192 961 4232 ⁷⁶
984 4193 1031 4242 Pro
1039 4192 1153 4258 felicitate
1171 4193 1229 4263 meo]
1253 4191 1367 4242 libenter
1389 4201 1422 4240 et

398 4259 422 4294 77
438 4257 489 4308 Non
505 4277 556 4307 cum
567 4257 640 4307 Gallis
655 4259 734 4308 bellum
750 4265 772 4308 st
790 4267 875 4308 matus
906 4259 944 4309 hic
965 4260 1133 4324 praefigeremus
1150 4259 1285 4328 perticulsm
1303 4261 1329 4306 si.
1364 4257 1421 4305 Ne·

366 4323 499 4389 decreverat]
514 4325 713 4375 SichsbereMS.
727 4323 873 4373 'lhusnaeum
907 4341 952 4388 que
979 4329 1040 4374 enim
1068 4325 1137 4374 facile
1162 4329 1252 4377 videtur
1273 4339 1340 4388 posse
1363 4339 1423 4388 sup·

366 4399 463 4436 testatur
473 4390 521 4438 lac.
533 4389 668 4439 Gronovius.
690 4391 786 4440 Accedit
797 4403 875 4440 noster
906 4395 974 4457 pleri.

366 4451 537 4514 vicevurgo:
551 4453 655 4508 nondun
667 4455 829 4509 Gallislellum
841 4458 874 4509 ltis
939 4457 962 4496 77
980 4455 1100 4504 Mihicum
1115 4455 1168 4520 diis]
1193 4455 1217 4502 Si
1234 4455 1294 4504 nihil
1312 4457 1356 4508 hic
1373 4454 1429 4507 titii

366 4528 452 4570 erutus
461 4521 590 4575 demeteret.
906 4534 953 4590 est,
963 4539 1043 4575 senem
1057 4523 1117 4576 eritt
1134 4520 1239 4587 etmihi,
1251 4521 1341 4575 etdiis.
