3026 5164
369 352 447 410 LlB.
467 353 613 413 XXXIX.
636 355 717 415 CAP.
736 347 848 414 XXVI.
1078 365 1135 419 421

93 506 104 536 ‘
121 507 217 568 sancti
233 507 304 585 sint,
322 509 470 570 violandis
496 511 655 573 abstinere.
671 512 795 574 insidias
811 512 925 595 positas
941 513 1081 576 euntibus
1097 515 1135 576 ad
1151 511 1181 574 u.
1197 513 1225 560 C·
1237 515 1293 562 567.

92 593 103 624 ‘
118 591 157 654 Τ.
172 593 358 663 Quinctium.
374 599 400 635 ⁹⁸
412 594 517 677 ltaque
528 619 600 678 ergo
613 599 644 658 in
659 611 778 660 tanturn
791 613 906 660 metum
918 621 1022 662 onmes
1032 599 1129 662 Thes·
1149 577 1169 623 Α

1172 575 1216 624 ,0.
1234 579 1284 628 Ιθῦ.

91 679 101 711 ‘
119 681 198 740 salos
207 680 374 762 conjectos,
383 695 417 744 ut
428 704 489 744 non
502 685 532 748 in
545 685 714 746 civitatibus
724 687 796 762 suis,
807 707 868 747 non
881 687 911 747 in
924 689 1134 748 communibus

91 767 103 798 ‘
119 768 218 846 gentis
228 769 373 844 conciliiS,
394 771 551 850 quisquam
568 771 683 832 hiscere
694 773 812 834 audeat.
823 773 928 853 procul
938 775 1018 834 enim
1030 776 1134 836 abesse

92 853 104 884 ‘
120 854 268 916 libertatis
282 867 420 916 auctores
441 855 613 918 Romanos:
640 859 726 920 lateri
739 859 889 920 adhaerere
901 881 1022 940 gravem
1033 861 1132 922 domi·

90 939 101 970 ‘
119 961 203 1018 num,
212 941 421 1023 prohibentem
434 942 478 1003 uti
490 942 641 1004 benefieiis
654 945 755 1026 populi
767 945 906 1006 Romani.
929 945 1010 1014 Quid
1024 947 1143 1024 autem,'

89 1026 100 1057 ‘
117 1028 209 1088 sivox
219 1027 378 1090 liberanon
391 1030 440 1107 sit,
452 1029 577 1091 liberum
590 1031 672 1092 esse?
689 1029 779 1092 Nunc
792 1053 823 1092 se
834 1032 946 1094 fiducia
955 1045 986 1095 et
997 1035 1135 1116 praesidio

90 1112 286 1194 ‘legatorum
301 1115 500 1196 ingemiscere
522 1118 629 1198 magis,
653 1137 742 1198 quarn
764 1118 856 1199 loqui.
880 1119 935 1179 nisi
959 1120 1136 1200 provideant

88 1199 232 1283 ‘aliquid
248 1200 389 1280 Romani,
412 1223 472 1284 quo
495 1214 527 1264 et
548 1201 658 1264 Graecis
684 1202 900 1266 Macedoniam
925 1205 1134 1267 adcolentibus

89 1285 229 1365 ‘metus,
252 1300 284 1349 et
307 1289 434 1350 audacia
456 1287 586 1372 Philippi
603 1290 764 1368 minuatur,
786 1291 990 1371 nequidquam
1005 1303 1036 1352 et
1050 1292 1134 1354 illurn

88 1372 101 1404 ‘
116 1374 241 1452 victum,
258 1387 291 1436 et
304 1397 336 1435 se
353 1375 494 1438 liberatos
509 1397 584 1437 esse.
611 1375 657 1438 Ut
671 1380 696 1416 ⁰¹
710 1397 821 1457 equum
837 1393 987 1454 tenacem,
1003 1398 1063 1459 non
1079 1399 1135 1461 pa-

87 1458 99 1489 ‘
115 1472 233 1521 rentem
257 1461 348 1522 frenis
368 1463 567 1543 asperioribus
583 1463 791 1544 castigandum
807 1462 893 1525 esse.’
938 1461 1012 1525 Haec
1028 1466 1135 1525 acerbe

87 1547 256 1628 postremi:
280 1568 372 1631 quum
387 1550 501 1631 priores
517 1549 624 1610 leniter
637 1550 862 1631 permulsissent
883 1550 959 1611 iram
984 1548 1058 1630 ejus,
1080 1570 1135 1631 pe-

89 1645 203 1710 tentes,
225 1633 241 1717 ‘y
252 1631 297 1696 Ut
311 1636 481 1716 ignosceret
496 1656 551 1718 pro
577 1636 715 1698 libertate
731 1636 949 1716 -loquentibus3
973 1649 1005 1697 et
1020 1647 1065 1713 ut,
1081 1636 1135 1696 de-

90 1719 102 1752 ⁴
117 1721 222 1802 posita
236 1720 351 1783 domini
367 1723 542 1800 acerbitate,
557 1722 747 1784 adsuesceret
768 1723 882 1783 socium
898 1733 987 1803 atque
1004 1722 1135 1783 amicum

91 1805 186 1868 ‘sese
202 1821 362 1888 praestare3
386 1821 418 1870 et
432 1809 601 1872 imitaretur
616 1810 761 1891 populum
777 1808 962 1887 Romanum,
983 1809 1033 1890 qui
1057 1809 1136 1870 cari-

90 1893 196 1970 ‘tate‚
220 1915 309 1974 quam
331 1907 424 1972 metu,
448 1893 612 1976 adjungere
628 1896 684 1956 sibi
700 1896 798 1957 socios
813 1894 937 1957 mallet.'
981 1893 1135 1956 Thessalis

51 2019 54 2024 -
90 1979 215 2056 auditis,
238 1979 384 2042 Perrhaebi
407 1979 691 2065 Gonnocondylum,
715 1982 796 2063 quod
808 1981 963 2064 Philippus
976 1980 1135 2064 Olympia-

89 2067 163 2127 deur
176 2067 386 2149 adpellaverat,
396 2065 568 2129 Perrhaebiae
578 2069 680 2144 luisse,
687 2081 719 2130 et
728 2079 762 2130 ut
771 2069 827 2129 sibi
836 2070 1052 2145 restitueretur,
1064 2087 1136 2148 age·

88 2154 178 2214 bant.
194 2166 225 2214 et
237 2154 274 2214 de
290 2153 418 2215 Malloea
432 2166 463 2216 et
476 2153 609 2216 Ericinio
623 2156 731 2216 eadem
746 2154 911 2237 postulatio
926 2166 999 2216 erat.
1036 2154 1135 2215 Atha·
1152 2165 1157 2176 '

89 2259 198 2300 manes
208 2239 379 2300 libertatern
389 2243 575 2323 repetebant,
581 2240 925 2304 etcastellaAthenaeum
931 2240 1135 2303 etPoetneum.
1147 2265 1278 2330 uma„

135 2321 253 2387 XXVI.
276 2323 439 2409 Philippus,
455 2340 489 2389 ut
504 2328 685 2389 accusatoris
701 2329 811 2409 potius,
828 2349 918 2409 quam
933 2329 988 2404 rei,
1002 2328 1135 2410 speciem
1149 2333 1274 2398 euhippia.

88 2412 227 2489 haberet,
240 2423 272 2474 et
282 2413 347 2494 ipse
359 2434 378 2474 a
388 2414 515 2493 querelis
528 2435 623 2491 orsus,
635 2411 861 2475 ‘Menelaidem
874 2415 905 2474 in
917 2412 1059 2496 Dolopia,
1070 2434 1135 2494 quas

88 2499 99 2530 ‘
115 2501 202 2579 regni
215 2499 260 2559 sui
276 2498 390 2575 luisset,
401 2499 563 2562 Thessalos
574 2502 603 2561 vi
616 2512 705 2579 atque
719 2503 808 2561 armis
820 2499 1030 2582 expugnasse,'
1046 2520 1135 2581 ques-

89 2595 141 2646 tus
156 2599 221 2648 est:
244 2585 341 2647 ‘item
357 2584 476 2647 Petram
492 2586 523 2646 in
539 2585 636 2648 Pieria
651 2587 688 2648 ab
704 2586 810 2647 iisdem
825 2583 982 2647 Thessalis
1003 2584 1134 2646 Perrhae-

88 2671 99 2703 ‘
116 2672 222 2752 bisque
235 2684 366 2754 captam.
399 2671 515 2756 Xynias
527 2673 659 2753 quidem,
673 2673 752 2734 haud
764 2673 854 2734 dubie
866 2669 1035 2733 AEtolieum
1048 2671 1136 2754 oppi-

89 2758 99 2789 ‘
117 2758 202 2835 dum,
224 2759 278 2819 sibi
295 2779 346 2819 eos
362 2760 579 2834 contribuisse3
603 2770 634 2821 et
647 2757 875 2835 Paracheloida,
891 2779 956 2839 quae
971 2759 1026 2819 sub
1037 2757 1136 2819 Atha-

90 2845 101 2876 ‘
117 2845 223 2906 mania
232 2857 321 2922 esset,
331 2845 414 2906 nullo
421 2844 489 2926 jure
504 2849 530 2885 ⁹⁵
541 2843 756 2906 Thessalorum
766 2845 900 2907 formulae
910 2845 1034 2906 factam.
1055 2843 1136 2906 Narn

89 2931 102 2963 ‘
117 2952 185 3012 quae
198 2931 254 2993 sibi
267 2931 394 2992 crimina
405 2930 597 3012 objiciantur,
610 2933 647 2992 de
660 2931 774 2992 insidiis
787 2933 966 3011 legatorum,
977 2942 1008 2991 et
1019 2931 1136 2991 mariti-

92 3017 104 3050 ‘
122 3017 180 3078 mis
192 3019 338 3099 portubus
354 3017 552 3097 frequentatis
565 3029 617 3078 aut
629 3016 772 3095 desertis3
797 3019 923 3078 alterum
939 3015 1137 3077 deridiculum

84 3103 101 3135 '‘
118 3125 195 3180 esse,
208 3125 240 3163 se
252 3104 376 3165 reddere
389 3105 548 3181 rationem,
563 3125 638 3184 quos
651 3115 754 3184 portus
767 3116 949 3164 mercatores
962 3114 1015 3163 aut
1025 3102 1138 3162 nautici

89 3191 244 3272 ‘petant3
273 3190 399 3251 alterurn
416 3211 514 3251 mores
531 3210 599 3250 suos
615 3209 766 3270 respuere.
792 3187 855 3250 Tot
870 3209 964 3249 annos
987 3209 1062 3265 esse,
1085 3208 1139 3270 per

92 3275 102 3308 ‘
119 3297 196 3357 quos
212 3296 375 3356 numquam
391 3277 571 3337 cessaverint
582 3276 687 3356 legati,
710 3296 790 3336 nunc
808 3276 847 3336 ad
864 3276 1058 3356 imperatores
1074 3272 1138 3335 Ro-

90 3363 101 3396 ‘
119 3383 239 3441 manos,
249 3383 329 3433 nunc
341 3363 469 3424 Romam
483 3363 521 3422 ad
533 3375 669 3422 senatum
683 3362 810 3422 crimina
820 3361 857 3422 de
869 3382 900 3421 se
913 3360 1037 3421 deferre.
1049 3380 1138 3441 quem

91 3449 101 3480 ‘
119 3469 263 3529 umquam
275 3450 366 3510 verbo
376 3449 520 3509 violatum
534 3449 619 3509 esse?
646 3447 746 3508 Semel
759 3449 797 3508 ad
810 3447 985 3517 Quinctium
999 3447 1137 3508 euntibus

88 3537 100 3568 ‘
117 3535 242 3597 iusidias
254 3536 315 3596 dici
326 3535 430 3595 lactas.
442 3535 507 3612 sed,
517 3535 589 3614 quid
599 3535 635 3595 iis
648 3534 801 3610 acciderit,
813 3555 873 3595 uon
886 3531 986 3613 adjici.
1010 3537 1035 3572 ⁹⁶
1046 3533 1135 3602 Quae-

87 3623 98 3656 ‘
115 3625 257 3701 rentium,
273 3621 377 3703 quodg
398 3621 473 3682 falso
489 3621 645 3702 objiciant,
661 3641 752 3700 quurn
768 3622 828 3683 veri
849 3620 924 3681 nihil
941 3620 1083 3698 habeant,
1098 3635 1135 3682 'ea

516 3799 527 3829 Γ·
542 3795 595 3854 qnid
606 3792 678 3843 Gron.

125 3913 174 3952 ω*
191 3913 267 3978 ltaque
277 3915 339 3979 ergo]
357 3915 408 3962 Vid.
420 3925 468 3963 not.
481 3913 519 3962 76.
537 3916 564 3962 ad
578 3931 595 3966 r.
660 3915 681 3952 Pl
723 3915 870 3962 tassilonem
894 3915 1002 3978 formula
1029 3914 1130 3979 ¹firctarn]

90 3975 132 4029 25.
628 3979 912 4029 Thessaliscourriburam.
938 3981 976 4028 Sic
988 3980 1003 4028 l.
1016 3992 1132 4029 xxxrrrr.

123 4049 146 4081 ⁹⁴
172 4043 259 4106 qurunr
286 4055 380 4092 tenacem
407 4061 450 4092 nort
473 4045 594 4106 parentem]
630 4051 686 4096 att.
706 4045 783 4092 Urbem
801 4061 900 4106 rreqraum
908 4045 1015 4108 jin-mulie
1031 4047 1133 4104 srrijrrrir
1180 4093 1184 4102 ,

90 4111 158 4170 Lege
182 4127 234 4157 curn
255 4109 351 4172 Dujatio
369 4119 492 4164 sterrmccur,
512 4110 533 4157 id
556 4124 599 4169 est,
621 4111 737 4176 jacerent.

92 4178 133 4240 qui
143 4171 253 4222 sessorem
272 4175 357 4222 excutit
376 4174 510 4236 sternitque.
545 4175 598 4224 Hae
661 4171 683 4210 ³⁵⁶
700 4173 848 4226 Quassatam
864 4173 930 4238 qnod]
949 4173 1010 4220 Lihri
1027 4175 1075 4222 sere
1093 4175 1134 4222 ha·

92 4255 151 4289 voce
173 4254 226 4286 usus
248 4253 283 4286 est
305 4239 420 4298 Virgilius,
443 4237 497 4288 rlin.
513 4252 560 4288 xri.
577 4258 598 4288 ν.
630 4241 683 4286 benr
702 4241 769 4300 qnid:
793 4239 880 4296 vitiose,
889 4250 920 4288 ,ut
931 4239 1032 4288 observat
1044 4241 1133 4287 Grono-

91 4309 152 4354 364.
183 4305 296 4351 Videmus
317 4305 393 4352 delere
417 4321 482 4368 posse
503 4303 535 4350 τὰ
555 4323 598 4354 nan
630 4305 687 4352 viru,
713 4303 933 4357 Qriaersnuumenim
945 4305 1040 4354 hicnon
1052 4315 1087 4352 est
1099 4307 1133 4352 iu·

89 4378 270 4431 parmamque
278 4371 368 4434 sapiunt
378 4371 486 4432 glossema
498 4369 597 4419 additum
630 4371 796 4432 arrogantiam,
806 4369 846 4416 sed
856 4370 1036 4431 conquirentium.
1055 4370 1134 4416 Ouum

92 4435 269 4500 interpretandae
281 4451 360 4500 parurn
371 4437 431 4485 tritae
450 4437 497 4486 roci
513 4441 597 4504 rtema-
630 4433 698 4496 igitur
717 4433 779 4482 Vier.
799 4435 870 4482 codex
889 4435 995 4499 praeferat
1017 4437 1081 4499 quod,
1099 4433 1134 4481 iu·

88 4515 145 4550 orm·
631 4511 765 4549 cunctanter
776 4501 909 4564 recepimus·
