3026 5164
444 383 807 451 .1.1a.x1..cu1³.xvr.
1094 381 1153 450 46⁹

109 603 112 612 .
156 531 243 608 xvi.
263 539 387 608 Dicenti
400 545 465 620 bae
480 544 609 608 lacrima
630 545 720 608 simul
736 541 873 628 spiritum
891 555 1042 607 atrocem
1057 543 1149 605 iuter·
1163 551 1197 601 tl.
1209 551 1237 600 e.
1247 535 1308 607 570.¹

112 630 278 696 cluserunt·
319 632 484 714 Philippus,
496 633 641 694 submotis
656 633 702 712 iis,
715 631 877 714 paullisper
890 631 1066 694 conlocutus
1081 649 1150 692 cum
1162 619 1194 670 Α·
1204 617 1233 668 ⁰·
1245 619 1303 672 ¹⁸²·

111 719 232 796 amicis,
247 717 475 801 pronunciavitr
499 716 590 780 ‘Non
611 715 710 780 verbis
732 739 776 797 se,
797 738 854 779 nec
876 719 963 778 unius
986 714 1066 778 horre
1088 717 1150 778 dis·

114 805 126 839 ⁶
140 806 323 888 captatione,
333 825 471 867 caussam
486 825 588 866 eorum
601 803 845 886 dijudicaturum,
856 803 909 865 sed
926 801 1103 884 inquirendo
1117 803 1149 863 in

112 891 125 924 ‘
141 893 293 972 utriusque
303 893 407 968 vitam,
424 909 522 952 mores
527 913 537 967 3
560 902 593 954 et
607 890 690 953 dieta
704 891 844 972 factaque
855 890 889 952 in
904 889 1022 972 magnis
1036 887 1150 972 parvis·

111 977 125 1011 ‘
141 997 198 1058 que
213 978 299 1038 rebus
314 977 499 1039 obseruando
509 975 533 1038 :'
558 990 592 1040 ut
607 979 745 1040 omnibus
760 979 928 1062 adpareret,
944 977 1043 1038 noctis
1058 995 1149 1057 prox-

111 1061 183 1126 imu
197 1064 311 1125 crimen
326 1063 416 1125 laeile
431 1065 576 1126 revictum
581 1085 592 1142 3
615 1075 784 1147 suspectam
806 1063 930 1126 nimiain
950 1082 1018 1123 cum
1035 1060 1149 1122 Roma·
1305 1097 1311 1124 ι

113 1149 162 1210 nis
174 1147 322 1212 Demetrii
337 1151 466 1231 gratiam
482 1169 556 1212 esse.
599 1149 684 1228 Haec,
698 1153 765 1212 vivo
774 1149 924 1233 Philippo,
939 1150 1022 1216 velut
1036 1147 1151 1210 semina

109 1232 198 1316 jacta
217 1249 289 1298 sunt
303 1234 497 1298 Macedonici
518 1237 600 1314 belli,
617 1238 698 1318 quod
719 1235 851 1299 maxime
876 1257 944 1298 cum
966 1235 1076 1299 Perseo
1097 1255 1150 1317 ge·

111 1321 240 1384 rendum
255 1333 329 1384 crat.
374 1321 521 1386 Consules
538 1325 628 1385 ambo
644 1325 675 1384 in
689 1317 826 1406 Ligures,
841 1343 906 1404 ques
921 1333 985 1384 tum
1000 1342 1062 1384 una
1076 1341 1150 1394 con-
1164 1336 1210 1387 ues
1221 1339 1245 1386 tn
1255 1335 1298 1388 Ll-

107 1407 217 1469 saluis
233 1410 387 1490 provincia
400 1419 476 1486 erat,
492 1410 728 1496 proficiscuntur.
748 1425 790 1487 ct,
802 1411 873 1492 quia
887 1429 1030 1492 prospere
1046 1410 1087 1470 ibi
1104 1431 1151 1471 res
1163 1403 1224 1467 guma
1239 1417 1316 1468 tw·

111 1505 283 1574 gesserrurt,
298 1495 480 1578 supplicatio
502 1496 532 1556 in
555 1515 647 1556 unum
667 1497 749 1557 diem
767 1497 888 1557 decretu
902 1506 958 1557 est.
1006 1493 1151 1576 Ligurum

110 1577 173 1640 duo
197 1579 292 1642 millia
313 1581 374 1644 lere
403 1583 443 1644 ad
467 1593 634 1644 extremum
658 1581 749 1644 linem
773 1582 932 1663 provinciae
955 1580 1072 1659 Galliae,
1099 1583 1149 1642 ubi

110 1677 215 1728 castra
229 1664 392 1728 Marcellus
407 1668 548 1730 habebat.
563 1679 718 1746 venemnt,
735 1669 779 1730 uti
795 1667 1007 1749 reciperentur,
1021 1677 1151 1729 orantes.

108 1745 287 1830 Marcellus,
303 1754 434 1834 opperiri
449 1753 558 1815 eodem
574 1753 642 1814 loeo
655 1751 815 1835 Liguribus
826 1752 927 1834 jussis,
943 1765 1081 1816 senatum
1096 1775 1151 1836 per

109 1823 216 1899 literas
231 1839 391 1900 consuluit.
435 1840 566 1902 Senatus
581 1841 742 1902 rescribere
758 1838 803 1902 M.
813 1839 977 1920 Ogulnium
992 1852 1151 1924 praetorem

106 1917 264 1986 Marcello
282 1923 388 2006 jussitc
413 1924 545 1988 ‘Verius
561 1925 661 2002 luisse,
681 1927 831 2004 consules,
848 1946 975 2006 quonum
996 1927 1152 2008 provincia

56 2025 59 2038 ’
109 2008 231 2104 ‘aucep
252 2031 342 2093 quam
365 2033 407 2089 se,
422 2011 495 2092 quid
519 2033 536 2073 e
558 2012 715 2094 republica
737 2024 826 2090 esset,
848 2013 1023 2090 dccemere3
1048 2017 1151 2073 ⁵⁴tum

110 2093 260 2176 ‘.quoque
283 2117 344 2158 non
368 2099 498 2178 placere,
521 2099 545 2159 si
570 2089 623 2179 per
643 2097 971 2180 deditionemLigurcs
991 2099 1117 2180 recipiet
1125 2109 1150 2177 ¹,

25 2182 29 2190 '
107 2179 121 2213 ‘
136 2184 269 2265 receptis
283 2203 369 2244 arma
382 2184 492 2246 adimi:
516 2197 617 2264 atque,
630 2205 682 2246 eos
697 2189 725 2224 ⁶⁵
736 2185 776 2245 ad
788 2184 941 2246 consulem
958 2185 1048 2261 mitti,
1063 2205 1150 2246 sena-

108 2265 203 2329 ‘tum
218 2289 334 2349 equum
350 2267 496 2332 censere!
533 2269 676 2332 Praetores
691 2271 797 2332 eodem
814 2283 961 2353 tempore,
977 2273 1004 2312 ⁶⁰
1015 2269 1047 2332 P.
1058 2269 1150 2332 Man-

108 2351 169 2414 lius
184 2355 216 2414 iu
231 2355 405 2418 ulteriorem
422 2355 614 2438 Hispaniam,
626 2375 716 2436 quum
731 2368 764 2418 et
779 2357 877 2438 priore
889 2368 1018 2440 praetura
1029 2357 1150 2439 provin·
1164 2366 1192 2443 ¹?
1203 2365 1287 2432 ruspe-

105 2439 192 2502 ciam
211 2441 399 2519 obtinuerat3
423 2442 462 2512 Q.
478 2441 598 2504 Fulvius
615 2441 738 2504 Flaccus
761 2442 792 2502 in
813 2443 982 2505 citeriorem
1004 2445 1149 2525 pervenit,
1162 2447 1208 2481 ¹¹¹⁸·
1252 2515 1256 2522 1

110 2527 340 2608 exercitumque
365 2549 383 2588 a
404 2526 547 2592 Terentio
571 2529 698 2610 accepit.
724 2535 750 2577 ⁸⁷
762 2547 831 2590 nam
853 2529 975 2592 ulterior
997 2541 1095 2610 morte
1118 2530 1150 2594 P.

105 2606 284 2694 Sempronii
304 2615 513 2694 proconsulis!
532 2615 597 2675 sine
614 2615 742 2696 imperio
757 2615 865 2678 suerat.
910 2613 1045 2676 Fulvium
1062 2613 1150 2677 Flac·

107 2714 181 2758 cum
205 2697 350 2780 oppidum
370 2698 552 2782 Hispanum,
575 2697 741 2762 Urbicuam
764 2701 899 2778 nomine,
921 2703 1151 2783 obpugnantem

107 2779 256 2864 Celtiberi
273 2783 372 2846 adorti
393 2797 472 2846 sunt.
528 2783 613 2846 Dura
631 2787 672 2847 ibi
688 2785 794 2869 proelia
809 2787 926 2868 aliquot
941 2787 1037 2850 iacta:
1062 2789 1149 2851 multi

108 2863 245 2930 Romani
260 2869 371 2931 milites
386 2881 418 2933 et
431 2872 590 2949 uulnerati,
606 2883 638 2932 et
658 2872 808 2933 interlecti
825 2883 905 2934 sunt.
921 2873 1029 2935 ³⁸vieti
1045 2893 1151 2954 perse·

106 2955 248 3017 uetantia
262 2955 388 3034 Fulviu,
411 2957 493 3038 quod
508 2956 590 3017 nulla
610 2959 639 3017 vi
662 2959 796 3020 abstrahi
813 2957 852 3018 ab'
866 2957 1022 3019 obsidione
1037 2961 1152 3040 potuit,

105 3037 267 3119 Celtiberi,
278 3039 348 3102 fessi
359 3043 471 3124 proeliis
485 3043 573 3103 variis
589 3043 807 3105 abscesserunt.
822 3043 1019 3120 urbqamoto
1035 3046 1155 3107 auxilio

105 3145 227 3203 eorum,
242 3127 320 3188 intra
335 3147 447 3210 paucos
463 3127 527 3189 dies
542 3140 633 3210 cepta
649 3140 682 3190 et
699 3129 818 3211 direpta
832 3140 894 3190 est:
919 3130 1051 3210 predum
1067 3131 1148 3192 mili-

105 3211 191 3276 tibus
204 3225 314 3294 proetor
328 3215 487 3284 concessit.
533 3213 662 3293 Fulvius,
679 3215 736 3276 boc
755 3215 868 3298 oppido
884 3227 986 3299 capto,
1007 3215 1039 3277 P.
1055 3216 1148 3278 Man-
1246 3213 1252 3221 ’

139 3394 152 3419 ²
160 3390 246 3451 plocen
255 3391 349 3452 sibi,per
359 3393 381 3440 d.
393 3389 422 3439 L.
433 3391 510 3450 recipi,
520 3397 541 3438 et
548 3391 637 3452 receptis
645 3398 686 3440 etc.
698 3388 772 3438 Groui.
782 3389 851 3440 Cres.
994 3394 1160 3454 sprewam.
1219 3369 1229 3383 '

103 3451 171 3503 M·
238 3458 309 3506 ²uicit
316 3472 340 3518 p.
350 3454 443 3504 Fuluius
453 3455 520 3504 uad.

137 3607 160 3641 Η
173 3605 230 3656 Tsun
245 3607 337 3672 propere]
364 3609 474 3659 Quamuis
486 3625 531 3658 nou
544 3625 611 3659 sena·
675 3607 697 3645 ⁵⁶
710 3609 739 3659 P.
762 3609 863 3658 Manlius
880 3612 905 3658 in
922 3611 1045 3657 ulteriorem
1065 3609 1149 3671 Hispu-

102 3684 150 3731 tna,
159 3673 199 3722 ted
211 3675 329 3722 consulum
343 3678 480 3724 sententiam
492 3678 611 3740 exquirere
641 3675 711 3734 mum,
723 3693 788 3738 prum
798 3683 819 3722 et
830 3678 902 3736 priore
909 3684 1007 3736 pratum
1014 3677 1147 3736 provinciam

104 3739 230 3795 decuisset,
243 3755 268 3786 ee
283 3750 359 3786 tamen
375 3743 475 3790 dicturos
490 3744 543 3803 quid
559 3757 611 3788 sen.
643 3741 775 3804 obtinuerat]
795 3739 856 3787 Huic
874 3751 950 3786 tamen
966 3741 988 3786 in
1004 3741 1077 3802 priore
1087 3755 1146 3802 prae.

102 3804 172 3860 tiaot,
181 3815 326 3866 rumpemus
335 3806 427 3865 plureis,
438 3808 457 3852 ei
470 3821 509 3866 per
519 3808 610 3854 deditio·
643 3818 693 3853 tura
704 3806 796 3853 citerior
808 3804 917 3868 Hispania
932 3803 1038 3866 obtigisse
1057 3819 1146 3852 memo·

102 3881 153 3916 aeas
166 3867 261 3932 Ie'gurce
275 3870 371 3928 recipiet,
383 3873 475 3932 receptis
485 3885 545 3917 unua
560 3873 610 3918 odi·
643 3881 728 3918 ruture
741 3870 810 3926 livio,
819 3883 888 3934 supra
900 3881 996 3918 xxxin.
1008 3872 1047 3917 43.

102 3933 144 3980 asi.
176 3933 213 3981 lta
229 3933 290 3981 euim
307 3932 427 3994 legendum
439 3949 487 3982 ease
498 3949 526 3981 et
539 3935 610 3982 MSS.
675 3931 788 3982 ⁶⁷'Mrrrr
797 3931 906 3995 ulterior]
932 3935 991 3980 liure
1009 3935 1060 3982 hsec
1076 3933 1151 3982 verba

64 4015 66 4018 ·
104 3994 199 4044 Getsuri
214 4009 328 4061 putamus.
374 3998 488 4052 (lucebis
505 3999 612 4048 dicuutur
643 3999 720 4062 supple
736 4015 765 4046 ea
784 4014 869 4046 sensu:
888 3997 927 4046 Ab
937 3999 1001 4046 nullo
1012 4011 1107 4062 praetore
1119 3999 1146 4050 P.

102 4060 137 4109 tle
154 4075 202 4110 non
218 4064 343 4110 adimendis
363 4064 441 4119 unus,
455 4067 562 4112 videntur
583 4081 610 4112 ee
642 4063 878 4112 Manliusereroitum
890 4065 985 4128 accepit.
1012 4063 1131 4113 Numero.

102 4131 611 4258 rtrtrm¹utttt21222btzzzlt
643 4127 1147 4253 ..'l,liittttzll'ul'll'ttlltit

103 4253 202 4315 fecerat,
211 4259 265 4305 dum
278 4257 350 4306 Gallis
359 4259 494 4308 dedentibus
509 4273 534 4307 se
550 4275 611 4306 arma
644 4257 728 4306 Fuluii.
773 4257 806 4304 Ex
827 4269 924 4321 utraque
943 4257 1041 4305 lectione
1063 4257 1147 4320 aliquid

102 4319 229 4371 ademerat.
242 4323 426 4390 Vid.ruprr,lib.
436 4337 531 4375 xxxix.
541 4341 562 4372 c.
572 4327 610 4372 54.
643 4325 778 4378 tenendum,
787 4323 867 4384 aliquid
883 4322 1035 4386 abjiciendum
1050 4337 1145 4370 ceruus·

135 4385 205 4434 ”Ad
221 4389 338 4451 emoriens]
367 4391 427 4450 Lege
446 4403 498 4438 eum
519 4389 611 4450 sigonio
642 4390 721 4446 rimus,
729 4388 895 4450 legendumque
904 4403 956 4436 cum
967 4387 1084 4438 Gronouio
1094 4389 1148 4436 uicit

102 4451 402 4503 etGrouosioude-oneuler.
432 4455 537 4518 Uterque
547 4451 610 4503 euim
640 4454 800 4516 perscrutatio
811 4451 895 4502 Fuluii.

105 4517 186 4568 tumul
195 4519 220 4567 in
231 4517 323 4579 Liguria
332 4531 390 4568 erar.
466 4548 471 4558 ι
