3100 5194
462 369 667 434 mcxxxi
688 369 838 438 merx.
1149 388 1168 442 s
1277 448 1279 456 ,

125 528 174 594 Μ.
189 527 314 594 Valerio
329 527 460 610 Faltoni,
475 531 525 612 qui
541 540 651 613 pretor
667 529 765 611 priore
780 549 862 594 auno
877 526 1078 615 Campaniam
1094 555 1166 617 pto·
1179 549 1212 601 u.
1221 553 1252 602 c.
1263 553 1317 602 tta.
1339 563 1343 574 ·

125 617 258 680 vinciam
274 618 431 696 habuerat,
453 629 649 700 prorogatum
670 616 702 678 in
723 637 836 680 annum
855 619 1014 701 imperium
1031 633 1078 683 eet
1088 644 1098 700 3
1120 623 1166 686 uti
1178 619 1211 668 Α·
1222 615 1321 674 ΗΜ·

127 716 294 787 propraetor
309 705 341 765 in
357 701 527 766 Sardiniam
543 702 706 784 trajiceret,
720 715 812 785 atque
828 704 866 766 de
888 707 1041 786 exercitu„
1057 707 1108 788 qui
1124 707 1179 770 ibi·-

127 803 216 868 esset,
241 791 374 872 quinque
400 790 496 852 millia
522 790 640 852 socitim
663 791 795 852 nominis
817 787 928 870 Latini,
943 795 969 832 ³⁰
987 793 1037 874 qui
1063 814 1166 858 eorum

127 877 255 940 minime
270 875 368 940 multa
381 877 532 960 stipendia
551 876 700 955 heberet,f
712 877 835 960 legeret.
878 875 920 940 Et
935 879 1072 942 consules
1092 881 1167 943 dues

129 965 258 1026 urbanas
285 963 418 1045 legiones
443 964 572 1025 scribere
594 961 690 1045 jussi:
714 985 790 1046 qua,
816 964 841 1024 si
868 984 928 1045 quo
953 986 1000 1028 res
1019 977 1168 1049 posceret,
1242 965 1246 982 '

130 1051 232 1112 multis
255 1051 286 1112 in
302 1049 392 1112 ltalia
413 1053 439 1095 ³⁷
454 1050 604 1112 contactis
625 1050 765 1131 gentibus
789 1049 893 1114 Punici
915 1053 986 1114 belli
1010 1054 1168 1132 societate,

129 1138 233 1218 iraque
249 1135 320 1198 inde
335 1137 530 1215 tumentibus,
551 1137 752 1201 mitterentur.
796 1135 859 1228 Sex
873 1137 1041 1220 legionibus
1053 1139 1167 1206 Roma·
1180 1160 1292 1224 ugione·
1307 1164 1331 1216 6.
1437 1222 1440 1228 ,

131 1224 177 1284 uis
192 1245 231 1288 eo
247 1243 327 1286 armo
343 1243 434 1284 usura
449 1221 618 1306 respublica
633 1234 708 1286 erat.

173 1308 230 1371 lx.
254 1308 289 1371 ln
309 1310 375 1391 ipso
390 1310 540 1392 adparatu
559 1310 630 1371 belli
647 1309 738 1391 legati
761 1310 799 1370 ab
814 1329 884 1392 rege
900 1309 1062 1376 Ptolemaeo
1077 1335 1168 1378 vene·
1181 1341 1264 1405 tegni
1279 1344 1333 1394 Pto·

133 1405 213 1474 runt,
228 1398 254 1433 ³⁸
267 1397 317 1477 qui
331 1397 524 1474 nunciarunt,
546 1394 766 1458 ‘Athenienses
778 1395 920 1458 adversus
930 1397 1103 1481 Philippum
1114 1424 1169 1484 pe·
1181 1407 1266 1458 leuet.

131 1483 142 1514 ‘
158 1484 230 1544 tisse
241 1483 280 1544 ab
293 1504 362 1564 rege
371 1482 525 1545 auxilium.
541 1494 686 1561 ceterum,
698 1481 753 1542 etsi
764 1502 940 1546 communes
952 1485 1027 1548 socii
1039 1487 1109 1566 sint,
1122 1499 1169 1550 tn-

133 1569 143 1601 ‘
159 1589 240 1646 men,
255 1569 313 1630 nisi
329 1590 368 1630 ex
382 1570 562 1632 auctoritate
573 1568 677 1652 populi
693 1566 834 1647 Romani,
849 1590 947 1652 neque
962 1571 1100 1650 classem,
1116 1595 1169 1636 ne·

132 1655 143 1686 ‘
157 1675 216 1736 que
231 1656 398 1718 exercitum
414 1655 595 1719 defendendi
607 1665 659 1717 aut
669 1655 864 1737 obpugnandi
876 1655 1052 1739 cujusquam
1065 1681 1171 1724 caussa

133 1741 262 1822 ‘regem
277 1741 309 1804 in
323 1739 470 1804 Graeciam
490 1743 649 1804 missurum
672 1762 748 1803 esse.
791 1738 848 1804 Vel
865 1743 1037 1823 quieturum
1052 1768 1121 1808 eum
1138 1749 1169 1810 in

133 1828 143 1860 ‘
158 1849 263 1909 regno,
278 1829 304 1890 si
322 1829 435 1912 populo
451 1827 592 1890 Romano
608 1828 705 1890 socios
729 1827 888 1890 defendere
911 1830 1020 1910 liceat,
1044 1834 1090 1894 vel
1106 1832 1169 1896 Ro·

133 1914 143 1946 ‘
158 1935 266 1977 manos
281 1915 445 1996 quiescere,
460 1916 485 1976 si
501 1915 619 1994 malint,
638 1935 806 1998 passurum,
828 1928 919 1998 atque
935 1917 1033 2001 ipsum
1047 1920 1169 1997 auxilia,

133 1999 144 2032 ‘
158 2021 225 2082 quae
240 2000 330 2062 facile
345 2001 484 2080 adversus
500 2000 673 2084 Philippum
688 2001 764 2062 tueri
778 2001 915 2078 Athenas
938 2017 1072 2086 possent,
1096 2007 1169 2068 mis-

134 2086 145 2119 ‘
159 2086 282 2150 surum.'
298 2109 301 2118 ¹
320 2084 431 2150 Gratias
445 2089 509 2170 regi
524 2089 563 2150 ab
577 2098 686 2149 senatu
700 2098 786 2166 actae,
802 2109 1035 2172 responsumque
1047 2115 1056 2168 ;
1080 2090 1169 2154 ‘'I'u·

136 2173 146 2206 ‘
161 2175 219 2235 tari
235 2174 334 2236 socios
344 2175 458 2256 populo
471 2173 612 2236 Romano
627 2174 658 2234 in
673 2174 775 2236 animo
787 2195 871 2236 esse:
893 2177 919 2215 ³⁹
935 2175 960 2236 si
972 2197 1032 2258 qua
1042 2198 1073 2238 re
1084 2178 1124 2240 ad
1138 2178 1170 2240 id

135 2260 273 2322 ‘bellum
289 2281 364 2343 opus
379 2261 429 2338 sit,
449 2261 634 2324 indicaturos
658 2260 731 2342 regi.
753 2261 896 2341 regnique
918 2260 982 2343 ejus
1004 2261 1077 2344 opes
1092 2265 1169 2326 scire

137 2347 147 2379 ‘
162 2347 294 2408 subsidia
308 2346 396 2409 firma
409 2369 445 2408 ac
460 2346 562 2408 fidelia
580 2367 639 2408 sure
653 2346 825 2428 reipublicae
840 2345 927 2410 esse.’
971 2345 1102 2412 Munera
1116 2351 1170 2412 de·

141 2433 211 2494 inde
225 2433 332 2514 legatis
346 2434 377 2495 in
398 2433 531 2516 singulos
556 2437 583 2471 ⁴⁰
599 2432 726 2514 quiniim
746 2433 873 2494 millium
889 2434 953 2494 reris
973 2455 1011 2496 ex
1033 2447 1169 2499 senattrs·
1253 2441 1257 2450 '

141 2519 278 2582 consulto
288 2520 390 2582 misso.
417 2519 519 2592 Quum
531 2520 680 2582 delectum
692 2519 829 2580 consules
841 2519 998 2600 haberent,
1014 2534 1169 2604 pararent-

137 2625 206 2685 que,
221 2627 286 2687 qnae
300 2605 341 2668 od
355 2607 467 2668 bellum
481 2627 556 2688 opus
572 2616 691 2669 essent:
716 2605 819 2666 civitas
840 2605 990 2687 religiosa,
1009 2608 1040 2669 in
1056 2610 1170 2691 princi·

138 2691 195 2774 piis
210 2693 344 2754 manime
357 2713 502 2758 novorum
519 2691 674 2770 bellorum,
690 2692 956 2774 supplicationibus
971 2694 1081 2756 habitis
1094 2695 1171 2777 jam,

137 2789 169 2839 et
183 2779 392 2842 obsecratione
405 2781 487 2842 circa
502 2779 606 2842 omnia
618 2777 787 2862 pulvinaria
800 2777 892 2858 iacta,
907 2799 947 2842 ne
961 2780 1033 2861 quid
1048 2794 1172 2862 prater-

138 2864 321 2943 mitteretur,
331 2866 412 2948 quod
423 2866 586 2947 aliquando
595 2864 709 2928 facturn
719 2877 810 2943 esset,
820 2865 906 2926 ludos
915 2863 936 2926 J
938 2866 986 2926 ovi
998 2866 1171 2950 donumque

139 2971 244 3013 vovere
260 2952 425 3030 consulem,
448 2953 497 3014 cui
518 2952 673 3035 provincia
694 2948 878 3013 Macedonia
892 2951 1048 3031 evenisset,
1070 2952 1171 3034 jussit.

140 3034 261 3100 Moram
275 3049 345 3100 voto
360 3038 482 3120 publico
501 3037 632 3118 Licinius
655 3036 794 3120 pontifex
814 3037 963 3100 maximus
982 3039 1103 3118 adtulit,
1119 3042 1170 3122 qui

139 3125 271 3206 negarit,
293 3125 352 3188 ‘ex
362 3126 477 3189 incerta
487 3125 616 3208 pecunia
628 3127 653 3162 ⁴¹
667 3144 773 3186 vovere
786 3124 906 3203 debere,
921 3127 947 3164 ⁴²
960 3124 984 3187 si
997 3145 1034 3188 ea
1044 3128 1185 3212 pecunia·

556 3229 761 3282 tridentinen.

136 3315 138 3320 ’
174 3319 638 3384 wnemmaamrrtuqaun
671 3324 764 3398 mort·
898 3385 903 3398 .
1088 3389 1093 3401 .
1149 3390 1155 3404 ⁸

142 3387 241 3490 ”bi
258 3388 431 3502 him
447 3389 639 3514 dabit-:tt
672 3386 726 3512 ,t
739 3384 927 3499 {tutti}
947 3386 1170 3504 mittit

141 3516 193 3566 aa«
208 3517 350 3582 melier]
365 3517 400 3564 Ite
418 3532 444 3564 es
460 3515 596 3566 habentibus
612 3525 639 3562 ut
671 3529 789 3578 utcunque
809 3529 931 3580 exponere,
951 3519 1084 3582 accipiendo
1101 3522 1170 3584 parti-

143 3583 171 3629 ed
190 3596 228 3630 ese
244 3582 347 3644 contagio
362 3582 475 3631 societatis
493 3598 546 3632 cum
562 3579 640 3628 Ptenis
672 3579 746 3628 culam
758 3583 777 3628 ri
789 3595 830 3644 pro
844 3581 955 3643 dqrtidem,
969 3583 1012 3632 hoc
1022 3600 1104 3649 nempe
1119 3601 1169 3632 mo·

145 3649 168 3694 in
178 3646 239 3695 bello
255 3648 390 3711 pertineret,
407 3658 431 3696 et
440 3647 498 3696 hene
511 3646 539 3694 ob
550 3660 639 3694 murem
671 3647 708 3693 do.
741 3645 840 3706 Negavit
855 3647 961 3710 pontifex
973 3651 1083 3699 maximus
1093 3651 1168 3698 voveri

145 3713 177 3760 ira
186 3713 254 3760 tacita
265 3714 421 3788 eetmntibm.
437 3729 489 3778 quae
499 3711 639 3760 occasionem
671 3710 755 3759 debere
766 3711 831 3759 ludos
841 3727 870 3760 ex
881 3710 968 3789 incerta
978 3715 1115 3778 pecuniu‚id
1126 3726 1169 3792 est,

145 3778 418 3908 erqqop‘qpidqqqqqqerqppq]
435 3843 483 3892 llas
494 3858 560 3892 vocer
573 3842 639 3907 piene
672 3788 1134 3909 igiuniuigiiritiihmiioiiiiuhiiciiii?
1139 3797 1169 3894 ii

146 3921 290 3970 supervacuae
300 3909 400 3956 libenter
410 3923 570 3958 resecaremus.
673 3906 763 3968 quidem
774 3923 801 3954 ee
811 3907 914 3969 pecunie,
924 3908 945 3954 id
961 3921 1003 3966 est,
1012 3912 1107 3973 pecunie
1118 3919 1169 3958 vota

176 3972 198 4008 ’Β
213 3971 237 4018 Si
255 3985 299 4034 quo
313 3974 378 4020 read
395 3975 419 4020 id
435 3974 514 4022 bellum
531 3987 582 4034 opus
599 3968 638 4032 rit]
672 3970 697 4018 iu
719 3971 784 4019 iudos
803 3970 850 4036 jam
872 3987 918 4020 uon
934 3985 1023 4036 poterat
1045 3977 1068 4022 in
1083 3974 1169 4022 bellurn
1241 3993 1248 4008 ¹

146 4037 200 4087 MS.
214 4035 278 4085 Virt.
293 4040 314 4086 ri
333 4053 380 4100 que
396 4053 430 4084 rer
446 4039 477 4086 od
494 4037 572 4084 bellum
591 4049 643 4097 oput
674 4038 724 4083 mni
742 4051 799 4084 etas.
840 4037 898 4084 lino
920 4039 1012 4086 iortaane
1032 4047 1082 4086 eret
1104 4053 1169 4086 mena

15 4081 16 4100 Χ
60 4115 62 4122 “
144 4106 201 4150 rint:
216 4113 297 4180 Ικαις
313 4103 358 4150 uiri
375 4103 438 4152 malis
455 4103 532 4165 siquo
547 4115 641 4150 rer...
674 4102 800 4165 pontificias
817 4101 935 4150 Voventur
950 4101 998 4150 ludi
1019 4119 1048 4151 ex
1067 4103 1170 4166 pecuoie,

144 4177 314 4284 Ἥκω
334 4231 428 4280 aaut
443 4230 502 4294 tn]
532 4229 642 4292 aaut.
673 4182 725 4279 tl?
737 4165 1046 4294 ttttt'tttfflltth
1065 4167 1168 4292 tlh:

147 4297 215 4348 taillia
233 4297 284 4346 serie
293 4295 365 4360 gravis
380 4307 433 4344 emit
445 4296 563 4359 quingenti
572 4297 641 4370 dene:
674 4311 744 4360 eaque
762 4295 866 4360 seposita,
878 4294 924 4359 jam
938 4307 991 4370 'tota
1010 4299 1082 4345 cerarii
1098 4315 1168 4363 pecu-

146 4363 183 4420 rii,
199 4377 255 4439 qupe
269 4378 332 4452 peqer
349 4361 539 4440 facimusnmarcir
556 4371 643 4424 argenti
674 4363 712 4440 nia
729 4364 784 4410 huic
795 4362 842 4409 voti
853 4361 983 4438 obligationi
999 4363 1095 4440 obnoxia
1105 4364 1168 4413 ride.

145 4428 382 4542 tpqectiqqubuamum
397 4443 470 4476 unctu
484 4441 525 4476 sex
543 4437 567 4475 et
581 4441 640 4473 rem·
672 4425 1169 4554 ffinnfflgfcffipffitminnieifflffi

176 4558 196 4593 ⁴¹
224 4557 302 4610 rom
326 4557 413 4625 debere]
437 4557 514 4622 Megia
533 4556 638 4624 placeret:
672 4571 731 4613 eree.
762 4558 851 4626 ltaque,
867 4557 911 4612 uiri
932 4567 994 4610 certa
1015 4560 1110 4626 pecunie
1128 4575 1168 4608 ro·
