3026 5164
367 376 431 438 'trs
700 374 705 384 ’
791 365 874 428 ΤΙΤῙ
893 365 1010 427 letl·
1062 405 1065 410 -

205 549 240 602 u,
252 549 344 603 0571,
372 523 539 608 prolapsus,
555 542 658 588 secum
674 524 794 605 egisset.
821 524 833 556 ‘
842 523 918 584 nihil
933 541 1002 584 eurn
1014 521 1155 584 adversus
1170 531 1410 601 s'uonrmspun-

206 618 344 669 baetti.
373 612 383 644 ‘
398 631 489 692 quam
502 611 672 682 facturum:
688 629 866 690 nequeeum
879 631 943 672 sese
955 629 1030 684 esse,
1043 609 1093 690 qui
1105 609 1194 670 ullius
1209 607 1287 688 inpii
1300 607 1406 668 cornilii

372 698 503 760 ‘auctor
518 697 635 759 futurus
648 696 742 758 rideri
766 694 883 779 possit'
927 693 984 757 Hae
1008 695 1102 757 litere
1122 695 1216 756 fidem
1240 691 1408 754 Per-scieri-

370 784 502 846 minibus
517 783 663 846 fecerunt.
707 781 813 862 ltaque
825 781 1010 859 Herodorus,
1026 781 1180 863 extemplo
1192 781 1247 841 diu
1255 779 1408 841 mersch-

372 881 431 944 tus,
446 870 511 931 sine
528 869 640 930 indicio
656 863 698 930 rei
713 869 802 930 ullius
818 869 850 930 in
863 869 1020 930 tormentis
1034 869 1172 929 moritur.

207 960 355 1012 centrario·
414 952 530 1017 XXIV.
550 954 738 1017 Demetrium
761 957 869 1018 iterum
897 955 936 1016 ad
955 967 1071 1037 patrem
1098 954 1253 1016 accusarit
1279 951 1412 1014 Persem.

203 1029 336 1142 ἥξω
372 1041 445 1122 fuga
464 1061 518 1123 per
538 1040 689 1103 Paeoniam
716 1053 884 1122 praeparata
908 1043 1099 1122 arguebatur,
1126 1053 1157 1102 et
1180 1039 1321 1122 corrupti
1347 1039 1410 1119 qui-
1505 1049 1506 1052 ’

228 1158 233 1170 ·
276 1108 327 1210 ,⁸⁷
370 1127 454 1203 dam,
483 1140 517 1189 ut
540 1129 667 1190 comites
689 1128 805 1190 itineris
827 1138 947 1205 essent3
977 1129 1110 1188 maxime
1138 1127 1221 1188 falsae
1253 1127 1349 1188 liter're
1373 1123 1411 1187 T.
1496 1133 1506 1194 ,¹

371 1212 509 1283 Quinctii
524 1215 701 1296 urguebant.
724 1215 800 1276 nihil
827 1225 929 1276 tamen
955 1214 1057 1296 palam
1083 1214 1203 1294 gravius
1228 1212 1412 1295 pronuncia-

371 1297 439 1362 tuni
452 1300 490 1363 de
506 1322 543 1364 eo
559 1313 616 1378 est,
631 1313 665 1363 ut
680 1300 752 1362 dolo
768 1301 868 1383 potius
889 1301 1128 1362 interficeretur:
1155 1321 1213 1360 nec
1228 1299 1262 1360 id
1276 1319 1348 1360 cura
1361 1300 1412 1380 ip-
1506 1325 1507 1336 ¹

369 1386 442 1464 sius,
464 1387 519 1448 sed
540 1407 579 1448 ne
604 1407 696 1467 prena
717 1385 781 1468 ejus
801 1387 929 1448 consilia
943 1386 1083 1448 adversus
1097 1385 1255 1448 Romanos
1270 1385 1414 1446 nudaret.
1506 1423 1507 1448 r

368 1471 420 1534 Ab
441 1470 675 1534 Thessalonice¹
697 1472 924 1535 Demetriadem
945 1473 1002 1555 ipsi
1018 1493 1110 1554 quum
1125 1473 1287 1550 iterasset,
1313 1471 1410 1532 ”As-

370 1559 500 1620 terrumk
533 1558 657 1622 Paeoniae
695 1559 886 1620 Demetrium
919 1560 1015 1621 mittit
1048 1579 1118 1620 eum
1149 1559 1259 1620 eodem
1296 1558 1410 1620 comite

291 1677 294 1683 ·
369 1640 461 1720 Dida,
490 1646 513 1684 ⁸¹
526 1643 665 1707 Perseum
690 1644 910 1727 Amphipolim,
937 1645 977 1707 ad
1001 1645 1121 1706 obsides
1147 1641 1303 1706 Thracum
1327 1643 1411 1720 acci7

369 1730 507 1810 piendos.
522 1731 701 1812 digredienti
718 1733 760 1792 ab
772 1745 805 1792 se
819 1731 907 1793 Didae
921 1732 1068 1794 mandata
1086 1731 1201 1792 dedisse
1227 1731 1345 1792 dicitnr
1372 1729 1412 1790 de

369 1815 433 1878 lilio
458 1817 636 1880 occidendo.
682 1815 870 1879 Sacrificium
894 1818 933 1879 ab
959 1817 1041 1879 Dida
1066 1837 1118 1878 sen
1145 1809 1327 1894 institutum,
1353 1835 1413 1876 se}

368 1902 544 1966 simulatum
574 1915 631 1966 est.
663 1905 701 1969 ad
725 1904 808 1987 quod
832 1903 1045 1966 celebrandum
1070 1904 1212 1965 invitatus
1230 1903 1410 1965 Demetrius

201 1993 337 2056 besem
367 1989 408 2050 ab
429 1988 546 2052 Astraeo
573 1989 753 2052 Heracleam
779 1991 870 2052 venit.
895 1991 926 2050 in
950 2011 988 2052 ea
1013 2011 1102 2052 coena
1125 1991 1236 2052 dieitur
1257 2009 1407 2052 venenum
1508 2021 1509 2028 .

201 2083 305 2122 meur.
368 2075 484 2137 datum.
528 2075 640 2138 Poculo
655 2088 758 2159 epoto,
774 2077 928 2159 exmnrplo
943 2077 1046 2137 sensit.
1069 2088 1100 2137 et
1114 2097 1189 2138 mox
1211 2077 1322 2137 coortis
1348 2075 1407 2135 do-
1508 2083 1509 2086 ’

368 2161 492 2239 loribus,
507 2162 613 2226 relicto
628 2164 776 2238 convivio,
792 2183 885 2244 quum
911 2163 942 2224 in
963 2163 1134 2224 cubiculum
1151 2163 1311 2244 recepisset
1324 2177 1406 2238 sese,

367 2248 687 2332 crudelitaternpatris
711 2269 907 2330 conquerens,
932 2249 1126 2332 parricidium
1151 2248 1263 2324 fratris,
1285 2267 1321 2308 ae
1344 2245 1406 2306 Dl-

366 2333 531 2397 descetus
557 2337 707 2412 incusans,-
731 2337 935 2416 torquebatur.
959 2336 1122 2397 intromissi
1149 2333 1260 2402 deinde
1281 2331 1408 2416 Thyrsis
1509 2367 1510 2372 κ

365 2420 490 2502 quidam
514 2419 683 2483 Stuberaeus
709 2433 741 2482 et
763 2420 911 2483 Beroeaeus
935 2421 1119 2497 Alexander,
1144 2419 1265 2500 injectis
1292 2420 1407 2502 tapeti·
1509 2463 1510 2468 ,

366 2506 474 2568 busin
501 2519 593 2589 caput
613 2509 783 2590 faucesque,
807 2508 945 2589 spiritum
968 2509 1207 2570 intercluserunt.
1250 2505 1300 2568 lta
1315 2508 1405 2567 inno·

365 2591 433 2652 xius
448 2593 634 2670 adolescens,
649 2615 741 2674 quum
757 2595 788 2654 in
804 2615 841 2655 eo
856 2615 894 2655 ne
910 2595 1039 2676 simplici
1058 2593 1179 2675 quidem
1192 2613 1302 2674 genere
1318 2603 1405 2654 mor·
1510 2617 1511 2624 ¹

365 2677 404 2738 tis
419 2680 556 2740 contenti
571 2679 685 2740 inimici
700 2680 836 2756 fuisssrrt,
851 2669 1038 2742 interficitur.

135 2786 141 2800 ·
196 2779 330 2830 Reium.
407 2761 509 2824 XXV.
539 2763 622 2828 Dum
648 2765 711 2828 haec
741 2766 773 2827 in
799 2763 983 2828 Macedonia
1010 2777 1159 2847 geruntrr,
1186 2764 1220 2827 Is.
1247 2762 1401 2826 AEmilins'

196 2846 345 2912 nuisem-
365 2847 497 2928 Paullus,
523 2861 687 2934 prorogato
713 2872 752 2912 ex
774 2853 934 2938 consulatu
954 2853 1093 2935 imperio,
1115 2853 1253 2934 principio
1265 2851 1345 2912 veris
1360 2851 1400 2913 in

364 2933 492 3017 Ligures
521 2935 672 3018 Ingaunos
702 2938 868 2999 exercitum
898 2939 1077 3001 introduxit.
1123 2935 1184 3000 Ubi
1207 2939 1339 3020 primum
1364 2938 1403 2998 in

365 3023 499 3084 bostium
521 3023 630 3085 finibus
652 3035 752 3086 castra
773 3025 884 3107 posuit,
907 3025 999 3106 legati
1022 3025 1165 3100 adeum,
1192 3045 1245 3106 per
1266 3024 1405 3106 speciem

364 3109 448 3191 pacis
474 3110 620 3191 petendae,
651 3111 839 3190 speculatum
867 3122 1022 3172 venerunt.
1044 3123 1175 3193 negante
1199 3109 1314 3186 Paullo,
1342 3110 1405 3170 nisi

364 3215 434 3258 cum
458 3195 568 3258 deditis
583 3197 695 3277 pacisci
710 3217 745 3258 se
758 3215 876 3279 pacem,
902 3215 963 3258 non
978 3211 1041 3258 tarn
1057 3198 1089 3258 id
1105 3197 1294 3274 recusabant,
1309 3213 1407 3276 quam

363 3293 502 3363 tempore
517 3303 592 3365 opus
608 3303 672 3344 esse
689 3284 821 3360 aiebant,
836 3295 871 3345 ut
883 3284 987 3365 generi
1012 3284 1124 3364 agresti
1147 3283 1306 3364 hominum
1331 3303 1407 3364 per-

363 3367 548 3430 suaderetur.
574 3368 614 3429 ad
638 3369 697 3430 hoc
721 3369 826 3431 decern
853 3369 969 3430 dierum
993 3369 1124 3431 induciae
1137 3389 1231 3452 quum
1247 3369 1405 3446 darentur,

362 3455 640 3536 petieruntdeinde,
654 3456 714 3516 ‘ne
724 3466 807 3518 trans
817 3465 935 3518 montes
946 3457 1099 3537 proximos
1109 3455 1403 3537 castrispsbulstdnr
1510 3519 1511 3542 ,

361 3541 372 3572 ⁴
388 3541 595 3624 lignatumque
608 3541 720 3604 milites
735 3543 823 3604 irent.
837 3543 920 3604 culta
930 3563 967 3604 ea
978 3541 1046 3604 loca
1060 3561 1182 3604 suornm
1197 3541 1304 3602 finium
1317 3539 1406 3602 esse!

361 3623 398 3687 Id
414 3628 465 3688 ubi
480 3628 687 3710 impetravere,
702 3641 772 3710 post
788 3649 840 3690 eos
864 3629 944 3710 ipsos
968 3643 1097 3706 montes,
1124 3628 1205 3690 unde
1231 3637 1407 3689 averterant

360 3713 492 3792 hostem,
507 3715 642 3776 exercitu
665 3717 748 3776 omni
772 3717 892 3791 coacto,
917 3727 1040 3796 repente
1064 3714 1259 3776 multitudine
1285 3713 1407 3794 iugepti

358 3810 461 3876 castra
484 3799 689 3862 Romanorum
716 3802 889 3884 obpugnare
904 3800 992 3862 simul
1008 3801 1147 3862 omnibus
1163 3801 1259 3882 portis
1274 3800 1407 3882 adgres-

456 3993 700 4050 *tarnatensem
866 3993 1000 4064 *Asterium
1008 3975 1225 4048 GrossAEurraeum
1234 3999 1306 4048 ΟΜ.

296 4154 299 4159 “
391 4149 541 4200 ⁸⁰AEstroeunr
554 4147 654 4212 Peonie]
677 4149 713 4198 Sic
724 4161 779 4198 vett.
790 4151 859 4200 editi:
892 4153 954 4201 salire
975 4165 1018 4212 est,
1038 4170 1084 4202 non
1107 4152 1214 4203 Paeonire.

355 4225 383 4262 et
393 4217 483 4264 firmant
498 4214 632 4282 scriptorum
642 4215 786 4278 antiquorum
795 4219 860 4264 testi·
925 4219 946 4252 ⁸¹
961 4219 1061 4267 Perseum
1086 4219 1240 4281 Amphipolin]
1276 4219 1343 4268 Olim
1372 4222 1409 4269 nd

359 4281 443 4328 monis.
471 4281 523 4328 l‘id.
541 4281 604 4328 cnr.
624 4280 737 4328 Hardnin.
752 4285 779 4328 ad
802 4281 860 4330 Plin.
894 4281 1066 4345 Pbilifrpxrpolisn.
1108 4284 1211 4334 Mutavit
1237 4285 1348 4344 Sigonius
1371 4299 1407 4332 ει

356 4343 376 4391 l.
389 4356 425 4396 tv,
443 4361 464 4392 c.
484 4348 521 4393 10.
532 4345 588 4394 Vict
604 4347 684 4402 codem
700 4358 726 4393 ut
744 4358 768 4393 et
786 4347 864 4410 scripti
896 4349 1007 4396 Prisciani
1024 4347 1041 4398 l.
1059 4363 1106 4398 vn.
1126 4349 1165 4396 ubi
1183 4349 1236 4397 brec
1257 4351 1316 4398 Livii
1334 4351 1409 4398 rerba

358 4408 480 4469 Sigoniani,
490 4411 611 4457 Artraerrmr
629 4414 689 4459 unde
701 4411 804 4471 Sigonius
817 4413 860 4474 legi
893 4415 1001 4462 citantur.
1032 4413 1126 4462 Medius
1147 4429 1240 4476 quoque
1259 4427 1360 4466 testatur
1379 4417 1412 4464 in

356 4477 454 4538 jusserat
462 4475 578 4522 Areten.
601 4475 646 4526 Sed
661 4476 778 4526 Asterium
786 4477 860 4528 'shes-
893 4477 1030 4528 membrsnis
1040 4481 1086 4528 ruis
1099 4479 1142 4541 legi
1152 4480 1310 4543 Amphipolim.
