3044 5194
382 365 420 423 aa
779 413 781 418 ,
804 356 888 422 ΤΙΤΙ
907 356 1008 420 alvu
1075 412 1097 422 ..

213 519 349 569 uentu
380 518 518 599 pugnam
530 523 674 599 creptam.
689 513 861 579 “arbitrari
885 523 997 597 posset.
1042 513 1142 581 Nocte
1155 515 1267 580 itinera
1289 518 1354 582 fieri
1374 519 1427 601 ju-

212 586 245 636 A.
257 585 286 634 Β·
299 583 353 635 ¹⁹⁸·
379 604 443 680 het,
461 600 506 680 (ct
519 623 636 686 pernox
651 603 729 664 forta
749 603 821 667 luna
845 601 924 680 eret)
953 602 1086 666 interdiu
1104 603 1357 686 cibiquietisque
1373 627 1426 670 str-

300 687 302 690 ’
381 701 477 752 meret
505 701 636 772 tempus.
666 689 773 754 ducem
803 686 958 770 promissis
987 689 1162 770 ingentibus
1194 702 1369 770 oneratum,
1398 694 1425 758 si

380 775 455 838 tides
478 787 611 854 euentu,
636 775 770 840 vinetum
791 784 894 837 tamen
917 775 1040 840 tribuno
1068 776 1196 840 tradit&
1240 775 1300 840 His
1325 779 1425 862 copiis

380 862 425 924 its
439 863 580 941 dimissis,
596 881 633 926 eo
648 860 792 924 intentius
807 858 998 928 ⁴⁵Romanus
1012 861 1145 944 undique
1160 864 1256 926 instat
1270 866 1340 948 capi
1356 875 1423 928 stas

382 949 496 1012 tiones.

215 1048 338 1105 aoracum
424 1035 497 1098 XII.
519 1033 644 1098 Interim
671 1035 720 1096 die
744 1041 838 1102 tertio
858 1035 1120 1117 quumvertlcern,
1146 1055 1236 1118 quern
1257 1039 1424 1120 petierent,

213 1115 342 1191 sappum:
381 1121 513 1184 Romani
524 1121 645 1203 cepisse
661 1134 871 1188 tetenstete
898 1123 981 1184 fuum
1002 1122 1226 1204 significarentt
1251 1140 1316 1188 tum
1341 1147 1422 1204 vero,

213 1178 351 1244 Philippum,
380 1208 528 1270 trifariam
545 1208 646 1270 divisis
661 1209 768 1290 copiis,
788 1209 896 1274 consul
918 1207 996 1271 valle
1018 1209 1121 1272 media
1136 1231 1206 1274 cum
1223 1211 1356 1274 militum
1372 1233 1423 1274 ro.-

380 1295 455 1356 hore
466 1294 623 1356 succedit:
647 1315 761 1358 cornua
776 1299 884 1360 dextra
908 1296 1037 1376 laevaque
1064 1296 1343 1360 admovetcastris.
1367 1319 1422 1362 nse

378 1383 500 1462 segnius
515 1382 618 1444 hostes
637 1381 756 1444 obviam
780 1397 875 1448 eunt:
900 1394 941 1459 et,
968 1381 1051 1458 dum,
1076 1383 1221 1446 aviditate
1246 1384 1421 1446 certaminis

379 1468 525 1550 provecti,
542 1479 630 1530 extra
645 1471 830 1534 munitiones
844 1479 991 1554 pugnant,
1007 1468 1088 1530 haud
1105 1470 1208 1551 paullo
1223 1471 1360 1551 superior
1376 1481 1421 1534 est

379 1553 536 1618 Romanus
556 1555 655 1632 miles,
676 1567 708 1617 et
723 1558 844 1634 virtute,
868 1567 900 1618 et
923 1555 1064 1632 scientia,
1087 1567 1120 1617 et
1133 1576 1285 1620 armorum
1302 1577 1422 1638 genere.

380 1638 556 1722 Postquam,
581 1638 684 1724 multis
704 1644 866 1723 vulneratis
880 1640 1118 1722 interfectisque,
1142 1663 1284 1724 recepere
1299 1664 1332 1704 se
1348 1645 1422 1725 regii

379 1725 411 1789 in
427 1727 504 1804 loca,
520 1739 574 1790 aut
588 1728 788 1808 munimento,
810 1741 863 1794 aut
876 1739 986 1791 tratura
999 1737 1076 1806 tuta,
1102 1738 1234 1792 verterat
1251 1730 1419 1810 perieulum

351 1830 355 1836 ·
379 1812 411 1874 in
426 1813 592 1892 Romanos,
611 1825 725 1878 temere
740 1817 771 1882 iu
786 1816 856 1878 loca
869 1816 984 1896 iniqua,
1006 1835 1062 1876 noo
1082 1814 1187 1878 faciles
1208 1815 1247 1876 ad
1263 1827 1419 1898 receptum

212 1913 365 1974 austrono-
380 1901 533 1982 angustias
559 1919 742 1982 progressos.
770 1921 868 1984 neque
892 1901 1032 1984 inpunita
1054 1902 1227 1964 temeritate
1249 1901 1320 1964 iude
1337 1923 1419 1966 reeo-

211 1981 354 2058 ,fflffif‘ssl‘ss
378 1987 493 2068 pissem
517 2007 593 2065 sese,
615 1987 646 2048 ui
661 1988 776 2052 clamor
795 1990 926 2072 primum
947 1987 985 2048 ab
1002 1999 1089 2067 tergo
1105 1987 1235 2064 nuditus,
1258 1987 1331 2050 dein
1342 2009 1419 2070 pug-

153 2141 157 2150 ¹
211 2048 355 2173 imma
377 2093 418 2136 ua
433 2073 527 2136 etiarn
542 2085 655 2155 crepta,
681 2087 817 2138 autentas
844 2075 1002 2158 repentino
1027 2083 1142 2136 terrore
1166 2075 1266 2154 regios
1289 2073 1418 2138 fecisset.

378 2157 450 2222 Pars
476 2161 508 2222 iu
533 2159 636 2241 urgan
655 2160 740 2224 effusi
756 2173 846 2224 sunt:
870 2165 974 2243 ‘fpars
998 2161 1106 2241 magis,
1130 2160 1220 2240 quiar
1243 2160 1327 2222 locus
1342 2162 1418 2242 fuga

378 2245 493 2324 deerat,
510 2267 601 2327 quarn
624 2247 707 2328 quod
728 2249 821 2310 enimi
837 2248 910 2310 satis
925 2258 1006 2309 esset
1018 2247 1056 2308 ad
1071 2265 1218 2329 pugnam,
1239 2265 1332 2329 quum
1347 2249 1417 2309 sub⁴

377 2332 537 2409 stitissent,
553 2333 591 2394 ab
607 2333 705 2410 hoste,
721 2347 753 2396 et
766 2355 786 2395 o
798 2333 898 2397 fronte
913 2346 945 2395 et
960 2333 1000 2396 ab
1014 2344 1101 2413 tergo
1116 2345 1271 2413 urguente,
1287 2334 1418 2396 circum⁴

376 2419 460 2482 venti
482 2429 562 2480 runt.
604 2417 706 2482 Deleri
730 2430 813 2482 totus
835 2419 984 2482 exercitus
1005 2419 1116 2500 potuit,
1139 2420 1166 2480 si
1188 2419 1338 2500 fugientes
1353 2441 1419 2502 per·

378 2504 473 2566 secuti
502 2504 633 2566 vientes
661 2515 783 2567 essem:
815 2506 869 2567 sed
890 2505 1023 2587 equitem
1054 2505 1198 2586 angustie
1225 2505 1420 2589 locorumque

378 2588 537 2672 asperitas,
559 2590 694 2672 peditem
716 2611 867 2654 murorum
892 2591 1034 2673 grunitu,
1049 2591 1186 2672 inpediit.
1229 2589 1296 2658 Res
1318 2593 1418 2673 primo

379 2675 472 2738 efflue
495 2695 531 2738 ac
554 2676 655 2738 ⁴⁷sine
675 2688 814 2758 respectu
829 2678 925 2760 fugite
950 2676 1031 2755 dein,
1053 2677 1184 2758 quinque
1196 2675 1324 2740 millium
1346 2697 1419 2760 sps·

378 2761 457 2822 tium
479 2781 665 2843 progressus,
686 2783 780 2844 quum
795 2785 833 2826 ex
853 2763 1015 2846 iniquitate
1030 2763 1177 2842 locorum,
1202 2759 1234 2828 id
1247 2763 1418 2844 quoderat,

377 2847 548 2930 suspicatus
573 2861 664 2927 eust,
689 2851 772 2930 sequi
795 2871 858 2914 noo
882 2850 1121 2933 possehostcm,
1145 2849 1281 2914 substitit
1309 2849 1342 2914 in
1368 2861 1418 2914 tus

379 2933 463 2996 mulo
488 2934 633 3014 qaudam,
664 2936 838 3018 dimisitque
864 2957 935 2998 suos
954 2957 1008 3019 per
1031 2938 1135 2998 omnis
1155 2934 1232 3017 juge
1257 2935 1418 3016 vallesque,

379 3020 430 3101 qui
450 3020 570 3102 palatur
590 3022 621 3086 in
636 3040 730 3084 unum
745 3023 945 3104 conligerent.
989 3019 1061 3086 Non
1075 3022 1141 3104 plur
1158 3023 1274 3087 duobus
1289 3021 1419 3086 millibus

380 3105 538 3168 hominum
569 3106 698 3187 amissis,
729 3119 830 3172 cetera
859 3109 958 3172 omnis
988 3108 1163 3187 multitudo,
1193 3109 1277 3172 velut
1300 3109 1418 3190 signant

377 3191 503 3274 aliquod
527 3205 643 3272 secuta,
667 3194 698 3258 iu
724 3215 818 3260 unum
843 3215 936 3277 quum
961 3194 1162 3272 conuenisset,
1189 3195 1340 3280 frequenti
1366 3215 1418 3276 ag·

212 3290 314 3370 aaa·
378 3277 461 3343 mine
483 3290 592 3362 potunt
606 3279 808 3345 Thessaliam.
851 3280 994 3360 Romani,
1021 3281 1122 3363 quoad
1142 3294 1244 3346 tutum
1264 3281 1322 3346 fuit
1339 3281 1418 3354 inse

211 3357 352 3435 Thessalam
377 3367 455 3444 cuti,
469 3367 618 3430 cedentes
632 3369 858 3450 spoliantesque
880 3389 983 3445 caros,
1006 3378 1107 3430 osana
1128 3368 1225 3449 regia,
1245 3367 1339 3434 etiam
1358 3366 1420 3436 siut

212 3423 278 3484 Ψ·
381 3449 588 3515 defensoribus
609 3454 723 3516 difficili
744 3455 839 3534 aditu,
859 3455 1025 3538 diripiunt:
1049 3465 1141 3535 atque
1156 3475 1194 3516 ea
1207 3465 1298 3516 nocte
1315 3453 1346 3516 in
1362 3454 1418 3514 suis

379 3538 485 3598 castris
502 3547 688 3602 manserunt.

212 3627 321 3692 sequatur
421 3621 511 3696 xlfl.
535 3623 659 3689 Postero
674 3627 723 3690 die
739 3629 845 3692 consul
860 3647 914 3710 per
934 3627 1015 3710 ipsas
1032 3629 1197 3711 angustias,
1219 3646 1327 3710 quase
1343 3625 1419 3688 inter

210 3697 300 3744 aaut.
378 3709 471 3772 valles
486 3709 597 3773 fiumen
612 3712 756 3792 insinuat,
780 3716 900 3777 hostem
920 3715 1065 3799 sequitur.
1109 3713 1177 3778 Rex
1198 3715 1297 3796 primo
1320 3711 1369 3773 die
1384 3713 1421 3774 ad

350 3794 487 3859 ‘Castra
515 3795 620 3884 Pyrrhi
649 3799 796 3886 pervenit.
824 3803 851 3840 ⁴⁸
864 3799 957 3884 iocus,
984 3821 1074 3884 quem
1101 3801 1145 3863 ita
1169 3811 1291 3877 vocant,
1321 3797 1420 3860 estin

420 3909 532 3996 “emmer
542 3930 604 3998 Rup.
701 3931 984 3990 ¹rruds'dltGrcn.Crer.
1081 3935 1215 3996 ’peremtis
1225 3932 1296 3996 magis
1305 3929 1380 3978 Gran.

381 4093 384 4098 .
407 4045 428 4083 ⁴¹
449 4047 561 4097 amma
581 4049 660 4114 pauo]
686 4047 804 4098 'frilrrnur
821 4047 881 4097 mu·
914 4051 967 4112 pria
978 4051 1055 4113 magis.
1078 4047 1419 4098 Hurlerisulttrrsenemeu·

376 4122 438 4170 turo,
448 4115 488 4174 qni
496 4113 540 4162 rori
550 4117 644 4174 negorio
654 4126 757 4179 preerat.
912 4114 975 4161 dario
989 4115 1072 4162 uirum
1085 4125 1176 4164 emtum
1187 4114 1321 4177 conjecturs
1332 4109 1420 4161 Mureti

408 4177 430 4210 ⁴⁵
447 4177 559 4226 liemarus
575 4181 673 4241 uudiqrrs
689 4183 756 4228 irutut
774 4179 824 4240 erpi
837 4187 882 4226 nu·
915 4190 939 4228 et
950 4179 1069 4228 Gronorii.

377 4238 456 4299 turres]
476 4239 562 4290 Consul
573 4246 641 4307 ‚seuit
651 4245 738 4308 ,mutter
753 4247 780 4292 ed
793 4243 881 4308 pollen·
947 4245 969 4282 ⁴⁷
980 4244 995 4273 ⁶
1011 4244 1063 4292 Sine
1079 4243 1186 4307 remoto]
1209 4243 1330 4306 Nusquam
1350 4241 1419 4306 respl-

376 4303 417 4350 dor
426 4305 526 4367 undique
537 4306 614 4356 hostes
625 4311 790 4358 suasionibus.
913 4308 986 4365 deur,
995 4323 1108 4359 natrano
1117 4313 1210 4358 flectent
1221 4319 1297 4371 crput·

408 4367 431 4402 ⁴⁶
448 4367 662 4442 Pmmgraqse]
679 4375 727 4424 Hie
745 4375 882 4423 venumda
946 4375 968 4408 ⁴⁸
990 4373 1062 4423 frma
1086 4391 1148 4437 qum
1168 4377 1202 4423 lta
1227 4382 1316 4429 ruunt,
1339 4380 1371 4420 st
1396 4373 1418 4419 la

376 4443 412 4486 eu
434 4434 517 4498 lterum
542 4437 712 4501 panicularum,
741 4457 792 4503 quse
815 4439 882 4500 vulgo
916 4425 1045 4502 septuns]
1070 4442 1130 4490 Hanc
1150 4440 1259 4488 mendosa
1275 4448 1339 4486 rant.
1371 4435 1420 4484 Tris

375 4500 474 4549 mulcet
491 4505 806 4568 prepotenteppnmrurz
826 4502 883 4554 Pure
913 4503 1067 4570 phyllueuitq
1078 4516 1114 4556 est
1127 4505 1156 4556 ,lu
1173 4503 1340 4572 Pelopeum.
1373 4499 1420 4551 lle·
