3122 5194
401 385 479 445 ura.
492 343 649 448 xxxva
670 388 751 448 cnr.
765 389 909 449 xxxrv.
1112 399 1179 462 ,sor

127 554 162 596 se
178 537 339 600 convenire
350 538 448 620 jubet,
459 563 498 603 ne
512 543 714 608 violarentur:
739 556 771 608 et
785 547 817 608 in
833 546 983 623 omnibus,
998 567 1063 628 qua
1078 547 1170 630 ipsius
1184 555 1217 607 U.
1227 556 1326 614 caco.
1385 605 1389 612 .

124 625 289 704 potestatis
312 624 445 706 suerunt,
469 628 544 690 fides
568 631 707 693 cmrstitit
721 633 866 712 pretoria.
911 631 1036 710 Urbem,
1062 624 1318 715 agros-⁸¹⁰¹*

124 725 195 790 que,
210 723 245 772 et
257 731 325 772 snas
339 712 423 794 leges
438 715 474 776 iis
490 715 643 778 restituit:
667 732 709 794 ct,
721 717 868 800 quiajam
880 719 977 782 lrieurs
991 719 1167 802 adpetebat,

124 790 259 858 Phocaeae
273 809 378 878 portus
394 801 433 862 ad
449 801 669 864 hibernandum
683 804 773 866 classi
788 805 910 886 delegit

61 903 67 909 ·
168 880 320 946 XXXlll.
333 917 342 928 „
357 885 413 948 Per
448 887 529 950 idem
567 889 629 951 fere
667 899 786 972 tempus
822 891 948 969 cumuli,
978 903 1166 974 transgresso

123 963 289 1032 AEniorum
314 969 593 1056 Maronitarumque
618 974 703 1053 lines,
726 977 896 1056 nunciatur,
918 979 1029 1042 victam
1051 980 1165 1060 regiam

123 1055 255 1118 classem
286 1057 325 1120 ad
355 1056 570 1143 Myonnesum,
600 1062 798 1144 relictamque
819 1085 839 1124 a
859 1065 998 1146 prasidio
1028 1063 1165 1148 Lysima-

121 1140 226 1204 chiam
252 1164 327 1206 esre.
371 1145 444 1208 ο71ιί
468 1148 575 1226 multo,
601 1169 692 1230 quam
719 1148 757 1210 de
784 1149 883 1212 navali
907 1150 1055 1229 victoria,
1068 1151 1163 1214 latius

124 1226 205 1290 fuit:
228 1230 334 1312 utique
349 1245 509 1317 postquam
532 1255 569 1296 ec
583 1247 738 1314 venerunt,
759 1235 927 1318 refertaque
942 1238 1013 1299 urbs
1028 1237 1163 1302 omnium

124 1333 225 1378 rerum
240 1320 470 1398 commeatibus,
492 1321 577 1383 velut
599 1323 631 1384 in
654 1317 816 1384 adventum
841 1323 990 1400 exercitus
1014 1345 1163 1406 praepara·

121 1399 174 1479 tie,
195 1423 247 1464 ecs
263 1406 402 1487 excepit3
433 1408 485 1469 ubi
500 1409 635 1489 inopiam
650 1409 789 1470 ultimam
810 1409 1005 1492 laboremque
1026 1410 1058 1472 in
1081 1411 1163 1472 obei-

123 1485 227 1550 denda
251 1491 324 1553 urbe
350 1492 407 1554 sibi
430 1504 658 1576 proposuerant.
703 1493 748 1556 lbi
771 1515 884 1577 paucos
901 1495 966 1558 dies
982 1496 1092 1558 stativa
1107 1496 1162 1561 ha-

121 1572 225 1652 buere,
240 1587 276 1638 ut
300 1577 507 1660 inpedimenta
531 1581 661 1661 agrique
682 1591 947 1661 consequerentur,
973 1581 1024 1662 qui
1048 1582 1162 1662 passim

121 1679 178 1742 per
205 1663 307 1726 omnia
320 1661 459 1728 linaria
473 1668 609 1746 castella,
635 1666 707 1729 lessi
734 1669 761 1708 ⁹⁸
770 1667 883 1730 morbis
909 1689 945 1730 ac
972 1667 1162 1749 longitudine

121 1746 189 1825 rie,
213 1749 309 1812 relicti
335 1763 432 1814 erant.
487 1752 630 1836 Receptia
652 1754 802 1832 omnibus,
831 1754 958 1835 ingressi
982 1773 1081 1816 rursus
1105 1755 1162 1818 iter
1274 1769 1284 1792 ·

122 1853 178 1915 per
204 1832 435 1916 Chersonesum,
461 1837 694 1922 Hellespontum
725 1841 911 1923 perueniunt.
933 1841 995 1919 ubi,
1021 1839 1161 1904 omnibus
1174 1852 1312 1919 Relapsa·

120 1937 196 1982 cura
220 1923 297 2003 regis
327 1923 471 1988 Eumenis
503 1927 543 1988 ad
572 1925 782 2008 trajiciendum
804 1926 989 2009 praeparatis,
1018 1925 1102 1988 velut
1130 1921 1327 1992 pneumaque.

119 2019 234 2087 pacata
255 2009 355 2088 litora,
380 2013 464 2074 nullo
487 2013 676 2095 prohibente,
704 2013 769 2074 aliis
799 2013 861 2074 alio
888 2012 997 2074 delatis
1026 2012 1161 2090 navibus,

119 2092 188 2154 sine
201 2096 332 2158 tumultu
352 2097 509 2180 trajecere.
550 2097 597 2162 Ea
609 2119 680 2160 varo
695 2119 742 2160 res
765 2097 910 2161 Romanis
925 2099 1011 2160 auxit
1032 2099 1162 2178 animos,

119 2197 300 2244 comessum
323 2184 380 2246 sibi
404 2186 531 2246 transire
557 2185 749 2247 cernentibus
764 2185 796 2245 in
819 2183 948 2262 Asiam3
980 2204 1072 2268 quam
1094 2205 1159 2248 rem

119 2266 226 2348 magni
249 2271 421 2332 certaminis
443 2271 576 2333 futuram
598 2271 799 2333 crediderant.
850 2267 970 2332 Statius
990 2270 1100 2332 deinde
1121 2271 1163 2332 ad

118 2347 356 2436 Hellespontum
370 2357 554 2440 aliquamdiu
576 2357 756 2434 habuerunt,
776 2357 849 2438 quia
862 2357 964 2420 ⁹”dies
979 2355 1069 2434 forte,
1090 2357 1160 2436 qui·
1191 2365 1196 2375 ’

118 2437 178 2502 bus
194 2440 306 2502 ancilia
329 2455 499 2522 moventur,
512 2444 644 2526 religiosi
661 2444 701 2505 ad
719 2444 777 2506 iter
791 2443 970 2506 inciderant.
985 2443 1079 2506 iidem
1093 2443 1160 2506 dies

119 2519 155 2586 P.
180 2522 357 2608 Scipionem
377 2531 519 2612 propiora
549 2529 643 2592 etiam
676 2530 831 2611 religione,
861 2529 933 2610 quia
964 2525 1062 2590 Salius
1084 2537 1161 2605 erat,

119 2609 334 2691 disjunxerant
346 2616 387 2676 ab
412 2617 568 2680 exercitu:
591 2635 755 2698 numaque
780 2627 812 2678 et
834 2616 859 2678 is
883 2616 948 2699 ipse
970 2635 1062 2678 more
1087 2623 1163 2692 erat,
1232 2638 1242 2664 ·
1365 2651 1366 2658 .

120 2695 195 2758 dnm
210 2713 452 2781 consequeretur.
1181 2769 1184 2774 .

163 2781 314 2850 XXXIV.
338 2785 393 2848 Per
413 2808 465 2849 eos
487 2787 566 2850 forte
589 2789 652 2850 dies
674 2789 791 2870 legatus
812 2788 854 2848 ab
874 2785 1030 2850 Antiocho
1057 2787 1088 2848 in
1108 2805 1162 2850 ωδ
1175 2806 1275 2868 togam

120 2879 321 2934 convenerat
344 2871 509 2958 Byzantius
526 2873 721 2953 Heraclides,
748 2875 786 2936 de
808 2894 884 2956 pace
907 2873 1047 2936 adferens
1074 2891 1161 2936 mao-
1174 2871 1318 2922 Antiochiae

119 2955 215 3018 data:
253 2979 344 3039 quam
370 2960 592 3042 impetrabilem
619 2961 694 3038 fore,
719 2981 863 3041 magnam
887 2961 914 3022 ei
938 2980 1024 3042 spem
1050 2952 1237 3022 adtulitm·

119 3062 207 3106 mora
235 3056 268 3106 et
289 3047 443 3108 cunctatio
466 3046 693 3124 Romanorum,
732 3065 819 3127 quos,
840 3046 929 3108 simul
951 3045 1056 3108 Asiam
1080 3044 1160 3106 adti-

118 3129 246 3210 girsent,
267 3131 362 3194 effuso
393 3131 514 3214 agmine
544 3135 583 3196 ad
615 3143 716 3196 castra
744 3133 828 3213 regia
858 3133 952 3219 ituros
981 3131 1162 3194 crediderat.

118 3211 236 3279 Statuit
261 3225 362 3280 tamen
385 3239 447 3280 non
469 3220 550 3300 prius
570 3219 655 3281 adire
677 3218 844 3295 corrsulem,
866 3238 958 3299 quarn
980 3215 1013 3278 P.
1040 3214 1160 3298 Scipio·

117 3321 214 3364 nem:
237 3314 269 3366 et
286 3305 331 3366 ita
343 3305 522 3368 mandatum
544 3307 583 3368 ab
598 3326 669 3388 rege
682 3315 758 3368 crat.
779 3305 812 3366 in
827 3323 865 3365 ec
885 3304 1052 3366 maximam
1074 3321 1160 3384 spem

118 3387 263 3467 habebat,
279 3395 288 3429 ¹
303 3402 500 3473 preterquam
524 3392 605 3476 qu'od
618 3403 652 3455 et
665 3389 848 3473 magnitudo
874 3389 967 3452 mimi
981 3403 1014 3452 et
1034 3389 1159 3453 samm

119 3473 234 3556 gloria·
246 3477 426 3560 placabilem
457 3499 526 3540 eum
549 3479 682 3541 mamma
702 3477 841 3540 iaciebat
852 3499 863 3556 ς
901 3487 1067 3556 notumque
1097 3484 1162 3538 erat
1269 3503 1273 3510 ·
1388 3503 1390 3510 ·

39 3631 45 3640 q
115 3562 270 3642 gentibus,
285 3565 336 3645 qui
357 3565 454 3626 victor
482 3565 533 3628 ille
558 3565 590 3627 in
612 3563 773 3648 Hispania,
795 3563 847 3644 qui
869 3563 979 3626 deinde
1000 3562 1032 3624 in
1056 3561 1161 3627 amca
1172 3583 1243 3637 rmus
1253 3583 1318 3634 nm.

117 3645 248 3711 otest:
270 3652 363 3713 etiarn
376 3651 461 3733 quod
474 3651 552 3714 filius
566 3650 631 3735 ejus
646 3663 753 3734 captus
775 3651 808 3712 in
822 3659 972 3731 potestate
992 3649 1072 3731 regis
1084 3659 1160 3712 erat.
1172 3650 1222 3700 ‘³¹²1
1232 3651 1307 3714 apri.

118 3729 150 3796 la
171 3735 235 3814 nbi,
256 3748 289 3799 et
310 3737 443 3820 quando,
465 3749 498 3800 et
522 3759 583 3819 quo
604 3759 676 3800 casu
704 3748 812 3819 captus
833 3737 884 3816 sit,
913 3737 994 3798 sicat
1018 3735 1160 3818 pleraque
1172 3716 1283 3777 ’ΝΜ

148 3865 174 3903 ⁹¹1
189 3865 218 3915 ld
233 3869 301 3917 multo
317 3885 382 3932 quon
401 3869 427 3916 dc
445 3868 519 3921 nauali
534 3869 624 3918 udaia
655 3867 705 3933 tur]
720 3865 788 3929 ota,
800 3867 880 3930 quibus
890 3865 945 3916 Salii
957 3865 1046 3915 Ancilla
1060 3866 1163 3915 ferentes

117 3931 191 3978 filiu
203 3932 270 3998 seit]
297 3934 394 4000 Supplet
418 3933 538 3998 Dujatiar,
560 3949 624 3995 quara
655 3935 788 3998 perndmn
805 3943 925 3982 amttam
943 3931 1047 3996 tripudiu
1061 3931 1162 3979 roleoni·

88 3991 452 4050 'mamistram
484 3999 626 4062 Sedelliprir
657 3999 809 4062 meabat.
851 3997 891 4046 De
911 3998 978 4048 Saliis
999 3996 1164 4048 aaaron

5 4061 22 4084 ⁸
118 4061 222 4127 proiecto
239 4067 372 4125 ertduricr,
389 4065 627 4128 quamuteacrrda·
657 4065 730 4114 rial.
741 4077 758 4113 1.
769 4063 842 4112 coll.
867 4059 1163 4126 Dia....religr'err'aditrr

121 4128 331 4208 moruti'rcluirsc
347 4129 448 4209 Livium.
481 4131 626 4195 Smpicamor
657 4140 711 4210 runt
729 4130 785 4187 dier,
801 4129 882 4190 quibus
901 4125 1096 4200 pertreligimem
1115 4139 1163 4175 rron

117 4190 455 4327 hadffdlaffirffimffiix,
469 4271 496 4308 a
515 4271 540 4309 e
557 4259 625 4309 unu
656 4195 893 4322 Ιωῗῐέωὲτῗιῗῇἀι
908 4257 964 4320 ,aar
976 4290 998 4306 ..
1009 4257 1077 4306 aaa
1092 4255 1161 4324 με]
1275 4297 1279 4306 ,

117 4336 205 4382 mara,
223 4330 308 4377 morbo:
336 4328 404 4390 idque
428 4325 552 4387 genuinum
576 4341 625 4374 erre
656 4323 717 4373 llaec
728 4325 810 4373 emam
821 4321 1162 4388 placerecidcnt,acrircrip-

118 4389 177 4438 Livii
199 4391 249 4440 Jre.
277 4391 406 4441 Gronovius
428 4393 534 4440 affirma
573 4391 625 4440 Noe
654 4390 721 4438 dart
738 4387 824 4454 lium,
844 4399 894 4439 tarn
910 4390 1164 4452 {dmm-mpro-

116 4452 570 4524 baudinnraguopoaimrrrdirmimioe.
656 4455 847 4518 nampulo...

149 4521 172 4558 ⁹³
193 4521 321 4592 illim...
336 4520 414 4586 cobus
433 4522 521 4572 mdia
541 4536 625 4570 novor·
761 4589 777 4636 ²

1173 3781 1326 3830 Antiochum.

1294 4123 1403 4192 ..r
