3026 5164
273 441 277 448 ,
346 382 406 436 4⁴0
765 371 848 430 TlTl
867 369 967 428 LIVII

182 539 218 591 U.
229 539 259 590 c.
270 540 326 591 568.
348 540 429 592 trum
441 529 547 596 decem
558 526 689 589 millibus
701 524 777 602 aris,
787 537 840 587 aut
850 545 888 585 eo
901 524 1173 606 pluris,renissent,
1184 521 1388 604 “utieaquo-

185 605 255 655 Μ·
267 607 321 656 ¹³⁴·
349 637 407 699 que
424 615 524 676 decies
536 625 550 652 ¹¹
567 625 654 678 tanto
670 613 773 694 pluris,
789 633 878 693 quam
896 612 1001 692 quanti
1017 622 1128 690 essent,
1143 611 1388 684 aestimarenttrr3

350 716 382 766 et
408 703 455 764 his
489 703 577 763 rebus
609 701 747 762 omnibus
774 699 851 760 berni
874 699 905 759 in
928 698 1023 759 millia
1043 699 1109 760 aris
1132 697 1389 760 adtribuerentur.

303 785 307 796 ¹
347 809 458 871 aquam
474 788 626 871 publicam
646 807 778 865 omnem,
805 787 837 847 in
857 786 1006 867 privatum
1031 784 1190 846 aedilicium
1214 795 1390 862 aut.agrom

347 877 505 952 fluentem,
530 875 729 949 ademerunt3
755 884 796 950 et,
814 893 878 953 quae
900 876 926 916 ⁶⁷
937 873 968 932 in
984 873 1053 932 loca
1067 872 1190 954 publica
1206 868 1390 931 inaedificata

348 961 525 1026 inmolitave
541 962 649 1042 privati
664 960 829 1037 habebant,
845 960 925 1020 intra
940 959 1005 1020 dies
1016 959 1144 1040 triginta
1152 956 1296 1018 demoliti
1311 966 1392 1014 sunt.

345 1049 453 1132 Opera
467 1047 576 1111 deinde
592 1047 733 1109 facienda
747 1067 786 1108 ex
800 1048 923 1108 decreta
930 1045 961 1106 in
973 1066 1041 1106 eam
1052 1067 1116 1106 rern
1127 1045 1263 1127 pecunia
1270 1053 1297 1120 ⁰,
1308 1043 1337 1080 ‘⁸
1348 1041 1391 1101 la·

348 1155 402 1198 cus
418 1134 596 1198 sternendos
612 1134 725 1217 lapide,
741 1131 1012 1214 detergendasque,
1026 1151 1087 1212 qua
1101 1153 1176 1214 opus
1197 1142 1295 1208 esset,
1308 1129 1391 1190 cloa-

348 1244 400 1284 cas
412 1245 422 1300 ;
449 1223 480 1283 in
503 1219 655 1283 Aventino
677 1232 709 1282 et
731 1220 762 1282 in
785 1221 850 1282 aliis
871 1220 1018 1302 partibus,
1043 1239 1103 1300 qua
1129 1218 1267 1280 nondum
1295 1226 1392 1290 erant,

348 1308 503 1371 faciendas
529 1309 712 1370 locaverunt.
755 1306 797 1369 Et
818 1307 980 1389 separatim
1010 1303 1136 1367 Flaccus
1163 1307 1191 1344 ⁶⁹
1207 1303 1324 1365 molem
1353 1301 1393 1362 ad

348 1393 518 1479 Neptunias
542 1415 646 1476 aquas,
671 1405 706 1456 ut
727 1394 785 1455 iter
800 1393 911 1478 populo
932 1407 1022 1471 esset,
1041 1403 1073 1454 et
1086 1393 1166 1452 viam
1182 1411 1238 1472 per
1252 1389 1393 1452 Formia-

349 1504 423 1544 num
435 1494 582 1544 montem.
627 1480 705 1543 Cato
721 1482 799 1543 atria
814 1481 885 1557 duo,
912 1477 1056 1541 Maenium
1081 1492 1114 1541 et
1135 1475 1256 1540 Titium
1279 1477 1313 1536 in
1329 1475 1392 1536 lau·

348 1570 465 1644 tumiis,
481 1580 512 1630 et
535 1579 664 1649 quatuor
685 1569 836 1644 tabemas,
863 1568 894 1628 in
917 1566 1070 1650 publicum
1098 1566 1192 1642 etpit3
1215 1563 1393 1624 basilicam·

349 1676 408 1736 que
423 1656 465 1716 ibi
481 1654 564 1731 fecit,
580 1675 646 1736 quae
662 1651 770 1716 Porcia
783 1653 935 1736 adpellata
954 1664 1010 1714 est.
1054 1651 1095 1713 Et
1118 1650 1285 1732 vectigalia
1310 1669 1394 1710 sum·

348 1744 406 1804 mis
421 1742 536 1825 pretiis,
550 1744 577 1788 ⁷⁰
589 1741 669 1803 ultro
685 1741 800 1804 tributa
815 1739 924 1802 infimis
939 1739 1122 1813 locavemnt.
1133 1759 1208 1822 quas
1221 1737 1394 1799 locationes

349 1845 442 1910 quum
458 1839 589 1906 senatus,
614 1829 752 1912 precibus
768 1839 800 1889 et
814 1827 944 1889 lacrimis
968 1827 1198 1909 publicanorum
1211 1824 1328 1900 victus,
1348 1823 1394 1883 in-

349 1915 418 1978 duci
434 1915 517 1976 etde
534 1915 652 1996 integro
668 1915 761 1976 locari
773 1913 912 1996 jussisset
921 1935 931 1991 3
957 1934 1108 1990 censores,
1124 1913 1226 1992 edicto
1243 1911 1394 1972 submotis

199 2034 203 2044 ·
256 2015 259 2021 “
349 2003 549 2082 abhasta,qui
561 2001 707 2063 ludificati
719 2001 850 2084 priorem
861 2000 1045 2062 locationem
1057 2011 1153 2076 erant,
1165 1999 1273 2061 omnia
1284 1997 1393 2058 eadem

348 2088 484 2172 paullum
507 2087 663 2150 inminutis
684 2089 789 2170 pretiis
810 2089 995 2149 locaverunt.
1038 2085 1164 2150 Nobilis·
1178 2105 1313 2146 censura
1327 2084 1394 2160 fuit,

349 2175 608 2258 simultatiumque
630 2175 739 2258 plena3
766 2195 831 2256 quae
852 2172 900 2236 M.
926 2173 1064 2236 Porcium
1093 2173 1153 2252 (cui
1179 2171 1334 2234 acerbitas
1357 2192 1394 2232 ea

348 2262 578 2343 adsignahatur)
606 2281 659 2342 per
675 2282 797 2324 omnem
812 2261 906 2322 vitam
920 2271 1129 2323 exercuerunt.
1174 2257 1298 2320 Eodem
1314 2278 1395 2318 anno

343 2349 473 2422 ¹colonias
496 2348 571 2426 dua,
596 2351 620 2394 ⁷¹
633 2347 799 2411 Potentiat’
823 2349 853 2409 in
877 2347 1031 2426 Picenum,
1057 2345 1214 2408 Pisaurum
1234 2346 1305 2406 ⁷²in
1321 2343 1396 2406 Gal·

320 2457 621 2525 ·aamoros.cm‚
693 2455 1077 2518 ⁰ap20unar.e.r.aa.saea.
1164 2435 1382 2502 renuissem.

378 2545 401 2581 ὅ
415 2545 455 2594 Uti
475 2563 501 2595 ea
523 2562 605 2609 anaqiss
627 2547 698 2594 decem
721 2555 782 2596 tarto
802 2547 854 2607 pla-
885 2545 995 2608 inditate]
1023 2544 1124 2613 AEdjficia
1146 2544 1233 2608 privata
1261 2545 1286 2591 iu
1318 2543 1398 2607 publi-

345 2612 387 2674 cis]
411 2612 473 2672 Lege
494 2625 546 2659 cum
568 2612 659 2672 Sigonio
679 2622 703 2658 et
726 2613 853 2673 Gronorio,
885 2615 1115 2674 cumprocurrentia,
1132 2611 1206 2673 qualia
1224 2621 1303 2658 cuent
1319 2611 1398 2674 podia,

347 2677 493 2725 &aaronem
527 2678 602 2724 Causa
620 2678 702 2724 erroris
720 2677 810 2724 ridetur
827 2695 854 2725 ca
885 2679 922 2724 det
943 2678 1034 2725 ὺαίοωιε.
1078 2680 1196 2732 Ceterum,
1223 2677 1282 2736 quod
1311 2677 1394 2723 discri-

347 2741 425 2798 fuisse,
447 2740 507 2802 {uod
528 2740 558 2787 rb
577 2743 644 2788 decies
668 2741 714 2788 sola
742 2745 854 2791 numerali
887 2757 940 2789 men
957 2741 1125 2810 signiticatiouis
1144 2742 1204 2788 Inter
1219 2727 1392 2802 rocoeisadg'i-

347 2805 440 2855 notaX
455 2807 480 2854 in
499 2805 560 2854 libris
581 2806 721 2867 designmum
742 2809 855 2870 reperire.
886 2817 969 2855 calcet
985 2810 1091 2855 imnwlita
1109 2808 1247 2854 statuendum
1269 2807 1309 2862 sit,
1324 2807 1391 2853 baud

347 2883 394 2927 tur,
414 2882 443 2918 ut
462 2881 498 2919 est
524 2872 547 2917 in
569 2869 696 2920 Victorino.
738 2872 855 2938 Mencipia
887 2888 941 2921 sane
952 2872 1035 2934 liquet:
1055 2874 1098 2920 uisi
1118 2874 1216 2921 dicemus
1229 2872 1334 2918 moliri
1353 2889 1395 2918 es·

347 2937 472 2999 antiquitus
482 2935 676 3000 adscribebantur,
687 2939 776 2986 censui.
809 2941 855 2987 Sed
887 2954 1012 3000 seeequte
1028 2951 1103 3003 coepta
1119 2939 1185 2994 strui,
1194 2937 1322 2998 beatificata
1341 2952 1396 2998 quse

242 3035 245 3044 .
285 3015 291 3026 ·
347 3001 392 3050 lroc
408 3015 493 3050 norum
513 3012 538 3050 et
554 3017 609 3050 sane
626 3017 701 3062 grave,
717 3005 776 3065 quod
792 3021 858 3059 man÷
888 3005 1079 3068 planeexstructa
1094 3015 1167 3052 erant.
1200 3001 1334 3049 Smererbi
1351 3018 1400 3049 aar·

347 3068 414 3130 cipis,
430 3085 481 3130 qua
501 3068 588 3115 minora
599 3068 663 3114 annis
680 3069 760 3128 viginti
779 3082 857 3134 empta
888 3071 926 3116 liri
944 3084 973 3116 ea
983 3070 1016 3116 vis
1031 3081 1077 3124 est,
1092 3084 1118 3117 ut
1133 3071 1234 3134 primum
1251 3068 1287 3114 rei
1306 3067 1399 3116 initium

347 3134 515 3181 essentdecem
534 3133 634 3180 millibus
644 3134 704 3189 seris,
714 3146 753 3181 aut
764 3148 794 3181 eo
805 3136 856 3199 plu·
886 3135 996 3195 designet.
1013 3134 1093 3197 Virgil.
1109 3137 1167 3196 AEp.
1190 3146 1237 3183 vit.
1254 3131 1335 3180 Moliri
1351 3135 1399 3196 ju

347 3197 388 3258 ris,
399 3197 475 3246 decies
486 3209 551 3245 tanto
569 3198 638 3261 pluris
649 3199 789 3247 mstimavere
799 3217 854 3250 cen·
888 3209 946 3248 tecto
955 3201 1022 3247 uidet.
1048 3253 1050 3259 Ι

349 3277 418 3320 soree,
440 3279 506 3325 quam
527 3263 605 3325 quanti
627 3275 705 3327 empta
728 3277 812 3322 essent,
832 3279 855 3315 et
919 3261 1062 3328 ⁶⁸'lacus]
1087 3263 1153 3312 Quos
1176 3263 1238 3310 Galli
1260 3262 1400 3327 appellemus

347 3338 426 3375 teruos
448 3331 471 3376 ia
490 3328 560 3376 millis
583 3329 634 3376 aru
648 3329 716 3392 pendi
730 3331 855 3393 jusserunt.
887 3329 1018 3386 abacistis,
1029 3332 1114 3378 tussim.

348 3394 432 3455 ltaque
450 3395 488 3457 qui
505 3394 584 3442 decem
597 3393 696 3441 millibus
713 3395 782 3458 hujus
799 3410 855 3445 ara·
918 3392 941 3431 ⁶2³
958 3392 1038 3442 Molem
1053 3397 1082 3442 ud
1100 3393 1224 3456 Neptunias
1238 3395 1324 3458 Aqua]
1340 3394 1402 3456 Nep·

347 3459 378 3506 tis
396 3459 534 3524 mancipium
550 3459 651 3518 emisset,
668 3461 792 3507 cicentum
804 3463 856 3510 mil·
889 3461 962 3506 tuntas
983 3462 1056 3521 Aptius
1084 3461 1159 3508 Marc.
1180 3461 1289 3507 Donatus
1314 3477 1401 3508 nomen

348 3523 409 3570 libus
426 3539 439 3587 a
460 3524 591 3572 censoribus
611 3524 666 3572 illud
686 3525 855 3576 estimabatur:
889 3538 940 3572 esse
959 3524 1145 3589 loci-existimet,
1167 3527 1205 3589 qui
1227 3526 1296 3575 hodie
1317 3529 1403 3576 dicitur

349 3605 376 3636 ac
393 3590 487 3652 proinde
506 3599 609 3637 trecenos
626 3589 677 3636 aeris
693 3593 766 3651 gravis
783 3591 856 3641 domi.
890 3587 995 3638 Narruua.

349 3670 394 3702 nus
420 3670 448 3701 eo
475 3655 567 3702 nomine
601 3657 700 3718 pendere
728 3659 857 3716 cogebatur.
921 3655 945 3691 ⁷⁰
959 3653 1125 3718 Ultrotrilutu]
1153 3656 1273 3721 lmpeusas
1293 3669 1317 3705 et
1333 3661 1401 3707 artri.

352 3721 464 3767 Censores
476 3723 516 3784 jus
534 3719 641 3767 habuisse
658 3721 783 3768 animandi
801 3726 859 3771 bons
889 3719 995 3768 bubones
1006 3737 1100 3784 operum
1122 3723 1266 3786 publicorum
1283 3725 1404 3773 faciendo·

351 3785 443 3841 civium,
465 3785 543 3847 quanti
568 3785 662 3840 vellent,
688 3786 734 3849 jam
759 3791 859 3837 ostendit
891 3799 951 3841 tum,
971 3796 997 3834 et
1017 3801 1127 3834 sartorum
1148 3795 1264 3841 tectorum
1289 3803 1403 3854 praestan-

350 3849 465 3907 Liriual.
479 3851 596 3898 tv.c.24.
630 3849 684 3897 Hoc
699 3851 774 3912 igitur
791 3857 860 3902 modo
891 3851 981 3908 dorum,
1013 3854 1155 3916 marcipihus
1170 3865 1194 3900 et
1216 3856 1404 3919 redemptoribus

352 3915 411 3961 Cato
435 3917 545 3962 luxuriam
574 3915 680 3976 castigare
708 3929 731 3962 et
755 3933 859 3969 coercere
891 3929 952 3964 tem
973 3920 1076 3965 mercede
1095 3919 1237 3966 locatorum:
1254 3936 1306 3982 quoe
1322 3923 1404 3985 prtu'n-

351 3995 467 4042 aggressus
485 3991 528 4036 est,
545 3995 575 4027 ne
593 3979 650 4042 quis,
665 3983 723 4043 quod
734 3981 783 4029 lieri
795 4001 858 4050 coep.
891 3982 919 4028 de
931 3998 944 4029 e
955 3997 980 4029 rc
992 3985 1041 4045 ejus
1053 3995 1087 4032 cst
1098 3985 1136 4046 qui
1147 3983 1207 4032 locat
1219 4000 1288 4048 quam
1306 3988 1406 4034 minimo

351 4056 401 4093 tura
422 4057 480 4104 erat,
498 4046 521 4093 in
541 4060 611 4101 veste,
627 4058 651 4092 et
671 4048 757 4092 mundo
776 4052 857 4098 ruulie.
891 4047 1056 4111 pretiolocare.

316 4106 320 4114 '
352 4110 395 4167 bri,
412 4123 435 4158 et
452 4111 573 4166 uehiculis,
589 4124 639 4158 tum
656 4112 754 4158 servitiis
774 4117 859 4164 teneris
923 4113 943 4148 ⁷¹
957 4112 1077 4176 Pollentia]
1097 4114 1151 4164 vid.
1174 4125 1224 4162 not.
1243 4117 1267 4164 3.
1290 4115 1318 4164 td
1339 4118 1404 4182 Epir.

351 4190 379 4223 ac
401 4175 505 4223 delicatis
526 4176 637 4223 habendis
653 4181 860 4243 comparandisque,
889 4176 958 4240 hujus
967 4178 1026 4225 libri.

351 4239 439 4286 civilem
463 4243 552 4288 modum
576 4255 599 4289 et
620 4242 772 4300 frugalitatem
794 4263 857 4308 egre.
921 4243 945 4279 7⁹
959 4244 989 4290 ln
1015 4243 1126 4291 Gallicum
1152 4241 1259 4309 agraria}
1293 4235 1416 4308 Intellige

351 4305 452 4350 deretur.
492 4307 580 4354 Decem
609 4305 679 4353 millia
710 4309 761 4354 aeris
789 4313 860 4373 gravis
892 4324 970 4368 agrum
987 4311 1046 4354 inter
1062 4307 1134 4356 AEsim
1152 4321 1176 4357 et
1193 4309 1337 4358 Rubiconem
1359 4315 1406 4360 nu-

351 4379 404 4414 sunt
416 4383 497 4419 marcae
512 4373 599 4432 argenti
618 4371 754 4419 parisienses
768 4377 803 4424 lb.
816 4394 859 4424 ua.
892 4375 993 4436 vios‚qui
1005 4389 1074 4434 quum
1085 4376 1139 4421 olim
1151 4375 1271 4422 Gallorum
1284 4377 1406 4425 Senonum

351 4433 426 4481 cies.
876 4440 983 4500 ·suissct,
1006 4455 1082 4502 postca
1100 4441 1127 4487 iis
1143 4441 1249 4506 expulsis,
1270 4442 1321 4504 lege
1353 4444 1406 4491 Fu-

289 4559 292 4564 ,
382 4495 404 4535 ⁶²
422 4495 450 4544 la
476 4499 522 4546 loen
545 4503 634 4563 pellica
660 4501 790 4566 incipiente
820 4507 861 4554 im·
893 4505 963 4553 minin
984 4505 1067 4569 populo
1087 4507 1170 4555 viritim
1192 4507 1339 4570 distributus,
1357 4509 1405 4570 egri
