3110 5204
510 353 588 413 mn.
601 353 746 414 XXXIV.
758 351 840 412 CAP.
853 352 894 414 11.
1145 363 1201 420 tae

155 504 285 586 quentia
309 505 468 570 mulierum
488 505 522 568 in
544 506 618 570 dies.
636 527 708 570 nam
730 507 823 570 stiam
837 527 875 570 ex
887 506 1197 589 .oppidis⁰eoncilia›
1212 521 1357 584 uetat.
1374 479 1377 486 ¹

150 589 292 672 bulisque
307 591 560 654 conveniebant
582 591 653 656 Jem
665 605 698 656 et
712 594 851 656 eonsules
864 603 1066 676 praetoresque
1077 607 1110 658 et
1121 595 1196 656 elios
1210 585 1280 638 Μ·
1295 583 1358 658 ¹9⁵⁴.

150 679 350 759 magistratus
363 677 449 742 adire
463 689 496 740 et
510 697 616 760 rogare
632 679 795 742 audebant.
812 693 947 742 ceterum
971 680 1097 742 minime
1120 701 1195 743 eros

150 764 280 827 rabilem
294 764 423 828 alterum
437 764 563 846 ⁷utique
578 765 736 828 consulem
751 763 800 829 M.
815 764 955 828 Porcium
970 763 1120 830 Catonem
1138 767 1194 829 ha·

150 849 278 928 bebsnt,
292 850 344 930 qui
359 873 415 933 pro
431 851 508 933 iege,
525 871 590 932 quae
605 851 820 933 abrogabatur,
835 853 881 914 ita
898 853 1061 915 disseruit:

195 934 236 998 11.
258 937 268 968 ‘
284 933 317 997 Si
330 935 362 998 in
373 957 429 1000 sua
438 937 565 1019 quisque
580 938 719 1000 nostrum
731 938 975 1018 matrefamilias,
989 938 1134 1018 Quirites,
1143 935 1194 1020 jur
1206 955 1288 1006 orario
1299 957 1348 1006 Ca·

149 1019 162 1054 ‘
178 1033 211 1084 et
225 1021 419 1104 majestatem
432 1023 488 1084 viri
503 1023 654 1086 ¹retinere
669 1023 861 1104 instituisset,
876 1025 976 1088 minus
990 1045 1061 1087 eum
1075 1026 1194 1088 unimr·
1207 1023 1267 1070 ¹0⁰¹·
1280 1023 1336 1072 ces.

62 1107 71 1120 “
149 1105 218 1170 ‘sia
241 1109 362 1172 feminis
387 1109 505 1190 negotii
528 1107 718 1172 haberemus.
752 1129 835 1172 nurse
858 1111 942 1174 dorni
966 1110 1049 1174 ricta
1074 1111 1195 1174 libertae
1206 1103 1247 1200 ¹5¹⁰
1258 1087 1307 1202 ζμ

149 1193 282 1256 ‘nostm
295 1195 468 1278 inpotentia
480 1195 633 1274 muliebri,
655 1196 705 1257 bio
727 1215 848 1278 quoque
869 1196 901 1257 in
916 1197 983 1259 soro
1003 1199 1151 1260 obteritur
1165 1209 1197 1260 et
1230 1167 1260 1217 ff

149 1279 160 1312 ‘
177 1281 334 1344 calcatur:
359 1295 400 1358 et,
416 1282 488 1364 quis
501 1281 636 1362 singulas
651 1280 797 1349 sustinere
812 1301 877 1342 non
891 1283 1057 1364 potuimus,
1077 1284 1197 1345 univer·

150 1361 227 1428 ‘sae
247 1367 416 1431 horremus.
457 1365 610 1449 Equidem
633 1367 765 1428 fabulam
782 1378 815 1428 et
836 1365 941 1428 fictum
962 1389 1028 1430 reru
1047 1369 1197 1430 ducebam

149 1452 256 1531 ‘esse,
279 1454 432 1515 ¹virorum
456 1473 547 1514 omne
570 1471 667 1534 genus
690 1453 722 1513 in
746 1452 849 1532 aliqua
866 1453 967 1514 insula
988 1452 1198 1534 conjuratione

149 1536 317 1600 ‘muliebri
332 1541 371 1600 ab
386 1539 479 1620 stirpe
492 1539 645 1602 sublatum
665 1559 740 1599 esse.
786 1542 813 1576 ¹⁰
824 1538 872 1599 Ab
888 1538 973 1600 nullo
987 1557 1098 1618 genere
1112 1560 1175 1600 non
1184 1551 1199 1578 ⁰

150 1623 333 1687 ‘summum
354 1625 521 1708 periculum
537 1636 595 1704 est,
617 1624 642 1686 si
665 1634 773 1701 coetus,
796 1636 829 1686 et
847 1623 987 1702 concilia,
1010 1635 1042 1684 et
1064 1636 1201 1686 secretus

155 1711 422 1774 ‘consmuuones
447 1731 514 1772 esse
539 1711 630 1773 sinas.
673 1709 775 1794 Atque
803 1731 862 1792 ego
883 1710 937 1772 vix
963 1721 1099 1772 statuere
1116 1711 1201 1792 apud

157 1794 170 1829 ‘
187 1798 320 1859 animum
334 1816 435 1860 meum
447 1817 585 1880 possum,
601 1807 702 1860 utrum
717 1794 804 1878 pejor
823 1796 889 1878 ipsa
903 1816 965 1874 res,
972 1816 1011 1858 an
1025 1795 1130 1878 pejore
1145 1816 1201 1857 ear·

158 1881 171 1913 ‘
186 1881 287 1964 emplo
300 1895 418 1965 agatur.
451 1883 589 1954 Quorum
604 1883 732 1944 alterum
742 1882 782 1943 ad
793 1903 849 1944 nos
860 1881 998 1944 eonsules
1009 1881 1205 1964 reliquosque

156 1965 390 2050 ‘magistratus,
415 1969 541 2031 alterurn
565 1967 606 2030 ad
628 1989 692 2046 vos,
715 1967 859 2046 Quirites,
879 1968 981 2048 magis
1001 1968 1169 2048 pertineret
1177 1965 1203 2029 ⁶.

156 2051 258 2116 ‘nam
280 2067 379 2119 utrum
395 2075 413 2116 e
427 2053 585 2136 republica
598 2056 650 2132 sit,
673 2073 783 2130 necne,
797 2054 841 2130 id,
860 2053 943 2134 quod
966 2053 1007 2114 ad
1030 2073 1083 2114 vos
1099 2052 1206 2130 fertur,

154 2137 283 2202 ‘vestra
297 2141 486 2203 existimatio
501 2152 559 2218 est,
582 2141 634 2220 qui
656 2141 688 2200 in
710 2140 886 2220 suffragium
908 2137 980 2200 ituri
1003 2138 1086 2200 estis.
1129 2135 1204 2200 Hae

153 2223 209 2264 ‘¹¹
224 2227 434 2289 consternatio
450 2225 616 2302 muliebris,
638 2225 700 2286 sive
724 2245 780 2286 sua
802 2234 922 2306 sponte,
944 2223 1007 2284 sive
1032 2223 1204 2284 auctoribus

154 2307 282 2388 ‘vobis,
305 2311 353 2374 M.
378 2309 516 2372 Fundani
532 2321 565 2371 et
579 2308 616 2372 L.
629 2307 743 2387 Valeri,
770 2309 854 2370 sacta
873 2319 929 2386 est,
954 2311 978 2348 ¹²
992 2309 1077 2384 haud
1089 2307 1205 2370 dubie¹

151 2393 164 2429 ‘
181 2399 224 2459 ad
238 2398 361 2479 eulpam
375 2396 608 2478 magistratuum
624 2394 790 2477 pertinens,
801 2393 906 2456 neseio
916 2393 1013 2472 vobis,
1028 2394 1152 2472 tribuni,
1167 2413 1208 2454 arr

149 2479 367 2559 ‘consulibus,
381 2481 480 2562 magis
502 2481 542 2543 sit
564 2480 720 2542 deformis.
735 2479 831 2556 vobis,
853 2479 878 2539 si
893 2479 1020 2540 feminas
1040 2479 1080 2540 ed
1099 2478 1204 2540 correi-

151 2566 292 2630 ‘tandas
308 2567 484 2630 tribunicias
504 2563 667 2628 seditiones
685 2563 753 2645 jam
778 2563 968 2627 adduxistis:
991 2565 1089 2641 nobis,
1110 2564 1146 2640 si,
1169 2574 1203 2625 ut

153 2651 285 2739 ‘piebis
298 2652 464 2734 quondam,
487 2652 531 2714 sic
553 2671 635 2712 nunc
655 2649 815 2712 mulierum
829 2649 1000 2712 secessione
1017 2649 1098 2731 leges
1120 2649 1202 2713 acci-

152 2737 167 2772 ‘
184 2735 305 2823 piendae
314 2749 396 2800 sunt.
428 2735 578 2819 &tudem
590 2757 653 2798 non
668 2735 735 2798 sine
744 2737 853 2798 rubore
867 2735 1000 2819 quodam
1012 2735 1115 2818 paullo
1130 2745 1202 2796 aute

154 2825 167 2858 ‘
186 2845 239 2908 per
254 2823 388 2886 medium
404 2844 513 2907 agmen
525 2822 683 2884 mulierum
699 2823 730 2884 in
750 2821 849 2884 iorum
861 2822 994 2902 perveni.
1039 2819 1131 2892 Quod
1143 2820 1201 2882 nisi

153 2910 166 2941 ‘
184 2929 234 2972 me
243 2910 424 2972 verecundia
434 2909 619 2990 singularum
631 2909 729 2989 magis
739 2906 906 2990 majestatis
917 2917 951 2968 et
964 2906 1100 2988 pudoris,
1111 2925 1202 2989 quam

154 2993 167 3028 ‘
184 2997 398 3074 universarum,
410 2996 566 3072 tenuisset,
574 3015 614 3057 ne
627 2997 652 3034 ¹³
662 2993 852 3075 compellatae
860 3013 880 3053 a
888 2992 1206 3069 consuleuiderentur,

156 3082 349 3146 ‘dixissemz
382 3081 442 3152 Qui
466 3081 516 3144 hie
539 3101 607 3144 mos
627 3091 675 3143 est
697 3079 730 3140 in
752 3079 907 3162 publicum
934 3078 1145 3162 procurrendi,
1170 3090 1216 3164 et

257 3245 270 3280 ¹¹
285 3253 425 3298 murram
436 3243 511 3294 Gran.
520 3243 589 3294 Creu.
619 3223 625 3230 ⁸
892 3247 903 3273 ⁰
918 3251 963 3287 nm
974 3255 1033 3302 eque
1042 3239 1108 3287 Ersd.

351 3311 364 3345 ‘¹
376 3313 472 3373 pertinet
481 3309 546 3357 Ereti.
832 3310 844 3336 θ
859 3303 924 3352 dubio
935 3303 1009 3353 Gron.

192 3463 448 3532 romanunque.
459 3473 507 3514 nor.
518 3465 546 3512 aa
558 3472 620 3512 xxv.
642 3461 666 3512 5.
696 3461 739 3509 ,sea
750 3447 819 3508 eitam
837 3459 908 3517 «ms,
922 3456 984 3524 quoa
1001 3459 1058 3507 aaa
1078 3473 1093 3507 ι
1110 3457 1209 3507 arruns

190 3531 204 3570 ⁷
221 3529 237 3560 ⁹
258 3529 348 3596 Utique]
365 3533 444 3592 Certe,
455 3525 577 3596 praecipue.
685 3526 813 3592 objicitur,
821 3526 915 3573 oratori.

190 3589 236 3629 Η
253 3593 356 3645 Retinere
372 3596 507 3659 instituisset]
530 3593 557 3642 ln
575 3607 604 3641 eo
621 3590 666 3657 pri·
733 3591 752 3623 ¹¹
770 3589 786 3618 '¹
805 3589 953 3637 Condematio
970 3587 1092 3652 muliebris]
1119 3585 1207 3650 Seditio

158 3676 224 3711 muru
294 3657 615 3724 heropramutretineret.
698 3655 883 3703 concurrentium
894 3654 1025 3703 munerum.
1040 3652 1209 3702 maneat.

191 3727 204 3762 ⁹
252 3727 335 3772 irarum
355 3741 415 3773 omre
431 3739 501 3790 genus
539 3717 666 3772 Mulierum
698 3720 845 3768 adasate.
1004 3725 1005 3728 ’

158 3789 307 3839 Lemnierum
318 3787 405 3838 facium
416 3787 531 3850 intelligit,
547 3803 598 3851 quae
609 3787 668 3834 viros
734 3785 754 3818 ¹¹
782 3780 851 3830 Haud
872 3779 947 3844 dubie]
980 3781 1018 3830 Sic
1038 3781 1108 3829 hebet
1130 3789 1210 3827 noster

161 3859 242 3903 omues
252 3855 425 3904 interfecerunt.
460 3853 670 3903 Reml'usenrrrat
701 3849 791 3898 Victor.
805 3861 850 3911 qno
859 3861 949 3895 rursum
960 3845 1083 3911 incipimus
1091 3845 1132 3891 uti.
1159 3841 1209 3890 'lo-

160 3917 215 3968 val.
224 3919 328 3978 Fleocru,
337 3920 422 3980 Argoa.
435 3918 451 3968 l.
463 3931 491 3966 rr.
702 3925 740 3962 tus
754 3915 816 3961 enim
834 3910 892 3960 iiber
911 3919 1030 3960 xnxrnss.
1048 3911 1073 3956 in
1088 3924 1118 3956 eo
1127 3905 1212 3956 deficit.

197 3983 221 4017 ¹⁰
230 3985 265 4031 At
274 3985 337 4033 netu
344 3999 476 4048 generenam
486 3997 544 4046 eque
552 3977 671 4046 nennium]
702 3979 741 4026 ste
761 3987 787 4026 et
808 3976 922 4036 Andreas,
943 3987 967 4022 et
987 3983 1071 4022 ceteroe
1092 3971 1213 4028 editiones,

161 4045 671 4114 Magisplaceretlegere,rublstanegariotre,
718 4055 786 4092 rerer
803 4038 966 4098 Gronouiinnr,
989 4039 1013 4085 in
1031 4035 1112 4100 quibus
1128 4035 1213 4096 legitur

160 4115 190 4162 ab
207 4113 269 4162 natu
284 4129 364 4178 genere
383 4127 442 4176 eque
458 4127 573 4168 arsamum,
588 4111 611 4157 id
627 4122 672 4169 est,
732 4107 847 4156 irridebis.
1179 4155 1182 4160 ,

163 4175 673 4294 tttttttttlttttltttt
704 4163 1215 4299 ..ttt..tu.²t“tf¹...⁰ttltttttt

167 4321 282 4359 muneret
293 4307 375 4369 oratio,
387 4323 459 4370 quum
469 4322 536 4370 supra
550 4315 629 4366 egetur
644 4305 673 4352 de
706 4303 858 4365 quatiamur
868 4309 931 4345 eene
939 4309 968 4342 eo
976 4297 1046 4341 modo
1056 4294 1213 4364 quipudorem‘
1263 4309 1267 4318 ·

164 4376 237 4424 atroci
248 4373 349 4423 facinore
360 4371 475 4420 staminis
483 4381 580 4434 patrato,
588 4379 612 4417 et
624 4383 674 4416 ma-
706 4367 805 4427 rliquem
817 4362 912 4410 incutiat
922 4359 945 4408 el
956 4373 1024 4421 quem
1038 4359 1212 4421 compellamus:

164 4440 288 4506 museus
296 4448 356 4489 esset
364 4435 456 4496 Οιῐοηί,
464 4450 510 4485 non
521 4435 594 4484 solum
606 4434 676 4498 gravi,
708 4429 730 4480 tt
742 4429 802 4495 quod
813 4427 903 4477 Galliae
913 4424 1008 4474 dicium
1017 4423 1159 4488 aputropber.
