3026 5164
349 323 410 395 mu
692 309 709 364 ·'
771 321 855 386 uiri
876 321 978 386 trun

187 483 331 549 πᾶν).
356 486 468 550 auxilia
493 491 705 560 contruxerat3
736 482 791 542 sed
812 495 1005 562 nequaquam
1026 495 1154 540 numero
1174 477 1312 540 militurn
1330 479 1402 540 bv

188 554 265 615 Ν·
278 558 332 613 ¹⁸¹⁴·
354 586 419 636 tem
448 571 604 654 equabatr·
655 567 910 649 Principio-veris
935 565 1102 627 exereitum
1127 565 1159 624 iu
1185 561 1398 645 carpetania

356 658 453 734 duxit,
468 667 500 718 et
520 665 622 716 eastra
643 653 755 714 lora-vit
779 653 817 714 ad
835 652 983 734 oppidum
997 648 1158 726 AEbururu,
1178 650 1308 710 modioo
1329 669 1404 730 pr:-

356 743 435 804 sidio
456 741 487 802 in
511 742 584 802 urbe
607 741 719 822 posito.
777 737 886 800 Paucis
907 749 977 822 post
1003 735 1109 798 diebus
1123 735 1288 812 Celtiberi,
1310 734 1404 797 mitti·

358 826 626 901 tentassemus,
648 826 704 886 sub
725 825 804 886 solie
819 835 984 906 posuerunt
1005 833 1114 884 cestra.
1135 841 1211 904 quos
1226 823 1281 882 ubi
1298 821 1405 899 adesse
1504 839 1505 866 ³

356 923 467 998 proetor
493 907 650 973 Romanus
676 910 780 989 sensit,
807 909 854 971 M.
878 906 1014 972 brivium
1039 909 1162 970 fratrem
1189 927 1262 969 euru
1287 907 1407 968 duabu

257 1030 261 1036 ·
357 999 464 1060 turmis
483 998 633 1059 sociorum
648 998 784 1078 equitum
805 997 844 1057 ad
859 1007 960 1057 cestra
973 995 1107 1056 bostium
1133 994 1327 1077 speculatum
1350 993 1407 1054 rui·

357 1085 409 1163 sit,
425 1102 515 1164 quam
539 1082 677 1166 proxime
700 1083 861 1144 subsedere
884 1082 923 1143 sd
939 1081 1050 1142 vellum
1068 1079 1197 1161 jussum,
1221 1091 1261 1142 ut
1284 1080 1408 1158 viseret,

358 1183 473 1252 quanta
487 1179 607 1247 esseut3
637 1187 740 1250 pugna
761 1169 936 1245 abstineret,
952 1168 1158 1249 reciperetque
1180 1185 1259 1241 sese,
1284 1166 1310 1226 si
1332 1167 1405 1228 bos-

357 1256 434 1318 tium
449 1256 618 1336 equitatum
633 1265 793 1316 exeuntem
808 1255 942 1316 vidisset.
998 1251 1059 1330 Ita,
1071 1265 1107 1314 ut
1120 1265 1311 1334 praeceptum
1327 1265 1405 1328 erar,

357 1341 441 1403 feeit.
500 1339 557 1402 Per
581 1341 645 1402 dies
672 1341 787 1421 aiiquot
812 1341 889 1401 nihil
918 1339 999 1401 ultra
1022 1349 1150 1416 motum,
1175 1357 1270 1419 quens
1298 1350 1336 1399 ut
1360 1339 1406 1399 be

358 1427 425 1488 due
444 1439 551 1489 turmas
573 1427 823 1488 ostenderentur:
851 1427 922 1488 dein
946 1425 1193 1502 subducerentur,
1207 1425 1263 1485 ubi
1285 1425 1404 1504 equita·

357 1525 407 1575 tus
426 1514 559 1573 hostium
579 1513 687 1572 castris
701 1513 959 1594 procucurrissent
966 1521 989 1572 ¹.
1045 1509 1223 1574 Postremo²
1244 1507 1405 1588 Ceitiberi,

356 1599 498 1659 omnibus
524 1597 613 1659 sinrui
636 1597 776 1679 peditum
799 1597 995 1678 equitumque
1020 1596 1117 1678 copiis
1146 1597 1255 1658 eastris
1278 1597 1406 1678 egressi,

355 1684 424 1744 urie
444 1684 560 1745 directa
581 1683 685 1744 medio
708 1683 802 1744 ierme
820 1684 920 1764 spatio
937 1684 1021 1744 inter
1036 1683 1111 1744 bina
1133 1693 1234 1744 ossus
1254 1682 1405 1744 constite-

356 1779 437 1830 runt.
482 1767 616 1851 Campus
637 1782 705 1831 erat
725 1769 833 1851 planus
856 1768 957 1830 omnis
981 1779 1013 1829 et
1036 1779 1125 1850 aputu
1146 1787 1261 1849 pugnas.
1277 1768 1321 1828 ibi
1336 1781 1402 1830 ate·

355 1863 421 1915 tere
437 1851 567 1936 Hispani
589 1855 707 1916 bostem
732 1865 952 1936 exspectantes.
1007 1853 1166 1915 Romanus
1188 1854 1269 1916 iutra
1287 1854 1402 1916 vadium

355 1957 429 2001 suos
454 1940 604 2003 wntirruit
632 1959 685 2022 per
715 1941 909 2021 quatriduum
935 1940 1134 2001 continuum:
1164 1953 1198 2002 et
1222 1940 1268 2000 ilii
1291 1941 1402 2002 eodem

357 2025 427 2086 ioco
445 2026 543 2087 aoiem
564 2027 743 2088 instructam
763 2037 934 2088 tenuerunt
991 2025 1041 2086 Ab
1065 2024 1214 2090 Romanis
1234 2026 1311 2087 nihii
1333 2047 1399 2088 uro·

356 2121 434 2173 tum.
459 2112 530 2173 inde
553 2113 692 2192 quievere
712 2113 744 2173 in
769 2113 875 2174 castris
901 2111 1056 2190 Celtiberi,
1082 2111 1155 2192 quia
1179 2131 1290 2193 pugna
1309 2113 1399 2193 copia

356 2215 419 2260 uon
441 2197 554 2260 fiebat:
582 2199 697 2279 equites
720 2209 842 2261 teritum
864 2199 897 2259 iu
920 2199 1082 2260 stationem
1104 2199 1351 2279 egrediebantur,
1362 2209 1401 2261 ut

355 2284 456 2366 parati
480 2294 589 2362 essent,
612 2285 636 2345 si
660 2285 732 2365 quid
747 2286 785 2346 ab
800 2286 888 2348 hosta
911 2297 1089 2346 moveretur.
1109 2303 1191 2366 pone
1211 2295 1312 2346 eastra
1325 2286 1401 2346 utri·

354 2388 417 2450 que
427 2371 605 2452 pabulatum
620 2381 652 2432 et
666 2371 815 2452 lignatum
829 2371 928 2446 ibunt,
942 2370 1042 2432 neutri
1059 2370 1170 2432 alteros
1186 2371 1389 2452 inpeditum

405 2453 524 2517 XXXI.
556 2455 669 2519 Praetor
694 2453 863 2535 Romanus,
891 2457 944 2518 ubi
968 2457 1042 2518 satis
1072 2468 1121 2518 tot
1151 2457 1268 2518 dierum
1298 2459 1404 2538 quiete

354 2541 486 2602 eredidit
506 2561 590 2624 spem
614 2543 728 2604 fartum
749 2543 842 2620 hosti,
864 2543 940 2604 nihii
966 2563 998 2604 se
1021 2542 1153 2624 priorem
1178 2554 1344 2620 moturum,
1364 2541 1400 2604 [ι.

352 2625 487 2688 -Aeilium
502 2647 573 2688 eum
588 2627 637 2688 ala
651 2628 774 2690 sinistra
794 2639 827 2690 et
849 2649 904 2689 sex
918 2629 1052 2690 millibus
1066 2629 1292 2711 provintialium
1307 2629 1397 2690 auxi*

355 2711 465 2774 liorum
481 2714 640 2775 circumire
659 2725 798 2775 montem
817 2713 917 2794 jubet,
932 2715 982 2798 qui
1004 2716 1043 2776 ab
1058 2727 1141 2796 tergo
1154 2714 1288 2774 bostibus
1302 2725 1393 2794 erest

217 2827 236 2844 ν
355 2798 438 2877 inde,
463 2800 515 2860 ubi
541 2795 703 2861 elamorem
729 2800 873 2878 audisset,
898 2801 1058 2862 decurrere
1089 2801 1128 2862 sd
1151 2811 1246 2861 essue
1272 2817 1394 2862 aarum.

356 2895 448 2946 noete
465 2886 593 2967 profecti
615 2897 750 2963 sununs
765 2897 891 2968 possent
910 2887 1056 2968 conspici.
1104 2885 1225 2948 Fiaoasu
1243 2885 1315 2947 iuoe
1330 2887 1398 2968 pri-

289 2975 291 2978 ’
355 2989 409 3032 ms
432 2969 471 3033 C.
490 2969 695 3051 Scribonium,
716 2973 893 3054 prefectum
916 2974 1044 3049 socium,
1068 2973 1110 3034 ad
1131 2971 1242 3036 vadium
1262 2972 1398 3036 bostium

354 3061 451 3118 ⁴cum
480 3059 633 3138 equitibus
664 3060 907 3120 extraordinariis
935 3060 1064 3121 sinistrae
1098 3059 1155 3120 alas
1187 3057 1294 3120 mittit.
1323 3076 1401 3138 quos

354 3143 407 3203 ubi
432 3154 464 3204 et
476 3145 599 3226 propius
621 3145 777 3222 accedere,
797 3157 830 3206 et
848 3146 958 3227 plures,
974 3165 1073 3226 quam¹
1086 3145 1169 3208 soliti
1189 3156 1289 3221 eraut,
1303 3143 1399 3208 cetu·

355 3229 419 3289 beri
447 3242 678 3312 conspexerunt,
700 3231 798 3292 omnis
824 3233 976 3312 equitatus
1004 3231 1171 3293 effunditur
1196 3231 1324 3292 castris:
1356 3231 1399 3291 si·

355 3314 419 3374 mul
440 3326 472 3376 et
494 3316 646 3396 peditibus
671 3317 790 3398 signum
811 3315 851 3378 ad
867 3315 1038 3378 exeundum
1054 3317 1155 3379 datur.
1215 3314 1399 3394 Scribonius,

353 3400 400 3462 uti
424 3411 606 3482 prereptus
626 3415 703 3480 erat,
723 3403 774 3464 ubi
794 3403 926 3485 primum
947 3402 1125 3464 ⁵freraitum
1145 3403 1332 3483 equestrium
1346 3421 1399 3463 su-

352 3484 441 3563 dirit,
456 3488 565 3548 auertit
585 3506 688 3570 equos,
712 3501 746 3550 et
764 3499 867 3549 eastra
885 3489 1004 3570 repetit.
1024 3509 1064 3549 eo
1084 3489 1208 3550 effusius
1223 3489 1309 3569 sequi
1325 3489 1397 3549 hos·

353 3581 411 3638 ¹tes.
426 3573 534 3654 'primo
552 3575 678 3654 equites,
697 3592 770 3636 mox
794 3585 826 3636 et
849 3573 985 3657 peditum
1009 3575 1090 3636 acies
1109 3575 1227 3653 aderat,
1243 3572 1326 3636 haud
1341 3574 1396 3636 du·

353 3645 405 3724 bia
419 3678 484 3738 spe,
504 3661 629 3720 “eastra
646 3681 683 3722 eo
697 3659 747 3722 die
766 3681 800 3722 sa
817 3661 1055 3743 obpugnaturus.
1082 3661 1266 3742 quingentos
1282 3681 1399 3742 pasus,

353 3756 414 3802 non
427 3744 506 3824 plus,
522 3745 633 3806 avallo
650 3747 785 3807 aberant.
830 3745 949 3828 Itaque,
964 3747 1015 3808 ubi
1031 3746 1156 3808 bisaeus
1171 3748 1246 3808 satis
1261 3749 1400 3810 obem
1504 3767 1505 3778 ¹

353 3836 402 3914 tus
426 3849 477 3890 eos
499 3849 517 3892 a
537 3829 676 3913 presidio
700 3845 868 3894 castrorum
884 3849 1006 3896 suorum
1021 3843 1102 3895 ratus
1117 3843 1174 3913 est,
1187 3833 1270 3895 intro
1283 3834 1397 3896 vallum
1504 3893 1505 3936 ἶ

587 3987 596 4012 ⁸
602 3983 743 4042 praeterisset
755 3981 830 4032 Gron.
839 3981 910 4032 Crsr.
945 4051 948 4055 Ι
986 3980 1159 4032 tueatur.

359 4103 363 4112 '
383 4099 464 4154 *Cum
481 4107 587 4170 equitibus
599 4113 777 4160 trimodinuris's
791 4115 854 4163 susis·
887 4107 921 4164 bil
946 4116 1092 4165 mutandum.
1142 4111 1270 4178 Hueuque
1295 4127 1401 4180 ΡΨΙ

352 4171 452 4232 trenta]
475 4171 623 4224 viduetur
635 4176 650 4224 1.
662 4189 781 4228 nuuc.
794 4181 832 4230 12.
888 4190 977 4228 tantum
994 4181 1056 4230 inter
1075 4181 1128 4229 bura
1149 4191 1223 4228 ossus
1242 4189 1401 4244 speram

407 4225 528 4286 Fremitum
547 4242 689 4306 equestrium]
720 4241 781 4306 Lege
802 4259 856 4292 cum
889 4243 982 4294 'Nunc
1001 4245 1082 4295 cresoit
1095 4245 1141 4293 iliis
1159 4245 1262 4302 andreia,
1280 4256 1304 4292 et
1322 4255 1400 4293 erm

353 4289 470 4348 Grorotio
483 4301 604 4366 frameam
621 4316 752 4368 sperarem·-
774 4324 854 4370 quem·
888 4325 980 4374 quoque
992 4311 1095 4362 uorum
1114 4327 1140 4360 κ
1157 4321 1331 4376 Wim
1343 4322 1399 4374 'P'

353 4359 475 4422 qdmodum
487 4367 538 4416 alibi
547 4369 642 4429 preosda
651 4373 763 4432 equestris.
887 4387 950 4427 rant.

375 4421 392 4459 '⁶
405 4423 481 4476 Castra
497 4446 521 4479 so
537 4433 573 4480 dis
588 4445 609 4484 ts
617 4435 789 4505 oppugnaturos]
808 4433 855 4486 Ni-
